,timestamp,ticker,price,volume,bid_ask
0,2018-12-17 14:38:07,CVX,113.23,17,BID
1,2018-12-17 14:38:03,CVX,113.22,2,BID
2,2018-12-17 14:38:03,CVX,113.21,1,BID
3,2018-12-17 14:37:54,CVX,113.2,22,BID
4,2018-12-17 14:37:51,CVX,113.19,9,BID
5,2018-12-17 14:38:07,CVX,113.26,1,ASK
6,2018-12-17 14:38:07,CVX,113.27,1,ASK
7,2018-12-17 14:38:05,CVX,113.28,3,ASK
8,2018-12-17 14:38:04,CVX,113.29,16,ASK
9,2018-12-17 14:37:42,CVX,113.3,5,ASK
10,2018-12-17 14:38:07,CVX,113.23,16,BID
11,2018-12-17 14:38:03,CVX,113.22,2,BID
12,2018-12-17 14:38:03,CVX,113.21,1,BID
13,2018-12-17 14:37:54,CVX,113.2,22,BID
14,2018-12-17 14:37:51,CVX,113.19,9,BID
15,2018-12-17 14:38:07,CVX,113.26,1,ASK
16,2018-12-17 14:38:07,CVX,113.27,3,ASK
17,2018-12-17 14:38:05,CVX,113.28,3,ASK
18,2018-12-17 14:38:04,CVX,113.29,16,ASK
19,2018-12-17 14:37:42,CVX,113.3,5,ASK
20,2018-12-17 14:38:09,CVX,113.23,17,BID
21,2018-12-17 14:38:03,CVX,113.22,2,BID
22,2018-12-17 14:38:03,CVX,113.21,1,BID
23,2018-12-17 14:37:54,CVX,113.2,22,BID
24,2018-12-17 14:37:51,CVX,113.19,9,BID
25,2018-12-17 14:38:08,CVX,113.27,5,ASK
26,2018-12-17 14:38:05,CVX,113.28,3,ASK
27,2018-12-17 14:38:04,CVX,113.29,16,ASK
28,2018-12-17 14:37:42,CVX,113.3,5,ASK
29,2018-12-17 14:37:32,CVX,113.31,8,ASK
30,2018-12-17 14:38:09,CVX,113.23,17,BID
31,2018-12-17 14:38:03,CVX,113.22,2,BID
32,2018-12-17 14:38:03,CVX,113.21,1,BID
33,2018-12-17 14:37:54,CVX,113.2,22,BID
34,2018-12-17 14:37:51,CVX,113.19,9,BID
35,2018-12-17 14:38:09,CVX,113.27,5,ASK
36,2018-12-17 14:38:05,CVX,113.28,3,ASK
37,2018-12-17 14:38:04,CVX,113.29,16,ASK
38,2018-12-17 14:37:42,CVX,113.3,5,ASK
39,2018-12-17 14:37:32,CVX,113.31,8,ASK
40,2018-12-17 14:38:09,CVX,113.23,17,BID
41,2018-12-17 14:38:03,CVX,113.22,2,BID
42,2018-12-17 14:38:03,CVX,113.21,1,BID
43,2018-12-17 14:37:54,CVX,113.2,22,BID
44,2018-12-17 14:37:51,CVX,113.19,9,BID
45,2018-12-17 14:38:09,CVX,113.27,5,ASK
46,2018-12-17 14:38:05,CVX,113.28,3,ASK
47,2018-12-17 14:38:04,CVX,113.29,16,ASK
48,2018-12-17 14:37:42,CVX,113.3,5,ASK
49,2018-12-17 14:37:32,CVX,113.31,8,ASK
50,2018-12-17 14:38:12,CVX,113.26,3,BID
51,2018-12-17 14:38:12,CVX,113.25,3,BID
52,2018-12-17 14:38:11,CVX,113.24,2,BID
53,2018-12-17 14:38:09,CVX,113.23,19,BID
54,2018-12-17 14:38:03,CVX,113.22,2,BID
55,2018-12-17 14:38:12,CVX,113.29,7,ASK
56,2018-12-17 14:37:42,CVX,113.3,5,ASK
57,2018-12-17 14:37:32,CVX,113.31,8,ASK
58,2018-12-17 14:37:32,CVX,113.32,15,ASK
59,2018-12-17 14:37:32,CVX,113.33,14,ASK
60,2018-12-17 14:38:13,CVX,113.27,11,BID
61,2018-12-17 14:38:12,CVX,113.26,10,BID
62,2018-12-17 14:38:12,CVX,113.25,3,BID
63,2018-12-17 14:38:11,CVX,113.24,2,BID
64,2018-12-17 14:38:09,CVX,113.23,19,BID
65,2018-12-17 14:38:13,CVX,113.3,4,ASK
66,2018-12-17 14:37:32,CVX,113.31,8,ASK
67,2018-12-17 14:37:32,CVX,113.32,15,ASK
68,2018-12-17 14:37:32,CVX,113.33,14,ASK
69,2018-12-17 14:37:27,CVX,113.34,7,ASK
70,2018-12-17 14:38:13,CVX,113.27,11,BID
71,2018-12-17 14:38:12,CVX,113.26,10,BID
72,2018-12-17 14:38:12,CVX,113.25,3,BID
73,2018-12-17 14:38:11,CVX,113.24,2,BID
74,2018-12-17 14:38:09,CVX,113.23,19,BID
75,2018-12-17 14:38:13,CVX,113.3,4,ASK
76,2018-12-17 14:37:32,CVX,113.31,8,ASK
77,2018-12-17 14:37:32,CVX,113.32,15,ASK
78,2018-12-17 14:37:32,CVX,113.33,14,ASK
79,2018-12-17 14:37:27,CVX,113.34,7,ASK
80,2018-12-17 14:38:15,CVX,113.27,3,BID
81,2018-12-17 14:38:12,CVX,113.26,10,BID
82,2018-12-17 14:38:12,CVX,113.25,3,BID
83,2018-12-17 14:38:11,CVX,113.24,2,BID
84,2018-12-17 14:38:09,CVX,113.23,19,BID
85,2018-12-17 14:38:15,CVX,113.3,5,ASK
86,2018-12-17 14:37:32,CVX,113.31,8,ASK
87,2018-12-17 14:37:32,CVX,113.32,15,ASK
88,2018-12-17 14:37:32,CVX,113.33,14,ASK
89,2018-12-17 14:37:27,CVX,113.34,7,ASK
90,2018-12-17 14:38:15,CVX,113.27,11,BID
91,2018-12-17 14:38:12,CVX,113.26,10,BID
92,2018-12-17 14:38:12,CVX,113.25,3,BID
93,2018-12-17 14:38:11,CVX,113.24,2,BID
94,2018-12-17 14:38:09,CVX,113.23,19,BID
95,2018-12-17 14:38:15,CVX,113.3,5,ASK
96,2018-12-17 14:37:32,CVX,113.31,8,ASK
97,2018-12-17 14:37:32,CVX,113.32,15,ASK
98,2018-12-17 14:37:32,CVX,113.33,14,ASK
99,2018-12-17 14:37:27,CVX,113.34,7,ASK
100,2018-12-17 14:38:16,CVX,113.28,2,BID
101,2018-12-17 14:38:15,CVX,113.27,11,BID
102,2018-12-17 14:38:12,CVX,113.26,10,BID
103,2018-12-17 14:38:12,CVX,113.25,3,BID
104,2018-12-17 14:38:11,CVX,113.24,2,BID
105,2018-12-17 14:38:16,CVX,113.3,5,ASK
106,2018-12-17 14:37:32,CVX,113.31,8,ASK
107,2018-12-17 14:37:32,CVX,113.32,15,ASK
108,2018-12-17 14:37:32,CVX,113.33,14,ASK
109,2018-12-17 14:37:27,CVX,113.34,7,ASK
110,2018-12-17 14:38:16,CVX,113.28,3,BID
111,2018-12-17 14:38:15,CVX,113.27,11,BID
112,2018-12-17 14:38:12,CVX,113.26,10,BID
113,2018-12-17 14:38:12,CVX,113.25,3,BID
114,2018-12-17 14:38:11,CVX,113.24,2,BID
115,2018-12-17 14:38:16,CVX,113.3,5,ASK
116,2018-12-17 14:37:32,CVX,113.31,8,ASK
117,2018-12-17 14:37:32,CVX,113.32,15,ASK
118,2018-12-17 14:37:32,CVX,113.33,14,ASK
119,2018-12-17 14:37:27,CVX,113.34,7,ASK
120,2018-12-17 14:38:18,CVX,113.27,12,BID
121,2018-12-17 14:38:12,CVX,113.26,10,BID
122,2018-12-17 14:38:12,CVX,113.25,3,BID
123,2018-12-17 14:38:11,CVX,113.24,2,BID
124,2018-12-17 14:38:09,CVX,113.23,19,BID
125,2018-12-17 14:38:18,CVX,113.29,2,ASK
126,2018-12-17 14:38:16,CVX,113.3,5,ASK
127,2018-12-17 14:37:32,CVX,113.31,8,ASK
128,2018-12-17 14:37:32,CVX,113.32,15,ASK
129,2018-12-17 14:37:32,CVX,113.33,14,ASK
130,2018-12-17 14:38:19,CVX,113.25,10,BID
131,2018-12-17 14:38:11,CVX,113.24,2,BID
132,2018-12-17 14:38:09,CVX,113.23,19,BID
133,2018-12-17 14:38:03,CVX,113.22,2,BID
134,2018-12-17 14:38:03,CVX,113.21,1,BID
135,2018-12-17 14:38:19,CVX,113.28,9,ASK
136,2018-12-17 14:38:19,CVX,113.29,3,ASK
137,2018-12-17 14:38:16,CVX,113.3,5,ASK
138,2018-12-17 14:37:32,CVX,113.31,8,ASK
139,2018-12-17 14:37:32,CVX,113.32,15,ASK
140,2018-12-17 14:38:20,CVX,113.21,3,BID
141,2018-12-17 14:37:54,CVX,113.2,22,BID
142,2018-12-17 14:37:51,CVX,113.19,9,BID
143,2018-12-17 09:33:23,CVX,113.18,2,BID
144,2018-12-17 09:33:02,CVX,113.15,17,BID
145,2018-12-17 14:38:19,CVX,113.26,5,ASK
146,2018-12-17 14:38:19,CVX,113.27,3,ASK
147,2018-12-17 14:38:19,CVX,113.28,19,ASK
148,2018-12-17 14:38:19,CVX,113.29,3,ASK
149,2018-12-17 14:38:16,CVX,113.3,5,ASK
150,2018-12-17 14:38:22,CVX,113.2,22,BID
151,2018-12-17 14:37:51,CVX,113.19,9,BID
152,2018-12-17 09:33:23,CVX,113.18,2,BID
153,2018-12-17 09:33:02,CVX,113.15,17,BID
154,2018-12-17 14:38:22,CVX,113.24,2,ASK
155,2018-12-17 14:38:20,CVX,113.25,3,ASK
156,2018-12-17 14:38:20,CVX,113.26,13,ASK
157,2018-12-17 14:38:19,CVX,113.27,3,ASK
158,2018-12-17 14:38:19,CVX,113.28,19,ASK
159,2018-12-17 14:38:22,CVX,113.2,22,BID
160,2018-12-17 14:37:51,CVX,113.19,9,BID
161,2018-12-17 09:33:23,CVX,113.18,2,BID
162,2018-12-17 09:33:02,CVX,113.15,17,BID
163,2018-12-17 14:38:23,CVX,113.24,2,ASK
164,2018-12-17 14:38:20,CVX,113.25,3,ASK
165,2018-12-17 14:38:20,CVX,113.26,13,ASK
166,2018-12-17 14:38:19,CVX,113.27,3,ASK
167,2018-12-17 14:38:19,CVX,113.28,19,ASK
168,2018-12-17 14:38:22,CVX,113.2,22,BID
169,2018-12-17 14:37:51,CVX,113.19,9,BID
170,2018-12-17 09:33:23,CVX,113.18,2,BID
171,2018-12-17 09:33:02,CVX,113.15,17,BID
172,2018-12-17 14:38:23,CVX,113.24,3,ASK
173,2018-12-17 14:38:20,CVX,113.25,3,ASK
174,2018-12-17 14:38:20,CVX,113.26,13,ASK
175,2018-12-17 14:38:19,CVX,113.27,3,ASK
176,2018-12-17 14:38:19,CVX,113.28,19,ASK
177,2018-12-17 14:38:22,CVX,113.2,22,BID
178,2018-12-17 14:37:51,CVX,113.19,9,BID
179,2018-12-17 09:33:23,CVX,113.18,2,BID
180,2018-12-17 09:33:02,CVX,113.15,17,BID
181,2018-12-17 14:38:24,CVX,113.24,3,ASK
182,2018-12-17 14:38:20,CVX,113.25,3,ASK
183,2018-12-17 14:38:20,CVX,113.26,13,ASK
184,2018-12-17 14:38:19,CVX,113.27,3,ASK
185,2018-12-17 14:38:19,CVX,113.28,19,ASK
186,2018-12-17 14:38:22,CVX,113.2,22,BID
187,2018-12-17 14:37:51,CVX,113.19,9,BID
188,2018-12-17 09:33:23,CVX,113.18,2,BID
189,2018-12-17 09:33:02,CVX,113.15,17,BID
190,2018-12-17 14:38:24,CVX,113.24,3,ASK
191,2018-12-17 14:38:20,CVX,113.25,3,ASK
192,2018-12-17 14:38:20,CVX,113.26,13,ASK
193,2018-12-17 14:38:19,CVX,113.27,3,ASK
194,2018-12-17 14:38:19,CVX,113.28,19,ASK
195,2018-12-17 14:38:22,CVX,113.2,22,BID
196,2018-12-17 14:37:51,CVX,113.19,9,BID
197,2018-12-17 09:33:23,CVX,113.18,2,BID
198,2018-12-17 09:33:02,CVX,113.15,17,BID
199,2018-12-17 14:38:24,CVX,113.24,3,ASK
200,2018-12-17 14:38:20,CVX,113.25,3,ASK
201,2018-12-17 14:38:20,CVX,113.26,13,ASK
202,2018-12-17 14:38:19,CVX,113.27,3,ASK
203,2018-12-17 14:38:19,CVX,113.28,19,ASK
204,2018-12-17 14:38:28,CVX,113.19,10,BID
205,2018-12-17 09:33:23,CVX,113.18,2,BID
206,2018-12-17 09:33:02,CVX,113.15,17,BID
207,2018-12-17 14:38:28,CVX,113.22,2,ASK
208,2018-12-17 14:38:28,CVX,113.23,8,ASK
209,2018-12-17 14:38:27,CVX,113.24,19,ASK
210,2018-12-17 14:38:20,CVX,113.25,3,ASK
211,2018-12-17 14:38:20,CVX,113.26,13,ASK
212,2018-12-17 14:38:29,CVX,113.19,11,BID
213,2018-12-17 09:33:23,CVX,113.18,2,BID
214,2018-12-17 09:33:02,CVX,113.15,17,BID
215,2018-12-17 14:38:28,CVX,113.23,9,ASK
216,2018-12-17 14:38:27,CVX,113.24,19,ASK
217,2018-12-17 14:38:20,CVX,113.25,3,ASK
218,2018-12-17 14:38:20,CVX,113.26,13,ASK
219,2018-12-17 14:38:19,CVX,113.27,3,ASK
220,2018-12-17 14:38:30,CVX,113.19,11,BID
221,2018-12-17 09:33:23,CVX,113.18,2,BID
222,2018-12-17 09:33:02,CVX,113.15,17,BID
223,2018-12-17 14:38:30,CVX,113.23,5,ASK
224,2018-12-17 14:38:27,CVX,113.24,19,ASK
225,2018-12-17 14:38:20,CVX,113.25,3,ASK
226,2018-12-17 14:38:20,CVX,113.26,13,ASK
227,2018-12-17 14:38:19,CVX,113.27,3,ASK
228,2018-12-17 14:38:31,CVX,113.19,12,BID
229,2018-12-17 09:33:23,CVX,113.18,2,BID
230,2018-12-17 09:33:02,CVX,113.15,17,BID
231,2018-12-17 14:38:31,CVX,113.22,2,ASK
232,2018-12-17 14:38:30,CVX,113.23,11,ASK
233,2018-12-17 14:38:27,CVX,113.24,19,ASK
234,2018-12-17 14:38:20,CVX,113.25,3,ASK
235,2018-12-17 14:38:20,CVX,113.26,13,ASK
236,2018-12-17 14:38:32,CVX,113.19,1,BID
237,2018-12-17 14:38:32,CVX,113.18,3,BID
238,2018-12-17 09:33:02,CVX,113.15,17,BID
239,2018-12-17 14:38:32,CVX,113.2,3,ASK
240,2018-12-17 14:38:31,CVX,113.22,3,ASK
241,2018-12-17 14:38:30,CVX,113.23,11,ASK
242,2018-12-17 14:38:27,CVX,113.24,19,ASK
243,2018-12-17 14:38:20,CVX,113.25,3,ASK
244,2018-12-17 14:38:33,CVX,113.19,2,BID
245,2018-12-17 14:38:32,CVX,113.18,3,BID
246,2018-12-17 09:33:02,CVX,113.15,17,BID
247,2018-12-17 14:38:33,CVX,113.22,13,ASK
248,2018-12-17 14:38:30,CVX,113.23,11,ASK
249,2018-12-17 14:38:27,CVX,113.24,19,ASK
250,2018-12-17 14:38:20,CVX,113.25,3,ASK
251,2018-12-17 14:38:20,CVX,113.26,13,ASK
252,2018-12-17 14:38:33,CVX,113.19,2,BID
253,2018-12-17 14:38:32,CVX,113.18,3,BID
254,2018-12-17 09:33:02,CVX,113.15,17,BID
255,2018-12-17 14:38:33,CVX,113.22,13,ASK
256,2018-12-17 14:38:30,CVX,113.23,11,ASK
257,2018-12-17 14:38:27,CVX,113.24,19,ASK
258,2018-12-17 14:38:20,CVX,113.25,3,ASK
259,2018-12-17 14:38:20,CVX,113.26,13,ASK
260,2018-12-17 14:38:33,CVX,113.19,2,BID
261,2018-12-17 14:38:32,CVX,113.18,3,BID
262,2018-12-17 09:33:02,CVX,113.15,17,BID
263,2018-12-17 14:38:35,CVX,113.22,14,ASK
264,2018-12-17 14:38:30,CVX,113.23,11,ASK
265,2018-12-17 14:38:27,CVX,113.24,19,ASK
266,2018-12-17 14:38:20,CVX,113.25,3,ASK
267,2018-12-17 14:38:20,CVX,113.26,13,ASK
268,2018-12-17 14:38:36,CVX,113.19,4,BID
269,2018-12-17 14:38:32,CVX,113.18,3,BID
270,2018-12-17 09:33:02,CVX,113.15,17,BID
271,2018-12-17 14:38:36,CVX,113.23,10,ASK
272,2018-12-17 14:38:27,CVX,113.24,19,ASK
273,2018-12-17 14:38:20,CVX,113.25,3,ASK
274,2018-12-17 14:38:20,CVX,113.26,13,ASK
275,2018-12-17 14:38:19,CVX,113.27,3,ASK
276,2018-12-17 14:38:37,CVX,113.19,3,BID
277,2018-12-17 14:38:32,CVX,113.18,3,BID
278,2018-12-17 09:33:02,CVX,113.15,17,BID
279,2018-12-17 14:38:37,CVX,113.23,10,ASK
280,2018-12-17 14:38:27,CVX,113.24,19,ASK
281,2018-12-17 14:38:20,CVX,113.25,3,ASK
282,2018-12-17 14:38:20,CVX,113.26,13,ASK
283,2018-12-17 14:38:19,CVX,113.27,3,ASK
284,2018-12-17 14:38:37,CVX,113.19,21,BID
285,2018-12-17 14:38:32,CVX,113.18,3,BID
286,2018-12-17 09:33:02,CVX,113.15,17,BID
287,2018-12-17 14:38:37,CVX,113.24,18,ASK
288,2018-12-17 14:38:20,CVX,113.25,3,ASK
289,2018-12-17 14:38:20,CVX,113.26,13,ASK
290,2018-12-17 14:38:19,CVX,113.27,3,ASK
291,2018-12-17 14:38:19,CVX,113.28,19,ASK
292,2018-12-17 14:38:39,CVX,113.19,11,BID
293,2018-12-17 14:38:32,CVX,113.18,3,BID
294,2018-12-17 09:33:02,CVX,113.15,17,BID
295,2018-12-17 14:38:37,CVX,113.24,19,ASK
296,2018-12-17 14:38:20,CVX,113.25,3,ASK
297,2018-12-17 14:38:20,CVX,113.26,13,ASK
298,2018-12-17 14:38:19,CVX,113.27,3,ASK
299,2018-12-17 14:38:19,CVX,113.28,19,ASK
300,2018-12-17 14:38:39,CVX,113.19,11,BID
301,2018-12-17 14:38:32,CVX,113.18,3,BID
302,2018-12-17 09:33:02,CVX,113.15,17,BID
303,2018-12-17 14:38:37,CVX,113.24,19,ASK
304,2018-12-17 14:38:20,CVX,113.25,3,ASK
305,2018-12-17 14:38:20,CVX,113.26,13,ASK
306,2018-12-17 14:38:19,CVX,113.27,3,ASK
307,2018-12-17 14:38:19,CVX,113.28,19,ASK
308,2018-12-17 14:38:40,CVX,113.19,11,BID
309,2018-12-17 14:38:32,CVX,113.18,3,BID
310,2018-12-17 09:33:02,CVX,113.15,17,BID
311,2018-12-17 14:38:41,CVX,113.23,2,ASK
312,2018-12-17 14:38:37,CVX,113.24,23,ASK
313,2018-12-17 14:38:20,CVX,113.25,3,ASK
314,2018-12-17 14:38:20,CVX,113.26,13,ASK
315,2018-12-17 14:38:19,CVX,113.27,3,ASK
316,2018-12-17 14:38:41,CVX,113.19,11,BID
317,2018-12-17 14:38:32,CVX,113.18,3,BID
318,2018-12-17 09:33:02,CVX,113.15,17,BID
319,2018-12-17 14:38:41,CVX,113.22,1,ASK
320,2018-12-17 14:38:41,CVX,113.23,2,ASK
321,2018-12-17 14:38:37,CVX,113.24,23,ASK
322,2018-12-17 14:38:20,CVX,113.25,3,ASK
323,2018-12-17 14:38:20,CVX,113.26,13,ASK
324,2018-12-17 14:38:43,CVX,113.19,20,BID
325,2018-12-17 14:38:32,CVX,113.18,3,BID
326,2018-12-17 09:33:02,CVX,113.15,17,BID
327,2018-12-17 14:38:37,CVX,113.24,22,ASK
328,2018-12-17 14:38:20,CVX,113.25,3,ASK
329,2018-12-17 14:38:20,CVX,113.26,13,ASK
330,2018-12-17 14:38:19,CVX,113.27,3,ASK
331,2018-12-17 14:38:19,CVX,113.28,19,ASK
332,2018-12-17 14:38:44,CVX,113.23,4,BID
333,2018-12-17 14:38:43,CVX,113.22,10,BID
334,2018-12-17 14:38:43,CVX,113.21,5,BID
335,2018-12-17 14:38:43,CVX,113.2,2,BID
336,2018-12-17 14:38:43,CVX,113.19,22,BID
337,2018-12-17 14:38:44,CVX,113.25,3,ASK
338,2018-12-17 14:38:44,CVX,113.26,16,ASK
339,2018-12-17 14:38:19,CVX,113.27,3,ASK
340,2018-12-17 14:38:19,CVX,113.28,19,ASK
341,2018-12-17 14:38:19,CVX,113.29,3,ASK
342,2018-12-17 14:38:45,CVX,113.21,15,BID
343,2018-12-17 14:38:43,CVX,113.2,2,BID
344,2018-12-17 14:38:43,CVX,113.19,22,BID
345,2018-12-17 14:38:32,CVX,113.18,3,BID
346,2018-12-17 09:33:02,CVX,113.15,17,BID
347,2018-12-17 14:38:45,CVX,113.24,1,ASK
348,2018-12-17 14:38:45,CVX,113.25,4,ASK
349,2018-12-17 14:38:44,CVX,113.26,16,ASK
350,2018-12-17 14:38:19,CVX,113.27,3,ASK
351,2018-12-17 14:38:19,CVX,113.28,19,ASK
352,2018-12-17 14:38:45,CVX,113.21,15,BID
353,2018-12-17 14:38:43,CVX,113.2,2,BID
354,2018-12-17 14:38:41,CVX,113.19,22,BID
355,2018-12-17 14:38:32,CVX,113.18,3,BID
356,2018-12-17 09:33:02,CVX,113.15,17,BID
357,2018-12-17 14:38:45,CVX,113.25,5,ASK
358,2018-12-17 14:38:44,CVX,113.26,16,ASK
359,2018-12-17 14:38:19,CVX,113.27,3,ASK
360,2018-12-17 14:38:19,CVX,113.28,19,ASK
361,2018-12-17 14:38:18,CVX,113.29,3,ASK
362,2018-12-17 14:38:45,CVX,113.21,15,BID
363,2018-12-17 14:38:43,CVX,113.2,2,BID
364,2018-12-17 14:38:41,CVX,113.19,22,BID
365,2018-12-17 14:38:32,CVX,113.18,3,BID
366,2018-12-17 09:33:02,CVX,113.15,17,BID
367,2018-12-17 14:38:45,CVX,113.25,5,ASK
368,2018-12-17 14:38:44,CVX,113.26,16,ASK
369,2018-12-17 14:38:19,CVX,113.27,3,ASK
370,2018-12-17 14:38:19,CVX,113.28,19,ASK
371,2018-12-17 14:38:18,CVX,113.29,3,ASK
372,2018-12-17 14:38:45,CVX,113.21,15,BID
373,2018-12-17 14:38:43,CVX,113.2,2,BID
374,2018-12-17 14:38:41,CVX,113.19,22,BID
375,2018-12-17 14:38:32,CVX,113.18,3,BID
376,2018-12-17 09:33:02,CVX,113.15,17,BID
377,2018-12-17 14:38:45,CVX,113.25,5,ASK
378,2018-12-17 14:38:44,CVX,113.26,16,ASK
379,2018-12-17 14:38:19,CVX,113.27,3,ASK
380,2018-12-17 14:38:19,CVX,113.28,19,ASK
381,2018-12-17 14:38:18,CVX,113.29,3,ASK
382,2018-12-17 14:38:45,CVX,113.21,15,BID
383,2018-12-17 14:38:43,CVX,113.2,2,BID
384,2018-12-17 14:38:41,CVX,113.19,22,BID
385,2018-12-17 14:38:32,CVX,113.18,3,BID
386,2018-12-17 09:33:02,CVX,113.15,17,BID
387,2018-12-17 14:38:45,CVX,113.25,5,ASK
388,2018-12-17 14:38:44,CVX,113.26,16,ASK
389,2018-12-17 14:38:19,CVX,113.27,3,ASK
390,2018-12-17 14:38:19,CVX,113.28,19,ASK
391,2018-12-17 14:38:18,CVX,113.29,3,ASK
392,2018-12-17 14:38:45,CVX,113.21,15,BID
393,2018-12-17 14:38:43,CVX,113.2,2,BID
394,2018-12-17 14:38:41,CVX,113.19,22,BID
395,2018-12-17 14:38:32,CVX,113.18,3,BID
396,2018-12-17 09:33:02,CVX,113.15,17,BID
397,2018-12-17 14:38:45,CVX,113.25,5,ASK
398,2018-12-17 14:38:44,CVX,113.26,16,ASK
399,2018-12-17 14:38:19,CVX,113.27,3,ASK
400,2018-12-17 14:38:19,CVX,113.28,19,ASK
401,2018-12-17 14:38:18,CVX,113.29,3,ASK
402,2018-12-17 14:38:50,CVX,113.23,1,BID
403,2018-12-17 14:38:50,CVX,113.22,2,BID
404,2018-12-17 14:38:50,CVX,113.21,23,BID
405,2018-12-17 14:38:43,CVX,113.2,2,BID
406,2018-12-17 14:38:41,CVX,113.19,22,BID
407,2018-12-17 14:38:50,CVX,113.25,5,ASK
408,2018-12-17 14:38:44,CVX,113.26,16,ASK
409,2018-12-17 14:38:19,CVX,113.27,3,ASK
410,2018-12-17 14:38:19,CVX,113.28,19,ASK
411,2018-12-17 14:38:18,CVX,113.29,3,ASK
412,2018-12-17 14:38:52,CVX,113.28,1,BID
413,2018-12-17 14:38:51,CVX,113.26,5,BID
414,2018-12-17 14:38:51,CVX,113.25,1,BID
415,2018-12-17 14:38:51,CVX,113.24,2,BID
416,2018-12-17 14:38:51,CVX,113.23,2,BID
417,2018-12-17 14:38:51,CVX,113.3,19,ASK
418,2018-12-17 14:37:32,CVX,113.31,8,ASK
419,2018-12-17 14:37:32,CVX,113.32,15,ASK
420,2018-12-17 14:37:32,CVX,113.33,14,ASK
421,2018-12-17 14:37:27,CVX,113.34,7,ASK
422,2018-12-17 14:38:52,CVX,113.28,1,BID
423,2018-12-17 14:38:51,CVX,113.26,5,BID
424,2018-12-17 14:38:51,CVX,113.25,1,BID
425,2018-12-17 14:38:51,CVX,113.24,2,BID
426,2018-12-17 14:38:51,CVX,113.23,2,BID
427,2018-12-17 14:38:51,CVX,113.3,19,ASK
428,2018-12-17 14:37:32,CVX,113.31,8,ASK
429,2018-12-17 14:37:32,CVX,113.32,15,ASK
430,2018-12-17 14:37:32,CVX,113.33,14,ASK
431,2018-12-17 14:37:27,CVX,113.34,7,ASK
432,2018-12-17 14:38:52,CVX,113.28,1,BID
433,2018-12-17 14:38:51,CVX,113.26,5,BID
434,2018-12-17 14:38:51,CVX,113.25,1,BID
435,2018-12-17 14:38:51,CVX,113.24,2,BID
436,2018-12-17 14:38:51,CVX,113.23,2,BID
437,2018-12-17 14:38:51,CVX,113.3,19,ASK
438,2018-12-17 14:37:32,CVX,113.31,8,ASK
439,2018-12-17 14:37:32,CVX,113.32,15,ASK
440,2018-12-17 14:37:32,CVX,113.33,14,ASK
441,2018-12-17 14:37:27,CVX,113.34,7,ASK
442,2018-12-17 14:38:52,CVX,113.28,1,BID
443,2018-12-17 14:38:51,CVX,113.26,5,BID
444,2018-12-17 14:38:51,CVX,113.25,1,BID
445,2018-12-17 14:38:51,CVX,113.24,2,BID
446,2018-12-17 14:38:51,CVX,113.23,2,BID
447,2018-12-17 14:38:51,CVX,113.3,19,ASK
448,2018-12-17 14:37:32,CVX,113.31,8,ASK
449,2018-12-17 14:37:32,CVX,113.32,15,ASK
450,2018-12-17 14:37:32,CVX,113.33,14,ASK
451,2018-12-17 14:37:27,CVX,113.34,7,ASK
452,2018-12-17 14:38:56,CVX,113.29,3,BID
453,2018-12-17 14:38:55,CVX,113.28,2,BID
454,2018-12-17 14:38:51,CVX,113.26,5,BID
455,2018-12-17 14:38:51,CVX,113.25,1,BID
456,2018-12-17 14:38:51,CVX,113.24,2,BID
457,2018-12-17 14:37:27,CVX,113.34,8,ASK
458,2018-12-17 14:37:27,CVX,113.35,6,ASK
459,2018-12-17 14:36:51,CVX,113.36,14,ASK
460,2018-12-17 14:36:50,CVX,113.37,12,ASK
461,2018-12-17 14:36:47,CVX,113.38,18,ASK
462,2018-12-17 14:38:57,CVX,113.29,4,BID
463,2018-12-17 14:38:55,CVX,113.28,2,BID
464,2018-12-17 14:38:51,CVX,113.26,5,BID
465,2018-12-17 14:38:51,CVX,113.25,1,BID
466,2018-12-17 14:38:51,CVX,113.24,2,BID
467,2018-12-17 14:38:57,CVX,113.34,12,ASK
468,2018-12-17 14:37:27,CVX,113.35,6,ASK
469,2018-12-17 14:36:51,CVX,113.36,14,ASK
470,2018-12-17 14:36:50,CVX,113.37,12,ASK
471,2018-12-17 14:36:47,CVX,113.38,18,ASK
472,2018-12-17 14:38:58,CVX,113.3,1,BID
473,2018-12-17 14:38:57,CVX,113.29,4,BID
474,2018-12-17 14:38:55,CVX,113.28,2,BID
475,2018-12-17 14:38:51,CVX,113.26,5,BID
476,2018-12-17 14:38:51,CVX,113.25,1,BID
477,2018-12-17 14:38:58,CVX,113.34,12,ASK
478,2018-12-17 14:37:27,CVX,113.35,6,ASK
479,2018-12-17 14:36:51,CVX,113.36,14,ASK
480,2018-12-17 14:36:50,CVX,113.37,12,ASK
481,2018-12-17 14:36:47,CVX,113.38,18,ASK
482,2018-12-17 14:38:57,CVX,113.29,4,BID
483,2018-12-17 14:38:55,CVX,113.28,2,BID
484,2018-12-17 14:38:51,CVX,113.26,5,BID
485,2018-12-17 14:38:51,CVX,113.25,1,BID
486,2018-12-17 14:38:51,CVX,113.24,2,BID
487,2018-12-17 14:38:58,CVX,113.32,1,ASK
488,2018-12-17 14:38:58,CVX,113.33,3,ASK
489,2018-12-17 14:38:58,CVX,113.34,19,ASK
490,2018-12-17 14:37:27,CVX,113.35,6,ASK
491,2018-12-17 14:36:51,CVX,113.36,14,ASK
492,2018-12-17 14:38:57,CVX,113.29,4,BID
493,2018-12-17 14:38:55,CVX,113.28,2,BID
494,2018-12-17 14:38:51,CVX,113.26,5,BID
495,2018-12-17 14:38:51,CVX,113.25,1,BID
496,2018-12-17 14:38:51,CVX,113.24,2,BID
497,2018-12-17 14:39:00,CVX,113.32,1,ASK
498,2018-12-17 14:38:58,CVX,113.33,3,ASK
499,2018-12-17 14:38:58,CVX,113.34,19,ASK
500,2018-12-17 14:37:27,CVX,113.35,6,ASK
501,2018-12-17 14:36:51,CVX,113.36,14,ASK
502,2018-12-17 14:39:01,CVX,113.28,4,BID
503,2018-12-17 14:38:51,CVX,113.26,5,BID
504,2018-12-17 14:38:51,CVX,113.25,1,BID
505,2018-12-17 14:38:51,CVX,113.24,2,BID
506,2018-12-17 14:38:51,CVX,113.23,2,BID
507,2018-12-17 14:39:01,CVX,113.32,3,ASK
508,2018-12-17 14:38:58,CVX,113.33,3,ASK
509,2018-12-17 14:38:58,CVX,113.34,19,ASK
510,2018-12-17 14:37:27,CVX,113.35,6,ASK
511,2018-12-17 14:36:51,CVX,113.36,14,ASK
512,2018-12-17 14:39:02,CVX,113.29,1,BID
513,2018-12-17 14:39:01,CVX,113.28,3,BID
514,2018-12-17 14:38:51,CVX,113.26,5,BID
515,2018-12-17 14:38:51,CVX,113.25,1,BID
516,2018-12-17 14:38:51,CVX,113.24,2,BID
517,2018-12-17 14:39:01,CVX,113.32,4,ASK
518,2018-12-17 14:38:58,CVX,113.33,3,ASK
519,2018-12-17 14:38:58,CVX,113.34,19,ASK
520,2018-12-17 14:37:27,CVX,113.35,6,ASK
521,2018-12-17 14:36:51,CVX,113.36,14,ASK
522,2018-12-17 14:39:02,CVX,113.29,1,BID
523,2018-12-17 14:39:02,CVX,113.28,3,BID
524,2018-12-17 14:38:51,CVX,113.26,5,BID
525,2018-12-17 14:38:51,CVX,113.25,1,BID
526,2018-12-17 14:38:51,CVX,113.24,2,BID
527,2018-12-17 14:39:02,CVX,113.31,4,ASK
528,2018-12-17 14:39:02,CVX,113.32,6,ASK
529,2018-12-17 14:38:58,CVX,113.33,3,ASK
530,2018-12-17 14:38:58,CVX,113.34,19,ASK
531,2018-12-17 14:37:27,CVX,113.35,6,ASK
532,2018-12-17 14:39:04,CVX,113.3,13,BID
533,2018-12-17 14:39:02,CVX,113.29,1,BID
534,2018-12-17 14:39:02,CVX,113.28,3,BID
535,2018-12-17 14:38:51,CVX,113.26,5,BID
536,2018-12-17 14:38:51,CVX,113.25,1,BID
537,2018-12-17 14:39:04,CVX,113.34,2,ASK
538,2018-12-17 14:39:04,CVX,113.35,6,ASK
539,2018-12-17 14:36:51,CVX,113.36,14,ASK
540,2018-12-17 14:36:50,CVX,113.37,12,ASK
541,2018-12-17 14:36:47,CVX,113.38,18,ASK
542,2018-12-17 14:39:05,CVX,113.3,13,BID
543,2018-12-17 14:39:02,CVX,113.29,1,BID
544,2018-12-17 14:39:02,CVX,113.28,3,BID
545,2018-12-17 14:38:51,CVX,113.26,5,BID
546,2018-12-17 14:38:51,CVX,113.25,1,BID
547,2018-12-17 14:39:04,CVX,113.34,8,ASK
548,2018-12-17 14:39:04,CVX,113.35,6,ASK
549,2018-12-17 14:36:51,CVX,113.36,14,ASK
550,2018-12-17 14:36:50,CVX,113.37,12,ASK
551,2018-12-17 14:36:47,CVX,113.38,18,ASK
552,2018-12-17 14:39:06,CVX,113.3,13,BID
553,2018-12-17 14:39:02,CVX,113.29,1,BID
554,2018-12-17 14:39:02,CVX,113.28,3,BID
555,2018-12-17 14:38:51,CVX,113.26,5,BID
556,2018-12-17 14:38:51,CVX,113.25,1,BID
557,2018-12-17 14:39:06,CVX,113.34,15,ASK
558,2018-12-17 14:39:04,CVX,113.35,6,ASK
559,2018-12-17 14:36:51,CVX,113.36,14,ASK
560,2018-12-17 14:36:50,CVX,113.37,12,ASK
561,2018-12-17 14:36:47,CVX,113.38,18,ASK
562,2018-12-17 14:39:06,CVX,113.3,13,BID
563,2018-12-17 14:39:02,CVX,113.29,1,BID
564,2018-12-17 14:39:02,CVX,113.28,3,BID
565,2018-12-17 14:38:51,CVX,113.26,5,BID
566,2018-12-17 14:38:51,CVX,113.25,1,BID
567,2018-12-17 14:39:06,CVX,113.34,11,ASK
568,2018-12-17 14:39:04,CVX,113.35,6,ASK
569,2018-12-17 14:36:51,CVX,113.36,14,ASK
570,2018-12-17 14:36:50,CVX,113.37,12,ASK
571,2018-12-17 14:36:47,CVX,113.38,18,ASK
572,2018-12-17 14:39:08,CVX,113.3,11,BID
573,2018-12-17 14:39:02,CVX,113.29,1,BID
574,2018-12-17 14:39:02,CVX,113.28,3,BID
575,2018-12-17 14:38:51,CVX,113.26,5,BID
576,2018-12-17 14:38:51,CVX,113.25,1,BID
577,2018-12-17 14:39:08,CVX,113.34,2,ASK
578,2018-12-17 14:39:08,CVX,113.35,3,ASK
579,2018-12-17 14:36:51,CVX,113.36,14,ASK
580,2018-12-17 14:36:50,CVX,113.37,12,ASK
581,2018-12-17 14:36:47,CVX,113.38,18,ASK
582,2018-12-17 14:39:08,CVX,113.3,11,BID
583,2018-12-17 14:39:02,CVX,113.29,1,BID
584,2018-12-17 14:39:02,CVX,113.28,3,BID
585,2018-12-17 14:38:51,CVX,113.26,5,BID
586,2018-12-17 14:38:51,CVX,113.25,1,BID
587,2018-12-17 14:39:08,CVX,113.34,2,ASK
588,2018-12-17 14:39:08,CVX,113.35,3,ASK
589,2018-12-17 14:36:51,CVX,113.36,14,ASK
590,2018-12-17 14:36:50,CVX,113.37,12,ASK
591,2018-12-17 14:36:47,CVX,113.38,18,ASK
592,2018-12-17 14:39:10,CVX,113.31,7,BID
593,2018-12-17 14:39:08,CVX,113.3,12,BID
594,2018-12-17 14:39:02,CVX,113.29,1,BID
595,2018-12-17 14:39:02,CVX,113.28,3,BID
596,2018-12-17 14:38:51,CVX,113.26,5,BID
597,2018-12-17 14:39:10,CVX,113.33,2,ASK
598,2018-12-17 14:39:09,CVX,113.34,1,ASK
599,2018-12-17 14:39:09,CVX,113.35,5,ASK
600,2018-12-17 14:36:51,CVX,113.36,14,ASK
601,2018-12-17 14:36:50,CVX,113.37,12,ASK
602,2018-12-17 14:39:10,CVX,113.31,7,BID
603,2018-12-17 14:39:08,CVX,113.3,12,BID
604,2018-12-17 14:39:02,CVX,113.29,1,BID
605,2018-12-17 14:39:02,CVX,113.28,3,BID
606,2018-12-17 14:38:51,CVX,113.26,5,BID
607,2018-12-17 14:39:10,CVX,113.33,2,ASK
608,2018-12-17 14:39:09,CVX,113.34,1,ASK
609,2018-12-17 14:39:09,CVX,113.35,5,ASK
610,2018-12-17 14:36:51,CVX,113.36,14,ASK
611,2018-12-17 14:36:50,CVX,113.37,12,ASK
612,2018-12-17 14:39:10,CVX,113.31,7,BID
613,2018-12-17 14:39:08,CVX,113.3,12,BID
614,2018-12-17 14:39:02,CVX,113.29,1,BID
615,2018-12-17 14:39:02,CVX,113.28,3,BID
616,2018-12-17 14:38:51,CVX,113.26,5,BID
617,2018-12-17 14:39:10,CVX,113.33,2,ASK
618,2018-12-17 14:39:09,CVX,113.34,1,ASK
619,2018-12-17 14:39:09,CVX,113.35,5,ASK
620,2018-12-17 14:36:51,CVX,113.36,14,ASK
621,2018-12-17 14:36:50,CVX,113.37,12,ASK
622,2018-12-17 14:39:12,CVX,113.3,10,BID
623,2018-12-17 14:39:02,CVX,113.29,1,BID
624,2018-12-17 14:39:02,CVX,113.28,3,BID
625,2018-12-17 14:38:51,CVX,113.26,5,BID
626,2018-12-17 14:38:51,CVX,113.25,1,BID
627,2018-12-17 14:39:12,CVX,113.32,15,ASK
628,2018-12-17 14:39:10,CVX,113.33,2,ASK
629,2018-12-17 14:39:09,CVX,113.34,1,ASK
630,2018-12-17 14:39:09,CVX,113.35,5,ASK
631,2018-12-17 14:36:51,CVX,113.36,14,ASK
632,2018-12-17 14:39:13,CVX,113.3,10,BID
633,2018-12-17 14:39:02,CVX,113.29,1,BID
634,2018-12-17 14:39:02,CVX,113.28,3,BID
635,2018-12-17 14:38:51,CVX,113.26,5,BID
636,2018-12-17 14:38:51,CVX,113.25,1,BID
637,2018-12-17 14:39:13,CVX,113.31,1,ASK
638,2018-12-17 14:39:13,CVX,113.32,15,ASK
639,2018-12-17 14:39:10,CVX,113.33,2,ASK
640,2018-12-17 14:39:09,CVX,113.34,1,ASK
641,2018-12-17 14:39:09,CVX,113.35,5,ASK
642,2018-12-17 14:39:15,CVX,113.28,3,BID
643,2018-12-17 14:38:51,CVX,113.26,5,BID
644,2018-12-17 14:38:51,CVX,113.25,1,BID
645,2018-12-17 14:38:51,CVX,113.24,2,BID
646,2018-12-17 14:38:51,CVX,113.23,2,BID
647,2018-12-17 14:39:15,CVX,113.31,1,ASK
648,2018-12-17 14:39:13,CVX,113.32,15,ASK
649,2018-12-17 14:39:10,CVX,113.33,2,ASK
650,2018-12-17 14:39:09,CVX,113.34,1,ASK
651,2018-12-17 14:39:09,CVX,113.35,5,ASK
652,2018-12-17 14:39:16,CVX,113.28,3,BID
653,2018-12-17 14:38:51,CVX,113.26,5,BID
654,2018-12-17 14:38:51,CVX,113.25,1,BID
655,2018-12-17 14:38:51,CVX,113.24,2,BID
656,2018-12-17 14:38:51,CVX,113.23,2,BID
657,2018-12-17 14:39:16,CVX,113.32,18,ASK
658,2018-12-17 14:39:10,CVX,113.33,2,ASK
659,2018-12-17 14:39:09,CVX,113.34,1,ASK
660,2018-12-17 14:39:09,CVX,113.35,5,ASK
661,2018-12-17 14:36:51,CVX,113.36,14,ASK
662,2018-12-17 14:39:17,CVX,113.29,1,BID
663,2018-12-17 14:39:17,CVX,113.28,4,BID
664,2018-12-17 14:38:51,CVX,113.26,5,BID
665,2018-12-17 14:38:51,CVX,113.25,1,BID
666,2018-12-17 14:38:51,CVX,113.24,2,BID
667,2018-12-17 14:39:16,CVX,113.32,17,ASK
668,2018-12-17 14:39:10,CVX,113.33,2,ASK
669,2018-12-17 14:39:09,CVX,113.34,1,ASK
670,2018-12-17 14:39:09,CVX,113.35,5,ASK
671,2018-12-17 14:36:51,CVX,113.36,14,ASK
672,2018-12-17 14:39:18,CVX,113.27,1,BID
673,2018-12-17 14:38:51,CVX,113.26,5,BID
674,2018-12-17 14:38:51,CVX,113.25,1,BID
675,2018-12-17 14:38:51,CVX,113.24,2,BID
676,2018-12-17 14:38:51,CVX,113.23,2,BID
677,2018-12-17 14:39:18,CVX,113.29,1,ASK
678,2018-12-17 14:39:18,CVX,113.32,19,ASK
679,2018-12-17 14:39:10,CVX,113.33,2,ASK
680,2018-12-17 14:39:09,CVX,113.34,1,ASK
681,2018-12-17 14:39:09,CVX,113.35,5,ASK
682,2018-12-17 14:39:19,CVX,113.27,3,BID
683,2018-12-17 14:38:51,CVX,113.26,5,BID
684,2018-12-17 14:38:51,CVX,113.25,1,BID
685,2018-12-17 14:38:51,CVX,113.24,2,BID
686,2018-12-17 14:38:51,CVX,113.23,2,BID
687,2018-12-17 14:39:19,CVX,113.29,1,ASK
688,2018-12-17 14:39:18,CVX,113.3,9,ASK
689,2018-12-17 14:39:18,CVX,113.32,19,ASK
690,2018-12-17 14:39:10,CVX,113.33,2,ASK
691,2018-12-17 14:39:09,CVX,113.34,1,ASK
692,2018-12-17 14:39:20,CVX,113.25,1,BID
693,2018-12-17 14:39:19,CVX,113.24,3,BID
694,2018-12-17 14:39:19,CVX,113.23,11,BID
695,2018-12-17 14:38:50,CVX,113.22,2,BID
696,2018-12-17 14:38:50,CVX,113.21,23,BID
697,2018-12-17 14:39:20,CVX,113.29,10,ASK
698,2018-12-17 14:39:18,CVX,113.3,9,ASK
699,2018-12-17 14:39:18,CVX,113.32,19,ASK
700,2018-12-17 14:39:10,CVX,113.33,2,ASK
701,2018-12-17 14:39:09,CVX,113.34,1,ASK
702,2018-12-17 14:39:20,CVX,113.25,1,BID
703,2018-12-17 14:39:19,CVX,113.24,3,BID
704,2018-12-17 14:39:19,CVX,113.23,11,BID
705,2018-12-17 14:38:50,CVX,113.22,2,BID
706,2018-12-17 14:38:50,CVX,113.21,23,BID
707,2018-12-17 14:39:20,CVX,113.29,10,ASK
708,2018-12-17 14:39:18,CVX,113.3,9,ASK
709,2018-12-17 14:39:18,CVX,113.32,19,ASK
710,2018-12-17 14:39:10,CVX,113.33,2,ASK
711,2018-12-17 14:39:09,CVX,113.34,1,ASK
712,2018-12-17 14:39:20,CVX,113.25,1,BID
713,2018-12-17 14:39:19,CVX,113.24,3,BID
714,2018-12-17 14:39:19,CVX,113.23,11,BID
715,2018-12-17 14:38:50,CVX,113.22,2,BID
716,2018-12-17 14:38:50,CVX,113.21,23,BID
717,2018-12-17 14:39:20,CVX,113.29,10,ASK
718,2018-12-17 14:39:18,CVX,113.3,9,ASK
719,2018-12-17 14:39:18,CVX,113.32,19,ASK
720,2018-12-17 14:39:10,CVX,113.33,2,ASK
721,2018-12-17 14:39:09,CVX,113.34,1,ASK
722,2018-12-17 14:39:20,CVX,113.25,1,BID
723,2018-12-17 14:39:19,CVX,113.24,3,BID
724,2018-12-17 14:39:19,CVX,113.23,11,BID
725,2018-12-17 14:38:50,CVX,113.22,2,BID
726,2018-12-17 14:38:50,CVX,113.21,23,BID
727,2018-12-17 14:39:20,CVX,113.29,10,ASK
728,2018-12-17 14:39:18,CVX,113.3,9,ASK
729,2018-12-17 14:39:18,CVX,113.32,19,ASK
730,2018-12-17 14:39:10,CVX,113.33,2,ASK
731,2018-12-17 14:39:09,CVX,113.34,1,ASK
732,2018-12-17 14:39:24,CVX,113.25,3,BID
733,2018-12-17 14:39:19,CVX,113.24,3,BID
734,2018-12-17 14:39:19,CVX,113.23,11,BID
735,2018-12-17 14:38:50,CVX,113.22,2,BID
736,2018-12-17 14:38:50,CVX,113.21,23,BID
737,2018-12-17 14:39:24,CVX,113.28,1,ASK
738,2018-12-17 14:39:20,CVX,113.29,9,ASK
739,2018-12-17 14:39:18,CVX,113.3,9,ASK
740,2018-12-17 14:39:18,CVX,113.32,19,ASK
741,2018-12-17 14:39:10,CVX,113.33,2,ASK
742,2018-12-17 14:39:25,CVX,113.21,15,BID
743,2018-12-17 14:38:43,CVX,113.2,2,BID
744,2018-12-17 14:38:41,CVX,113.19,22,BID
745,2018-12-17 14:38:32,CVX,113.18,3,BID
746,2018-12-17 09:33:02,CVX,113.15,17,BID
747,2018-12-17 14:39:24,CVX,113.26,9,ASK
748,2018-12-17 14:39:24,CVX,113.28,2,ASK
749,2018-12-17 14:39:20,CVX,113.29,9,ASK
750,2018-12-17 14:39:18,CVX,113.3,9,ASK
751,2018-12-17 14:39:18,CVX,113.32,19,ASK
752,2018-12-17 14:39:26,CVX,113.21,17,BID
753,2018-12-17 14:38:43,CVX,113.2,2,BID
754,2018-12-17 14:38:41,CVX,113.19,22,BID
755,2018-12-17 14:38:32,CVX,113.18,3,BID
756,2018-12-17 09:33:02,CVX,113.15,17,BID
757,2018-12-17 14:39:24,CVX,113.26,9,ASK
758,2018-12-17 14:39:24,CVX,113.28,2,ASK
759,2018-12-17 14:39:20,CVX,113.29,9,ASK
760,2018-12-17 14:39:18,CVX,113.3,9,ASK
761,2018-12-17 14:39:18,CVX,113.32,19,ASK
762,2018-12-17 14:39:27,CVX,113.21,24,BID
763,2018-12-17 14:38:43,CVX,113.2,2,BID
764,2018-12-17 14:38:41,CVX,113.19,22,BID
765,2018-12-17 14:38:32,CVX,113.18,3,BID
766,2018-12-17 09:33:02,CVX,113.15,17,BID
767,2018-12-17 14:39:27,CVX,113.26,18,ASK
768,2018-12-17 14:39:24,CVX,113.28,2,ASK
769,2018-12-17 14:39:20,CVX,113.29,9,ASK
770,2018-12-17 14:39:18,CVX,113.3,9,ASK
771,2018-12-17 14:39:18,CVX,113.32,19,ASK
772,2018-12-17 14:39:27,CVX,113.21,24,BID
773,2018-12-17 14:38:43,CVX,113.2,2,BID
774,2018-12-17 14:38:41,CVX,113.19,22,BID
775,2018-12-17 14:38:32,CVX,113.18,3,BID
776,2018-12-17 09:33:02,CVX,113.15,17,BID
777,2018-12-17 14:39:27,CVX,113.26,10,ASK
778,2018-12-17 14:39:24,CVX,113.28,2,ASK
779,2018-12-17 14:39:20,CVX,113.29,9,ASK
780,2018-12-17 14:39:18,CVX,113.3,9,ASK
781,2018-12-17 14:39:18,CVX,113.32,19,ASK
782,2018-12-17 14:39:28,CVX,113.19,25,BID
783,2018-12-17 14:38:32,CVX,113.18,3,BID
784,2018-12-17 09:33:02,CVX,113.15,17,BID
785,2018-12-17 14:39:28,CVX,113.24,16,ASK
786,2018-12-17 14:39:28,CVX,113.25,3,ASK
787,2018-12-17 14:39:27,CVX,113.26,10,ASK
788,2018-12-17 14:39:24,CVX,113.28,2,ASK
789,2018-12-17 14:39:20,CVX,113.29,9,ASK
790,2018-12-17 14:39:28,CVX,113.19,27,BID
791,2018-12-17 14:38:32,CVX,113.18,3,BID
792,2018-12-17 09:33:02,CVX,113.15,17,BID
793,2018-12-17 14:39:30,CVX,113.25,4,ASK
794,2018-12-17 14:39:27,CVX,113.26,10,ASK
795,2018-12-17 14:39:24,CVX,113.28,2,ASK
796,2018-12-17 14:39:20,CVX,113.29,9,ASK
797,2018-12-17 14:39:18,CVX,113.3,9,ASK
798,2018-12-17 14:39:31,CVX,113.21,3,BID
799,2018-12-17 14:39:30,CVX,113.2,10,BID
800,2018-12-17 14:39:28,CVX,113.19,27,BID
801,2018-12-17 14:38:32,CVX,113.18,3,BID
802,2018-12-17 09:33:02,CVX,113.15,17,BID
803,2018-12-17 14:39:30,CVX,113.26,10,ASK
804,2018-12-17 14:39:24,CVX,113.28,2,ASK
805,2018-12-17 14:39:20,CVX,113.29,9,ASK
806,2018-12-17 14:39:18,CVX,113.3,9,ASK
807,2018-12-17 14:39:18,CVX,113.32,19,ASK
808,2018-12-17 14:39:31,CVX,113.21,3,BID
809,2018-12-17 14:39:30,CVX,113.2,10,BID
810,2018-12-17 14:39:28,CVX,113.19,27,BID
811,2018-12-17 14:38:32,CVX,113.18,3,BID
812,2018-12-17 09:33:02,CVX,113.15,17,BID
813,2018-12-17 14:39:30,CVX,113.26,10,ASK
814,2018-12-17 14:39:24,CVX,113.28,2,ASK
815,2018-12-17 14:39:20,CVX,113.29,9,ASK
816,2018-12-17 14:39:18,CVX,113.3,9,ASK
817,2018-12-17 14:39:18,CVX,113.32,19,ASK
818,2018-12-17 14:39:32,CVX,113.21,3,BID
819,2018-12-17 14:39:30,CVX,113.2,10,BID
820,2018-12-17 14:39:28,CVX,113.19,27,BID
821,2018-12-17 14:38:32,CVX,113.18,3,BID
822,2018-12-17 09:33:02,CVX,113.15,17,BID
823,2018-12-17 14:39:30,CVX,113.26,9,ASK
824,2018-12-17 14:39:24,CVX,113.28,2,ASK
825,2018-12-17 14:39:20,CVX,113.29,9,ASK
826,2018-12-17 14:39:18,CVX,113.3,9,ASK
827,2018-12-17 14:39:18,CVX,113.32,19,ASK
828,2018-12-17 14:39:34,CVX,113.21,10,BID
829,2018-12-17 14:39:30,CVX,113.2,10,BID
830,2018-12-17 14:39:28,CVX,113.19,27,BID
831,2018-12-17 14:38:32,CVX,113.18,3,BID
832,2018-12-17 09:33:02,CVX,113.15,17,BID
833,2018-12-17 14:39:34,CVX,113.26,11,ASK
834,2018-12-17 14:39:24,CVX,113.28,2,ASK
835,2018-12-17 14:39:20,CVX,113.29,9,ASK
836,2018-12-17 14:39:18,CVX,113.3,9,ASK
837,2018-12-17 14:39:18,CVX,113.32,19,ASK
838,2018-12-17 14:39:35,CVX,113.24,3,BID
839,2018-12-17 14:39:34,CVX,113.23,2,BID
840,2018-12-17 14:39:34,CVX,113.22,3,BID
841,2018-12-17 14:39:34,CVX,113.21,10,BID
842,2018-12-17 14:39:30,CVX,113.2,10,BID
843,2018-12-17 14:39:34,CVX,113.29,9,ASK
844,2018-12-17 14:39:18,CVX,113.3,9,ASK
845,2018-12-17 14:39:18,CVX,113.32,19,ASK
846,2018-12-17 14:39:10,CVX,113.33,2,ASK
847,2018-12-17 14:39:09,CVX,113.34,1,ASK
848,2018-12-17 14:39:36,CVX,113.25,10,BID
849,2018-12-17 14:39:36,CVX,113.24,8,BID
850,2018-12-17 14:39:34,CVX,113.23,2,BID
851,2018-12-17 14:39:34,CVX,113.22,3,BID
852,2018-12-17 14:39:34,CVX,113.21,10,BID
853,2018-12-17 14:39:35,CVX,113.29,12,ASK
854,2018-12-17 14:39:18,CVX,113.3,9,ASK
855,2018-12-17 14:39:18,CVX,113.32,19,ASK
856,2018-12-17 14:39:10,CVX,113.33,2,ASK
857,2018-12-17 14:39:09,CVX,113.34,1,ASK
858,2018-12-17 14:39:37,CVX,113.25,9,BID
859,2018-12-17 14:39:37,CVX,113.24,17,BID
860,2018-12-17 14:39:34,CVX,113.23,2,BID
861,2018-12-17 14:39:34,CVX,113.22,3,BID
862,2018-12-17 14:39:34,CVX,113.21,10,BID
863,2018-12-17 14:39:37,CVX,113.29,11,ASK
864,2018-12-17 14:39:18,CVX,113.3,9,ASK
865,2018-12-17 14:39:18,CVX,113.32,19,ASK
866,2018-12-17 14:39:10,CVX,113.33,2,ASK
867,2018-12-17 14:39:09,CVX,113.34,1,ASK
868,2018-12-17 14:39:38,CVX,113.24,17,BID
869,2018-12-17 14:39:34,CVX,113.23,2,BID
870,2018-12-17 14:39:34,CVX,113.22,3,BID
871,2018-12-17 14:39:34,CVX,113.21,10,BID
872,2018-12-17 14:39:30,CVX,113.2,10,BID
873,2018-12-17 14:39:38,CVX,113.29,11,ASK
874,2018-12-17 14:39:18,CVX,113.3,9,ASK
875,2018-12-17 14:39:18,CVX,113.32,19,ASK
876,2018-12-17 14:39:10,CVX,113.33,2,ASK
877,2018-12-17 14:39:09,CVX,113.34,1,ASK
878,2018-12-17 14:39:39,CVX,113.24,18,BID
879,2018-12-17 14:39:34,CVX,113.23,2,BID
880,2018-12-17 14:39:34,CVX,113.22,3,BID
881,2018-12-17 14:39:34,CVX,113.21,10,BID
882,2018-12-17 14:39:30,CVX,113.2,10,BID
883,2018-12-17 14:39:39,CVX,113.29,14,ASK
884,2018-12-17 14:39:18,CVX,113.3,9,ASK
885,2018-12-17 14:39:18,CVX,113.32,19,ASK
886,2018-12-17 14:39:10,CVX,113.33,2,ASK
887,2018-12-17 14:39:09,CVX,113.34,1,ASK
888,2018-12-17 14:39:40,CVX,113.25,13,BID
889,2018-12-17 14:39:40,CVX,113.24,18,BID
890,2018-12-17 14:39:34,CVX,113.23,2,BID
891,2018-12-17 14:39:34,CVX,113.22,3,BID
892,2018-12-17 14:39:34,CVX,113.21,10,BID
893,2018-12-17 14:39:40,CVX,113.29,12,ASK
894,2018-12-17 14:39:18,CVX,113.3,9,ASK
895,2018-12-17 14:39:18,CVX,113.32,19,ASK
896,2018-12-17 14:39:10,CVX,113.33,2,ASK
897,2018-12-17 14:39:09,CVX,113.34,1,ASK
898,2018-12-17 14:39:41,CVX,113.29,3,BID
899,2018-12-17 14:39:41,CVX,113.25,18,BID
900,2018-12-17 14:39:40,CVX,113.24,18,BID
901,2018-12-17 14:39:34,CVX,113.23,2,BID
902,2018-12-17 14:39:34,CVX,113.22,3,BID
903,2018-12-17 14:39:18,CVX,113.32,14,ASK
904,2018-12-17 14:39:10,CVX,113.33,2,ASK
905,2018-12-17 14:39:09,CVX,113.34,1,ASK
906,2018-12-17 14:39:09,CVX,113.35,5,ASK
907,2018-12-17 14:36:51,CVX,113.36,14,ASK
908,2018-12-17 14:39:41,CVX,113.29,4,BID
909,2018-12-17 14:39:41,CVX,113.25,18,BID
910,2018-12-17 14:39:40,CVX,113.24,18,BID
911,2018-12-17 14:39:34,CVX,113.23,2,BID
912,2018-12-17 14:39:34,CVX,113.22,3,BID
913,2018-12-17 14:39:18,CVX,113.32,14,ASK
914,2018-12-17 14:39:10,CVX,113.33,2,ASK
915,2018-12-17 14:39:09,CVX,113.34,1,ASK
916,2018-12-17 14:39:09,CVX,113.35,5,ASK
917,2018-12-17 14:36:51,CVX,113.36,14,ASK
918,2018-12-17 14:39:43,CVX,113.26,4,BID
919,2018-12-17 14:39:41,CVX,113.25,18,BID
920,2018-12-17 14:39:40,CVX,113.24,18,BID
921,2018-12-17 14:39:34,CVX,113.23,2,BID
922,2018-12-17 14:39:34,CVX,113.22,3,BID
923,2018-12-17 14:39:43,CVX,113.3,1,ASK
924,2018-12-17 14:39:43,CVX,113.31,1,ASK
925,2018-12-17 14:39:18,CVX,113.32,21,ASK
926,2018-12-17 14:39:10,CVX,113.33,2,ASK
927,2018-12-17 14:39:09,CVX,113.34,1,ASK
928,2018-12-17 14:39:44,CVX,113.26,4,BID
929,2018-12-17 14:39:41,CVX,113.25,18,BID
930,2018-12-17 14:39:40,CVX,113.24,18,BID
931,2018-12-17 14:39:34,CVX,113.23,2,BID
932,2018-12-17 14:39:34,CVX,113.22,3,BID
933,2018-12-17 14:39:44,CVX,113.3,11,ASK
934,2018-12-17 14:39:43,CVX,113.31,1,ASK
935,2018-12-17 14:39:18,CVX,113.32,21,ASK
936,2018-12-17 14:39:10,CVX,113.33,2,ASK
937,2018-12-17 14:39:09,CVX,113.34,1,ASK
938,2018-12-17 14:39:44,CVX,113.26,4,BID
939,2018-12-17 14:39:41,CVX,113.25,18,BID
940,2018-12-17 14:39:40,CVX,113.24,18,BID
941,2018-12-17 14:39:34,CVX,113.23,2,BID
942,2018-12-17 14:39:34,CVX,113.22,3,BID
943,2018-12-17 14:39:44,CVX,113.3,11,ASK
944,2018-12-17 14:39:43,CVX,113.31,1,ASK
945,2018-12-17 14:39:18,CVX,113.32,21,ASK
946,2018-12-17 14:39:10,CVX,113.33,2,ASK
947,2018-12-17 14:39:09,CVX,113.34,1,ASK
948,2018-12-17 14:39:43,CVX,113.26,4,BID
949,2018-12-17 14:39:40,CVX,113.25,18,BID
950,2018-12-17 14:39:40,CVX,113.24,18,BID
951,2018-12-17 14:39:34,CVX,113.23,2,BID
952,2018-12-17 14:39:34,CVX,113.22,3,BID
953,2018-12-17 14:39:44,CVX,113.3,11,ASK
954,2018-12-17 14:39:43,CVX,113.31,1,ASK
955,2018-12-17 14:39:43,CVX,113.32,21,ASK
956,2018-12-17 14:39:10,CVX,113.33,2,ASK
957,2018-12-17 14:39:09,CVX,113.34,1,ASK
958,2018-12-17 14:39:47,CVX,113.22,5,BID
959,2018-12-17 14:39:30,CVX,113.21,10,BID
960,2018-12-17 14:39:30,CVX,113.2,10,BID
961,2018-12-17 14:39:29,CVX,113.19,27,BID
962,2018-12-17 14:38:32,CVX,113.18,3,BID
963,2018-12-17 14:39:47,CVX,113.26,10,ASK
964,2018-12-17 14:39:47,CVX,113.27,1,ASK
965,2018-12-17 14:39:47,CVX,113.28,1,ASK
966,2018-12-17 14:39:47,CVX,113.29,12,ASK
967,2018-12-17 14:39:44,CVX,113.3,16,ASK
968,2018-12-17 14:39:47,CVX,113.21,11,BID
969,2018-12-17 14:39:30,CVX,113.2,10,BID
970,2018-12-17 14:39:29,CVX,113.19,27,BID
971,2018-12-17 14:38:32,CVX,113.18,3,BID
972,2018-12-17 09:33:02,CVX,113.15,17,BID
973,2018-12-17 14:39:47,CVX,113.26,12,ASK
974,2018-12-17 14:39:47,CVX,113.27,1,ASK
975,2018-12-17 14:39:47,CVX,113.28,1,ASK
976,2018-12-17 14:39:47,CVX,113.29,12,ASK
977,2018-12-17 14:39:44,CVX,113.3,16,ASK
978,2018-12-17 14:39:49,CVX,113.21,11,BID
979,2018-12-17 14:39:30,CVX,113.2,10,BID
980,2018-12-17 14:39:29,CVX,113.19,27,BID
981,2018-12-17 14:38:32,CVX,113.18,3,BID
982,2018-12-17 09:33:02,CVX,113.15,17,BID
983,2018-12-17 14:39:47,CVX,113.26,11,ASK
984,2018-12-17 14:39:47,CVX,113.27,1,ASK
985,2018-12-17 14:39:47,CVX,113.28,1,ASK
986,2018-12-17 14:39:47,CVX,113.29,12,ASK
987,2018-12-17 14:39:44,CVX,113.3,16,ASK
988,2018-12-17 14:39:49,CVX,113.21,11,BID
989,2018-12-17 14:39:30,CVX,113.2,10,BID
990,2018-12-17 14:39:29,CVX,113.19,27,BID
991,2018-12-17 14:38:32,CVX,113.18,3,BID
992,2018-12-17 09:33:02,CVX,113.15,17,BID
993,2018-12-17 14:39:47,CVX,113.26,11,ASK
994,2018-12-17 14:39:47,CVX,113.27,1,ASK
995,2018-12-17 14:39:47,CVX,113.28,1,ASK
996,2018-12-17 14:39:47,CVX,113.29,12,ASK
997,2018-12-17 14:39:44,CVX,113.3,16,ASK
998,2018-12-17 14:39:51,CVX,113.21,13,BID
999,2018-12-17 14:39:30,CVX,113.2,10,BID
1000,2018-12-17 14:39:29,CVX,113.19,27,BID
1001,2018-12-17 14:38:32,CVX,113.18,3,BID
1002,2018-12-17 09:33:02,CVX,113.15,17,BID
1003,2018-12-17 14:39:51,CVX,113.26,12,ASK
1004,2018-12-17 14:39:47,CVX,113.27,1,ASK
1005,2018-12-17 14:39:47,CVX,113.28,1,ASK
1006,2018-12-17 14:39:47,CVX,113.29,12,ASK
1007,2018-12-17 14:39:44,CVX,113.3,16,ASK
1008,2018-12-17 14:39:51,CVX,113.21,13,BID
1009,2018-12-17 14:39:30,CVX,113.2,10,BID
1010,2018-12-17 14:39:29,CVX,113.19,27,BID
1011,2018-12-17 14:38:32,CVX,113.18,3,BID
1012,2018-12-17 09:33:02,CVX,113.15,17,BID
1013,2018-12-17 14:39:51,CVX,113.26,12,ASK
1014,2018-12-17 14:39:47,CVX,113.27,1,ASK
1015,2018-12-17 14:39:47,CVX,113.28,1,ASK
1016,2018-12-17 14:39:47,CVX,113.29,12,ASK
1017,2018-12-17 14:39:44,CVX,113.3,16,ASK
1018,2018-12-17 14:39:51,CVX,113.21,13,BID
1019,2018-12-17 14:39:30,CVX,113.2,10,BID
1020,2018-12-17 14:39:29,CVX,113.19,27,BID
1021,2018-12-17 14:38:32,CVX,113.18,3,BID
1022,2018-12-17 09:33:02,CVX,113.15,17,BID
1023,2018-12-17 14:39:53,CVX,113.26,12,ASK
1024,2018-12-17 14:39:47,CVX,113.27,1,ASK
1025,2018-12-17 14:39:47,CVX,113.28,1,ASK
1026,2018-12-17 14:39:47,CVX,113.29,12,ASK
1027,2018-12-17 14:39:44,CVX,113.3,16,ASK
1028,2018-12-17 14:39:54,CVX,113.19,29,BID
1029,2018-12-17 14:38:32,CVX,113.18,3,BID
1030,2018-12-17 09:33:02,CVX,113.15,17,BID
1031,2018-12-17 14:39:54,CVX,113.24,4,ASK
1032,2018-12-17 14:39:54,CVX,113.25,14,ASK
1033,2018-12-17 14:39:53,CVX,113.26,21,ASK
1034,2018-12-17 14:39:47,CVX,113.27,1,ASK
1035,2018-12-17 14:39:47,CVX,113.28,1,ASK
1036,2018-12-17 14:39:54,CVX,113.19,29,BID
1037,2018-12-17 14:38:32,CVX,113.18,3,BID
1038,2018-12-17 09:33:02,CVX,113.15,17,BID
1039,2018-12-17 14:39:54,CVX,113.24,4,ASK
1040,2018-12-17 14:39:54,CVX,113.25,14,ASK
1041,2018-12-17 14:39:53,CVX,113.26,21,ASK
1042,2018-12-17 14:39:47,CVX,113.27,1,ASK
1043,2018-12-17 14:39:47,CVX,113.28,1,ASK
1044,2018-12-17 14:39:54,CVX,113.19,29,BID
1045,2018-12-17 14:38:32,CVX,113.18,3,BID
1046,2018-12-17 09:33:02,CVX,113.15,17,BID
1047,2018-12-17 14:39:54,CVX,113.24,4,ASK
1048,2018-12-17 14:39:54,CVX,113.25,14,ASK
1049,2018-12-17 14:39:53,CVX,113.26,21,ASK
1050,2018-12-17 14:39:47,CVX,113.27,1,ASK
1051,2018-12-17 14:39:47,CVX,113.28,1,ASK
1052,2018-12-17 14:39:54,CVX,113.19,29,BID
1053,2018-12-17 14:38:32,CVX,113.18,3,BID
1054,2018-12-17 09:33:02,CVX,113.15,17,BID
1055,2018-12-17 14:39:54,CVX,113.24,4,ASK
1056,2018-12-17 14:39:54,CVX,113.25,14,ASK
1057,2018-12-17 14:39:53,CVX,113.26,21,ASK
1058,2018-12-17 14:39:47,CVX,113.27,1,ASK
1059,2018-12-17 14:39:47,CVX,113.28,1,ASK
1060,2018-12-17 14:39:58,CVX,113.21,2,BID
1061,2018-12-17 14:39:58,CVX,113.2,18,BID
1062,2018-12-17 14:39:54,CVX,113.19,28,BID
1063,2018-12-17 14:38:32,CVX,113.18,3,BID
1064,2018-12-17 09:33:02,CVX,113.15,17,BID
1065,2018-12-17 14:39:58,CVX,113.25,16,ASK
1066,2018-12-17 14:39:53,CVX,113.26,21,ASK
1067,2018-12-17 14:39:47,CVX,113.27,1,ASK
1068,2018-12-17 14:39:47,CVX,113.28,1,ASK
1069,2018-12-17 14:39:47,CVX,113.29,12,ASK
1070,2018-12-17 14:39:59,CVX,113.21,3,BID
1071,2018-12-17 14:39:58,CVX,113.2,18,BID
1072,2018-12-17 14:39:54,CVX,113.19,28,BID
1073,2018-12-17 14:38:32,CVX,113.18,3,BID
1074,2018-12-17 09:33:02,CVX,113.15,17,BID
1075,2018-12-17 14:39:59,CVX,113.25,16,ASK
1076,2018-12-17 14:39:53,CVX,113.26,21,ASK
1077,2018-12-17 14:39:47,CVX,113.27,1,ASK
1078,2018-12-17 14:39:47,CVX,113.28,1,ASK
1079,2018-12-17 14:39:47,CVX,113.29,12,ASK
1080,2018-12-17 14:39:59,CVX,113.21,3,BID
1081,2018-12-17 14:39:58,CVX,113.2,18,BID
1082,2018-12-17 14:39:54,CVX,113.19,28,BID
1083,2018-12-17 14:38:32,CVX,113.18,3,BID
1084,2018-12-17 09:33:02,CVX,113.15,17,BID
1085,2018-12-17 14:39:59,CVX,113.25,16,ASK
1086,2018-12-17 14:39:53,CVX,113.26,21,ASK
1087,2018-12-17 14:39:47,CVX,113.27,1,ASK
1088,2018-12-17 14:39:47,CVX,113.28,1,ASK
1089,2018-12-17 14:39:47,CVX,113.29,12,ASK
1090,2018-12-17 14:39:59,CVX,113.21,4,BID
1091,2018-12-17 14:39:58,CVX,113.2,18,BID
1092,2018-12-17 14:39:54,CVX,113.19,28,BID
1093,2018-12-17 14:38:32,CVX,113.18,3,BID
1094,2018-12-17 09:33:02,CVX,113.15,17,BID
1095,2018-12-17 14:39:59,CVX,113.25,16,ASK
1096,2018-12-17 14:39:53,CVX,113.26,21,ASK
1097,2018-12-17 14:39:47,CVX,113.27,1,ASK
1098,2018-12-17 14:39:47,CVX,113.28,1,ASK
1099,2018-12-17 14:39:47,CVX,113.29,12,ASK
1100,2018-12-17 14:39:59,CVX,113.21,4,BID
1101,2018-12-17 14:39:58,CVX,113.2,18,BID
1102,2018-12-17 14:39:54,CVX,113.19,28,BID
1103,2018-12-17 14:38:32,CVX,113.18,3,BID
1104,2018-12-17 09:33:02,CVX,113.15,17,BID
1105,2018-12-17 14:39:59,CVX,113.25,16,ASK
1106,2018-12-17 14:39:53,CVX,113.26,21,ASK
1107,2018-12-17 14:39:47,CVX,113.27,1,ASK
1108,2018-12-17 14:39:47,CVX,113.28,1,ASK
1109,2018-12-17 14:39:47,CVX,113.29,12,ASK
1110,2018-12-17 14:39:59,CVX,113.21,3,BID
1111,2018-12-17 14:39:58,CVX,113.2,18,BID
1112,2018-12-17 14:39:54,CVX,113.19,28,BID
1113,2018-12-17 14:38:32,CVX,113.18,3,BID
1114,2018-12-17 09:33:02,CVX,113.15,17,BID
1115,2018-12-17 14:40:03,CVX,113.24,9,ASK
1116,2018-12-17 14:40:02,CVX,113.25,16,ASK
1117,2018-12-17 14:39:53,CVX,113.26,21,ASK
1118,2018-12-17 14:39:47,CVX,113.27,1,ASK
1119,2018-12-17 14:39:47,CVX,113.28,1,ASK
1120,2018-12-17 14:40:04,CVX,113.19,26,BID
1121,2018-12-17 14:38:32,CVX,113.18,3,BID
1122,2018-12-17 09:33:02,CVX,113.15,17,BID
1123,2018-12-17 14:40:04,CVX,113.23,7,ASK
1124,2018-12-17 14:40:04,CVX,113.24,11,ASK
1125,2018-12-17 14:40:02,CVX,113.25,16,ASK
1126,2018-12-17 14:39:53,CVX,113.26,21,ASK
1127,2018-12-17 14:39:47,CVX,113.27,1,ASK
1128,2018-12-17 14:40:05,CVX,113.21,2,BID
1129,2018-12-17 14:40:05,CVX,113.19,26,BID
1130,2018-12-17 14:38:32,CVX,113.18,3,BID
1131,2018-12-17 09:33:02,CVX,113.15,17,BID
1132,2018-12-17 14:39:53,CVX,113.26,13,ASK
1133,2018-12-17 14:39:47,CVX,113.27,1,ASK
1134,2018-12-17 14:39:47,CVX,113.28,1,ASK
1135,2018-12-17 14:39:47,CVX,113.29,12,ASK
1136,2018-12-17 14:39:44,CVX,113.3,16,ASK
1137,2018-12-17 14:40:06,CVX,113.21,2,BID
1138,2018-12-17 14:40:05,CVX,113.19,26,BID
1139,2018-12-17 14:38:32,CVX,113.18,3,BID
1140,2018-12-17 09:33:02,CVX,113.15,17,BID
1141,2018-12-17 14:40:06,CVX,113.25,1,ASK
1142,2018-12-17 14:39:53,CVX,113.26,14,ASK
1143,2018-12-17 14:39:47,CVX,113.27,1,ASK
1144,2018-12-17 14:39:47,CVX,113.28,1,ASK
1145,2018-12-17 14:39:47,CVX,113.29,12,ASK
1146,2018-12-17 14:40:07,CVX,113.23,1,BID
1147,2018-12-17 14:40:06,CVX,113.21,2,BID
1148,2018-12-17 14:40:05,CVX,113.19,26,BID
1149,2018-12-17 14:38:32,CVX,113.18,3,BID
1150,2018-12-17 09:33:02,CVX,113.15,17,BID
1151,2018-12-17 14:40:07,CVX,113.26,9,ASK
1152,2018-12-17 14:39:47,CVX,113.27,1,ASK
1153,2018-12-17 14:39:47,CVX,113.28,1,ASK
1154,2018-12-17 14:39:47,CVX,113.29,12,ASK
1155,2018-12-17 14:39:44,CVX,113.3,16,ASK
1156,2018-12-17 14:40:08,CVX,113.19,26,BID
1157,2018-12-17 14:38:32,CVX,113.18,3,BID
1158,2018-12-17 09:33:02,CVX,113.15,17,BID
1159,2018-12-17 14:40:08,CVX,113.23,5,ASK
1160,2018-12-17 14:40:07,CVX,113.24,19,ASK
1161,2018-12-17 14:40:07,CVX,113.25,20,ASK
1162,2018-12-17 14:40:07,CVX,113.26,15,ASK
1163,2018-12-17 14:39:47,CVX,113.27,1,ASK
1164,2018-12-17 14:40:09,CVX,113.19,26,BID
1165,2018-12-17 14:38:32,CVX,113.18,3,BID
1166,2018-12-17 09:33:02,CVX,113.15,17,BID
1167,2018-12-17 14:40:08,CVX,113.23,6,ASK
1168,2018-12-17 14:40:07,CVX,113.24,19,ASK
1169,2018-12-17 14:40:07,CVX,113.25,20,ASK
1170,2018-12-17 14:40:07,CVX,113.26,15,ASK
1171,2018-12-17 14:39:47,CVX,113.27,1,ASK
1172,2018-12-17 14:40:10,CVX,113.19,25,BID
1173,2018-12-17 14:38:32,CVX,113.18,3,BID
1174,2018-12-17 09:33:02,CVX,113.15,17,BID
1175,2018-12-17 14:40:10,CVX,113.23,15,ASK
1176,2018-12-17 14:40:07,CVX,113.24,19,ASK
1177,2018-12-17 14:40:07,CVX,113.25,20,ASK
1178,2018-12-17 14:40:07,CVX,113.26,15,ASK
1179,2018-12-17 14:39:47,CVX,113.27,1,ASK
1180,2018-12-17 14:40:11,CVX,113.2,1,BID
1181,2018-12-17 14:40:11,CVX,113.19,26,BID
1182,2018-12-17 14:38:32,CVX,113.18,3,BID
1183,2018-12-17 09:33:02,CVX,113.15,17,BID
1184,2018-12-17 14:40:10,CVX,113.23,13,ASK
1185,2018-12-17 14:40:07,CVX,113.24,19,ASK
1186,2018-12-17 14:40:07,CVX,113.25,20,ASK
1187,2018-12-17 14:40:07,CVX,113.26,15,ASK
1188,2018-12-17 14:39:47,CVX,113.27,1,ASK
1189,2018-12-17 14:40:12,CVX,113.2,3,BID
1190,2018-12-17 14:40:12,CVX,113.19,25,BID
1191,2018-12-17 14:38:32,CVX,113.18,3,BID
1192,2018-12-17 09:33:02,CVX,113.15,17,BID
1193,2018-12-17 14:40:10,CVX,113.23,14,ASK
1194,2018-12-17 14:40:07,CVX,113.24,19,ASK
1195,2018-12-17 14:40:07,CVX,113.25,20,ASK
1196,2018-12-17 14:40:07,CVX,113.26,15,ASK
1197,2018-12-17 14:39:47,CVX,113.27,1,ASK
1198,2018-12-17 14:40:12,CVX,113.19,25,BID
1199,2018-12-17 14:38:32,CVX,113.18,3,BID
1200,2018-12-17 09:33:02,CVX,113.15,17,BID
1201,2018-12-17 14:40:10,CVX,113.23,14,ASK
1202,2018-12-17 14:40:07,CVX,113.24,19,ASK
1203,2018-12-17 14:40:07,CVX,113.25,20,ASK
1204,2018-12-17 14:40:07,CVX,113.26,15,ASK
1205,2018-12-17 14:39:47,CVX,113.27,1,ASK
1206,2018-12-17 14:40:12,CVX,113.19,25,BID
1207,2018-12-17 14:38:32,CVX,113.18,3,BID
1208,2018-12-17 09:33:02,CVX,113.15,17,BID
1209,2018-12-17 14:40:10,CVX,113.23,14,ASK
1210,2018-12-17 14:40:07,CVX,113.24,19,ASK
1211,2018-12-17 14:40:07,CVX,113.25,20,ASK
1212,2018-12-17 14:40:07,CVX,113.26,15,ASK
1213,2018-12-17 14:39:47,CVX,113.27,1,ASK
1214,2018-12-17 14:40:12,CVX,113.19,25,BID
1215,2018-12-17 14:38:32,CVX,113.18,3,BID
1216,2018-12-17 09:33:02,CVX,113.15,17,BID
1217,2018-12-17 14:40:10,CVX,113.23,14,ASK
1218,2018-12-17 14:40:07,CVX,113.24,19,ASK
1219,2018-12-17 14:40:07,CVX,113.25,20,ASK
1220,2018-12-17 14:40:07,CVX,113.26,15,ASK
1221,2018-12-17 14:39:47,CVX,113.27,1,ASK
1222,2018-12-17 14:40:16,CVX,113.19,25,BID
1223,2018-12-17 14:38:32,CVX,113.18,3,BID
1224,2018-12-17 09:33:02,CVX,113.15,17,BID
1225,2018-12-17 14:40:16,CVX,113.23,11,ASK
1226,2018-12-17 14:40:07,CVX,113.24,19,ASK
1227,2018-12-17 14:40:07,CVX,113.25,20,ASK
1228,2018-12-17 14:40:07,CVX,113.26,15,ASK
1229,2018-12-17 14:39:47,CVX,113.27,1,ASK
1230,2018-12-17 14:40:17,CVX,113.19,25,BID
1231,2018-12-17 14:38:32,CVX,113.18,3,BID
1232,2018-12-17 09:33:02,CVX,113.15,17,BID
1233,2018-12-17 14:40:16,CVX,113.23,11,ASK
1234,2018-12-17 14:40:07,CVX,113.24,19,ASK
1235,2018-12-17 14:40:07,CVX,113.25,20,ASK
1236,2018-12-17 14:40:07,CVX,113.26,15,ASK
1237,2018-12-17 14:39:47,CVX,113.27,1,ASK
1238,2018-12-17 14:40:17,CVX,113.19,25,BID
1239,2018-12-17 14:38:32,CVX,113.18,3,BID
1240,2018-12-17 09:33:02,CVX,113.15,17,BID
1241,2018-12-17 14:40:16,CVX,113.23,11,ASK
1242,2018-12-17 14:40:07,CVX,113.24,19,ASK
1243,2018-12-17 14:40:07,CVX,113.25,20,ASK
1244,2018-12-17 14:40:07,CVX,113.26,15,ASK
1245,2018-12-17 14:39:47,CVX,113.27,1,ASK
1246,2018-12-17 14:40:19,CVX,113.2,18,BID
1247,2018-12-17 14:40:19,CVX,113.19,25,BID
1248,2018-12-17 14:38:32,CVX,113.18,3,BID
1249,2018-12-17 09:33:02,CVX,113.15,17,BID
1250,2018-12-17 14:40:19,CVX,113.23,5,ASK
1251,2018-12-17 14:40:07,CVX,113.24,19,ASK
1252,2018-12-17 14:40:07,CVX,113.25,20,ASK
1253,2018-12-17 14:40:07,CVX,113.26,15,ASK
1254,2018-12-17 14:39:47,CVX,113.27,1,ASK
1255,2018-12-17 14:40:20,CVX,113.2,20,BID
1256,2018-12-17 14:40:19,CVX,113.19,25,BID
1257,2018-12-17 14:38:32,CVX,113.18,3,BID
1258,2018-12-17 09:33:02,CVX,113.15,17,BID
1259,2018-12-17 14:40:20,CVX,113.23,5,ASK
1260,2018-12-17 14:40:07,CVX,113.24,19,ASK
1261,2018-12-17 14:40:07,CVX,113.25,20,ASK
1262,2018-12-17 14:40:07,CVX,113.26,15,ASK
1263,2018-12-17 14:39:47,CVX,113.27,1,ASK
1264,2018-12-17 14:40:21,CVX,113.2,20,BID
1265,2018-12-17 14:40:19,CVX,113.19,25,BID
1266,2018-12-17 14:38:32,CVX,113.18,3,BID
1267,2018-12-17 09:33:02,CVX,113.15,17,BID
1268,2018-12-17 14:40:21,CVX,113.24,9,ASK
1269,2018-12-17 14:40:07,CVX,113.25,20,ASK
1270,2018-12-17 14:40:07,CVX,113.26,15,ASK
1271,2018-12-17 14:39:47,CVX,113.27,1,ASK
1272,2018-12-17 14:39:47,CVX,113.28,1,ASK
1273,2018-12-17 14:40:22,CVX,113.2,22,BID
1274,2018-12-17 14:40:19,CVX,113.19,25,BID
1275,2018-12-17 14:38:32,CVX,113.18,3,BID
1276,2018-12-17 09:33:02,CVX,113.15,17,BID
1277,2018-12-17 14:40:22,CVX,113.24,10,ASK
1278,2018-12-17 14:40:07,CVX,113.25,20,ASK
1279,2018-12-17 14:40:07,CVX,113.26,15,ASK
1280,2018-12-17 14:39:47,CVX,113.27,1,ASK
1281,2018-12-17 14:39:47,CVX,113.28,1,ASK
1282,2018-12-17 14:40:23,CVX,113.2,23,BID
1283,2018-12-17 14:40:19,CVX,113.19,25,BID
1284,2018-12-17 14:38:32,CVX,113.18,3,BID
1285,2018-12-17 09:33:02,CVX,113.15,17,BID
1286,2018-12-17 14:40:23,CVX,113.24,11,ASK
1287,2018-12-17 14:40:07,CVX,113.25,20,ASK
1288,2018-12-17 14:40:07,CVX,113.26,15,ASK
1289,2018-12-17 14:39:47,CVX,113.27,1,ASK
1290,2018-12-17 14:39:47,CVX,113.28,1,ASK
1291,2018-12-17 14:40:23,CVX,113.2,21,BID
1292,2018-12-17 14:40:19,CVX,113.19,25,BID
1293,2018-12-17 14:38:32,CVX,113.18,3,BID
1294,2018-12-17 09:33:02,CVX,113.15,17,BID
1295,2018-12-17 14:40:23,CVX,113.24,10,ASK
1296,2018-12-17 14:40:07,CVX,113.25,20,ASK
1297,2018-12-17 14:40:07,CVX,113.26,15,ASK
1298,2018-12-17 14:39:47,CVX,113.27,1,ASK
1299,2018-12-17 14:39:47,CVX,113.28,1,ASK
1300,2018-12-17 14:40:23,CVX,113.2,16,BID
1301,2018-12-17 14:40:19,CVX,113.19,25,BID
1302,2018-12-17 14:38:32,CVX,113.18,3,BID
1303,2018-12-17 09:33:02,CVX,113.15,17,BID
1304,2018-12-17 14:40:25,CVX,113.23,2,ASK
1305,2018-12-17 14:40:25,CVX,113.24,3,ASK
1306,2018-12-17 14:40:25,CVX,113.25,10,ASK
1307,2018-12-17 14:40:07,CVX,113.26,15,ASK
1308,2018-12-17 14:39:47,CVX,113.27,1,ASK
1309,2018-12-17 14:40:26,CVX,113.2,15,BID
1310,2018-12-17 14:40:19,CVX,113.19,25,BID
1311,2018-12-17 14:38:32,CVX,113.18,3,BID
1312,2018-12-17 09:33:02,CVX,113.15,17,BID
1313,2018-12-17 14:40:26,CVX,113.23,11,ASK
1314,2018-12-17 14:40:25,CVX,113.24,3,ASK
1315,2018-12-17 14:40:25,CVX,113.25,10,ASK
1316,2018-12-17 14:40:07,CVX,113.26,15,ASK
1317,2018-12-17 14:39:47,CVX,113.27,1,ASK
1318,2018-12-17 14:40:27,CVX,113.2,16,BID
1319,2018-12-17 14:40:19,CVX,113.19,25,BID
1320,2018-12-17 14:38:32,CVX,113.18,3,BID
1321,2018-12-17 09:33:02,CVX,113.15,17,BID
1322,2018-12-17 14:40:27,CVX,113.23,2,ASK
1323,2018-12-17 14:40:25,CVX,113.24,3,ASK
1324,2018-12-17 14:40:25,CVX,113.25,10,ASK
1325,2018-12-17 14:40:07,CVX,113.26,15,ASK
1326,2018-12-17 14:39:47,CVX,113.27,1,ASK
1327,2018-12-17 14:40:28,CVX,113.23,2,BID
1328,2018-12-17 14:40:28,CVX,113.21,3,BID
1329,2018-12-17 14:40:28,CVX,113.2,18,BID
1330,2018-12-17 14:40:19,CVX,113.19,25,BID
1331,2018-12-17 14:38:32,CVX,113.18,3,BID
1332,2018-12-17 14:40:28,CVX,113.26,20,ASK
1333,2018-12-17 14:39:47,CVX,113.27,1,ASK
1334,2018-12-17 14:39:47,CVX,113.28,1,ASK
1335,2018-12-17 14:39:47,CVX,113.29,12,ASK
1336,2018-12-17 14:39:44,CVX,113.3,16,ASK
1337,2018-12-17 14:40:29,CVX,113.22,2,BID
1338,2018-12-17 14:40:28,CVX,113.21,3,BID
1339,2018-12-17 14:40:28,CVX,113.2,18,BID
1340,2018-12-17 14:40:19,CVX,113.19,25,BID
1341,2018-12-17 14:38:32,CVX,113.18,3,BID
1342,2018-12-17 14:40:28,CVX,113.26,21,ASK
1343,2018-12-17 14:39:47,CVX,113.27,1,ASK
1344,2018-12-17 14:39:47,CVX,113.28,1,ASK
1345,2018-12-17 14:39:47,CVX,113.29,12,ASK
1346,2018-12-17 14:39:44,CVX,113.3,16,ASK
1347,2018-12-17 14:40:30,CVX,113.22,1,BID
1348,2018-12-17 14:40:28,CVX,113.21,3,BID
1349,2018-12-17 14:40:28,CVX,113.2,18,BID
1350,2018-12-17 14:40:19,CVX,113.19,25,BID
1351,2018-12-17 14:38:32,CVX,113.18,3,BID
1352,2018-12-17 14:40:28,CVX,113.26,21,ASK
1353,2018-12-17 14:39:47,CVX,113.27,1,ASK
1354,2018-12-17 14:39:47,CVX,113.28,1,ASK
1355,2018-12-17 14:39:47,CVX,113.29,12,ASK
1356,2018-12-17 14:39:44,CVX,113.3,16,ASK
1357,2018-12-17 14:40:31,CVX,113.19,25,BID
1358,2018-12-17 14:38:32,CVX,113.18,3,BID
1359,2018-12-17 09:33:02,CVX,113.15,17,BID
1360,2018-12-17 14:40:31,CVX,113.21,3,ASK
1361,2018-12-17 14:40:31,CVX,113.22,8,ASK
1362,2018-12-17 14:40:31,CVX,113.23,8,ASK
1363,2018-12-17 14:40:31,CVX,113.24,9,ASK
1364,2018-12-17 14:40:31,CVX,113.25,2,ASK
1365,2018-12-17 14:40:32,CVX,113.21,1,BID
1366,2018-12-17 14:40:31,CVX,113.19,25,BID
1367,2018-12-17 14:38:32,CVX,113.18,3,BID
1368,2018-12-17 09:33:02,CVX,113.15,17,BID
1369,2018-12-17 14:40:32,CVX,113.23,9,ASK
1370,2018-12-17 14:40:31,CVX,113.24,9,ASK
1371,2018-12-17 14:40:31,CVX,113.25,2,ASK
1372,2018-12-17 14:40:28,CVX,113.26,23,ASK
1373,2018-12-17 14:39:47,CVX,113.27,1,ASK
1374,2018-12-17 14:40:33,CVX,113.23,15,BID
1375,2018-12-17 14:40:33,CVX,113.22,6,BID
1376,2018-12-17 14:40:32,CVX,113.21,7,BID
1377,2018-12-17 14:40:31,CVX,113.19,25,BID
1378,2018-12-17 14:38:32,CVX,113.18,3,BID
1379,2018-12-17 14:40:33,CVX,113.26,1,ASK
1380,2018-12-17 14:40:33,CVX,113.27,2,ASK
1381,2018-12-17 14:39:47,CVX,113.28,1,ASK
1382,2018-12-17 14:39:47,CVX,113.29,12,ASK
1383,2018-12-17 14:39:44,CVX,113.3,16,ASK
1384,2018-12-17 14:40:33,CVX,113.23,14,BID
1385,2018-12-17 14:40:33,CVX,113.22,6,BID
1386,2018-12-17 14:40:32,CVX,113.21,7,BID
1387,2018-12-17 14:40:31,CVX,113.19,25,BID
1388,2018-12-17 14:38:32,CVX,113.18,3,BID
1389,2018-12-17 14:40:33,CVX,113.26,1,ASK
1390,2018-12-17 14:40:33,CVX,113.27,2,ASK
1391,2018-12-17 14:39:47,CVX,113.28,1,ASK
1392,2018-12-17 14:39:47,CVX,113.29,12,ASK
1393,2018-12-17 14:39:44,CVX,113.3,16,ASK
1394,2018-12-17 14:40:33,CVX,113.23,17,BID
1395,2018-12-17 14:40:33,CVX,113.22,6,BID
1396,2018-12-17 14:40:32,CVX,113.21,7,BID
1397,2018-12-17 14:40:31,CVX,113.19,25,BID
1398,2018-12-17 14:38:32,CVX,113.18,3,BID
1399,2018-12-17 14:40:34,CVX,113.28,4,ASK
1400,2018-12-17 14:39:47,CVX,113.29,12,ASK
1401,2018-12-17 14:39:44,CVX,113.3,16,ASK
1402,2018-12-17 14:39:43,CVX,113.31,1,ASK
1403,2018-12-17 14:39:43,CVX,113.32,21,ASK
1404,2018-12-17 14:40:36,CVX,113.23,18,BID
1405,2018-12-17 14:40:33,CVX,113.22,6,BID
1406,2018-12-17 14:40:32,CVX,113.21,7,BID
1407,2018-12-17 14:40:31,CVX,113.19,25,BID
1408,2018-12-17 14:38:32,CVX,113.18,3,BID
1409,2018-12-17 14:40:36,CVX,113.28,10,ASK
1410,2018-12-17 14:39:47,CVX,113.29,12,ASK
1411,2018-12-17 14:39:44,CVX,113.3,16,ASK
1412,2018-12-17 14:39:43,CVX,113.31,1,ASK
1413,2018-12-17 14:39:43,CVX,113.32,21,ASK
1414,2018-12-17 14:40:36,CVX,113.23,18,BID
1415,2018-12-17 14:40:33,CVX,113.22,6,BID
1416,2018-12-17 14:40:32,CVX,113.21,7,BID
1417,2018-12-17 14:40:31,CVX,113.19,25,BID
1418,2018-12-17 14:38:32,CVX,113.18,3,BID
1419,2018-12-17 14:40:37,CVX,113.28,11,ASK
1420,2018-12-17 14:39:47,CVX,113.29,12,ASK
1421,2018-12-17 14:39:44,CVX,113.3,16,ASK
1422,2018-12-17 14:39:43,CVX,113.31,1,ASK
1423,2018-12-17 14:39:43,CVX,113.32,21,ASK
1424,2018-12-17 14:40:38,CVX,113.23,21,BID
1425,2018-12-17 14:40:33,CVX,113.22,6,BID
1426,2018-12-17 14:40:32,CVX,113.21,7,BID
1427,2018-12-17 14:40:31,CVX,113.19,25,BID
1428,2018-12-17 14:38:32,CVX,113.18,3,BID
1429,2018-12-17 14:40:38,CVX,113.28,21,ASK
1430,2018-12-17 14:39:47,CVX,113.29,12,ASK
1431,2018-12-17 14:39:44,CVX,113.3,16,ASK
1432,2018-12-17 14:39:43,CVX,113.31,1,ASK
1433,2018-12-17 14:39:43,CVX,113.32,21,ASK
1434,2018-12-17 14:40:38,CVX,113.23,21,BID
1435,2018-12-17 14:40:33,CVX,113.22,6,BID
1436,2018-12-17 14:40:32,CVX,113.21,7,BID
1437,2018-12-17 14:40:31,CVX,113.19,25,BID
1438,2018-12-17 14:38:32,CVX,113.18,3,BID
1439,2018-12-17 14:40:39,CVX,113.26,3,ASK
1440,2018-12-17 14:40:39,CVX,113.27,2,ASK
1441,2018-12-17 14:40:38,CVX,113.28,22,ASK
1442,2018-12-17 14:39:47,CVX,113.29,12,ASK
1443,2018-12-17 14:39:44,CVX,113.3,16,ASK
1444,2018-12-17 14:40:38,CVX,113.23,21,BID
1445,2018-12-17 14:40:33,CVX,113.22,6,BID
1446,2018-12-17 14:40:32,CVX,113.21,7,BID
1447,2018-12-17 14:40:31,CVX,113.19,25,BID
1448,2018-12-17 14:38:32,CVX,113.18,3,BID
1449,2018-12-17 14:40:40,CVX,113.26,4,ASK
1450,2018-12-17 14:40:39,CVX,113.27,2,ASK
1451,2018-12-17 14:40:38,CVX,113.28,22,ASK
1452,2018-12-17 14:39:47,CVX,113.29,12,ASK
1453,2018-12-17 14:39:44,CVX,113.3,16,ASK
1454,2018-12-17 14:40:38,CVX,113.23,21,BID
1455,2018-12-17 14:40:33,CVX,113.22,6,BID
1456,2018-12-17 14:40:32,CVX,113.21,7,BID
1457,2018-12-17 14:40:31,CVX,113.19,25,BID
1458,2018-12-17 14:38:32,CVX,113.18,3,BID
1459,2018-12-17 14:40:41,CVX,113.26,19,ASK
1460,2018-12-17 14:40:39,CVX,113.27,2,ASK
1461,2018-12-17 14:40:38,CVX,113.28,22,ASK
1462,2018-12-17 14:39:47,CVX,113.29,12,ASK
1463,2018-12-17 14:39:44,CVX,113.3,16,ASK
1464,2018-12-17 14:40:42,CVX,113.26,1,BID
1465,2018-12-17 14:40:42,CVX,113.24,9,BID
1466,2018-12-17 14:40:38,CVX,113.23,21,BID
1467,2018-12-17 14:40:33,CVX,113.22,6,BID
1468,2018-12-17 14:40:32,CVX,113.21,7,BID
1469,2018-12-17 14:40:42,CVX,113.28,23,ASK
1470,2018-12-17 14:39:47,CVX,113.29,12,ASK
1471,2018-12-17 14:39:44,CVX,113.3,16,ASK
1472,2018-12-17 14:39:43,CVX,113.31,1,ASK
1473,2018-12-17 14:39:43,CVX,113.32,21,ASK
1474,2018-12-17 14:40:43,CVX,113.27,20,BID
1475,2018-12-17 14:40:43,CVX,113.26,3,BID
1476,2018-12-17 14:40:42,CVX,113.24,9,BID
1477,2018-12-17 14:40:38,CVX,113.23,21,BID
1478,2018-12-17 14:40:33,CVX,113.22,6,BID
1479,2018-12-17 14:40:43,CVX,113.29,1,ASK
1480,2018-12-17 14:40:43,CVX,113.3,16,ASK
1481,2018-12-17 14:39:43,CVX,113.31,1,ASK
1482,2018-12-17 14:39:43,CVX,113.32,21,ASK
1483,2018-12-17 14:39:10,CVX,113.33,2,ASK
1484,2018-12-17 14:40:44,CVX,113.27,20,BID
1485,2018-12-17 14:40:43,CVX,113.26,3,BID
1486,2018-12-17 14:40:42,CVX,113.24,9,BID
1487,2018-12-17 14:40:38,CVX,113.23,21,BID
1488,2018-12-17 14:40:33,CVX,113.22,6,BID
1489,2018-12-17 14:40:44,CVX,113.3,17,ASK
1490,2018-12-17 14:39:43,CVX,113.31,1,ASK
1491,2018-12-17 14:39:43,CVX,113.32,21,ASK
1492,2018-12-17 14:39:10,CVX,113.33,2,ASK
1493,2018-12-17 14:39:09,CVX,113.34,1,ASK
1494,2018-12-17 14:40:45,CVX,113.29,3,BID
1495,2018-12-17 14:40:45,CVX,113.28,2,BID
1496,2018-12-17 14:40:45,CVX,113.27,4,BID
1497,2018-12-17 14:40:44,CVX,113.26,3,BID
1498,2018-12-17 14:40:42,CVX,113.24,9,BID
1499,2018-12-17 14:40:45,CVX,113.31,1,ASK
1500,2018-12-17 14:40:45,CVX,113.32,21,ASK
1501,2018-12-17 14:39:10,CVX,113.33,2,ASK
1502,2018-12-17 14:39:09,CVX,113.34,1,ASK
1503,2018-12-17 14:39:09,CVX,113.35,5,ASK
1504,2018-12-17 14:40:46,CVX,113.27,4,BID
1505,2018-12-17 14:40:42,CVX,113.26,3,BID
1506,2018-12-17 14:40:42,CVX,113.24,9,BID
1507,2018-12-17 14:40:42,CVX,113.23,21,BID
1508,2018-12-17 14:40:32,CVX,113.22,6,BID
1509,2018-12-17 14:40:45,CVX,113.31,3,ASK
1510,2018-12-17 14:40:45,CVX,113.32,21,ASK
1511,2018-12-17 14:39:10,CVX,113.33,2,ASK
1512,2018-12-17 14:39:09,CVX,113.34,1,ASK
1513,2018-12-17 14:39:09,CVX,113.35,5,ASK
1514,2018-12-17 14:40:47,CVX,113.28,5,BID
1515,2018-12-17 14:40:46,CVX,113.27,4,BID
1516,2018-12-17 14:40:42,CVX,113.26,3,BID
1517,2018-12-17 14:40:42,CVX,113.24,9,BID
1518,2018-12-17 14:40:42,CVX,113.23,21,BID
1519,2018-12-17 14:40:45,CVX,113.32,21,ASK
1520,2018-12-17 14:39:10,CVX,113.33,2,ASK
1521,2018-12-17 14:39:09,CVX,113.34,1,ASK
1522,2018-12-17 14:39:09,CVX,113.35,5,ASK
1523,2018-12-17 14:36:51,CVX,113.36,14,ASK
1524,2018-12-17 14:40:48,CVX,113.29,1,BID
1525,2018-12-17 14:40:48,CVX,113.28,2,BID
1526,2018-12-17 14:40:48,CVX,113.27,12,BID
1527,2018-12-17 14:40:42,CVX,113.26,3,BID
1528,2018-12-17 14:40:42,CVX,113.24,9,BID
1529,2018-12-17 14:40:48,CVX,113.34,7,ASK
1530,2018-12-17 14:39:09,CVX,113.35,5,ASK
1531,2018-12-17 14:36:51,CVX,113.36,14,ASK
1532,2018-12-17 14:36:50,CVX,113.37,12,ASK
1533,2018-12-17 14:36:47,CVX,113.38,18,ASK
1534,2018-12-17 14:40:49,CVX,113.29,1,BID
1535,2018-12-17 14:40:48,CVX,113.28,2,BID
1536,2018-12-17 14:40:48,CVX,113.27,12,BID
1537,2018-12-17 14:40:42,CVX,113.26,3,BID
1538,2018-12-17 14:40:42,CVX,113.24,9,BID
1539,2018-12-17 14:40:49,CVX,113.34,10,ASK
1540,2018-12-17 14:39:09,CVX,113.35,5,ASK
1541,2018-12-17 14:36:51,CVX,113.36,14,ASK
1542,2018-12-17 14:36:50,CVX,113.37,12,ASK
1543,2018-12-17 14:36:47,CVX,113.38,18,ASK
1544,2018-12-17 14:40:49,CVX,113.29,1,BID
1545,2018-12-17 14:40:48,CVX,113.28,2,BID
1546,2018-12-17 14:40:48,CVX,113.27,12,BID
1547,2018-12-17 14:40:42,CVX,113.26,3,BID
1548,2018-12-17 14:40:42,CVX,113.24,9,BID
1549,2018-12-17 14:40:49,CVX,113.34,10,ASK
1550,2018-12-17 14:39:09,CVX,113.35,5,ASK
1551,2018-12-17 14:36:51,CVX,113.36,14,ASK
1552,2018-12-17 14:36:50,CVX,113.37,12,ASK
1553,2018-12-17 14:36:47,CVX,113.38,18,ASK
1554,2018-12-17 14:40:52,CVX,113.28,5,BID
1555,2018-12-17 14:40:48,CVX,113.27,12,BID
1556,2018-12-17 14:40:42,CVX,113.26,3,BID
1557,2018-12-17 14:40:42,CVX,113.24,9,BID
1558,2018-12-17 14:40:42,CVX,113.23,21,BID
1559,2018-12-17 14:40:52,CVX,113.32,19,ASK
1560,2018-12-17 14:40:51,CVX,113.33,3,ASK
1561,2018-12-17 14:40:49,CVX,113.34,10,ASK
1562,2018-12-17 14:39:09,CVX,113.35,5,ASK
1563,2018-12-17 14:36:51,CVX,113.36,14,ASK
1564,2018-12-17 14:40:52,CVX,113.29,1,BID
1565,2018-12-17 14:40:52,CVX,113.28,5,BID
1566,2018-12-17 14:40:48,CVX,113.27,12,BID
1567,2018-12-17 14:40:42,CVX,113.26,3,BID
1568,2018-12-17 14:40:42,CVX,113.24,9,BID
1569,2018-12-17 14:40:52,CVX,113.32,17,ASK
1570,2018-12-17 14:40:51,CVX,113.33,3,ASK
1571,2018-12-17 14:40:49,CVX,113.34,10,ASK
1572,2018-12-17 14:39:09,CVX,113.35,5,ASK
1573,2018-12-17 14:36:51,CVX,113.36,14,ASK
1574,2018-12-17 14:40:53,CVX,113.29,2,BID
1575,2018-12-17 14:40:52,CVX,113.28,5,BID
1576,2018-12-17 14:40:48,CVX,113.27,12,BID
1577,2018-12-17 14:40:42,CVX,113.26,3,BID
1578,2018-12-17 14:40:42,CVX,113.24,9,BID
1579,2018-12-17 14:40:53,CVX,113.32,17,ASK
1580,2018-12-17 14:40:51,CVX,113.33,3,ASK
1581,2018-12-17 14:40:49,CVX,113.34,10,ASK
1582,2018-12-17 14:39:09,CVX,113.35,5,ASK
1583,2018-12-17 14:36:51,CVX,113.36,14,ASK
1584,2018-12-17 14:40:55,CVX,113.28,11,BID
1585,2018-12-17 14:40:48,CVX,113.27,12,BID
1586,2018-12-17 14:40:42,CVX,113.26,3,BID
1587,2018-12-17 14:40:42,CVX,113.24,9,BID
1588,2018-12-17 14:40:42,CVX,113.23,21,BID
1589,2018-12-17 14:40:55,CVX,113.31,4,ASK
1590,2018-12-17 14:40:53,CVX,113.32,17,ASK
1591,2018-12-17 14:40:51,CVX,113.33,3,ASK
1592,2018-12-17 14:40:49,CVX,113.34,10,ASK
1593,2018-12-17 14:39:09,CVX,113.35,5,ASK
1594,2018-12-17 14:40:55,CVX,113.28,10,BID
1595,2018-12-17 14:40:48,CVX,113.27,12,BID
1596,2018-12-17 14:40:42,CVX,113.26,3,BID
1597,2018-12-17 14:40:42,CVX,113.24,9,BID
1598,2018-12-17 14:40:42,CVX,113.23,21,BID
1599,2018-12-17 14:40:55,CVX,113.32,17,ASK
1600,2018-12-17 14:40:51,CVX,113.33,3,ASK
1601,2018-12-17 14:40:49,CVX,113.34,10,ASK
1602,2018-12-17 14:39:09,CVX,113.35,5,ASK
1603,2018-12-17 14:36:51,CVX,113.36,14,ASK
1604,2018-12-17 14:40:56,CVX,113.28,10,BID
1605,2018-12-17 14:40:48,CVX,113.27,12,BID
1606,2018-12-17 14:40:42,CVX,113.26,3,BID
1607,2018-12-17 14:40:42,CVX,113.24,9,BID
1608,2018-12-17 14:40:42,CVX,113.23,21,BID
1609,2018-12-17 14:40:56,CVX,113.32,18,ASK
1610,2018-12-17 14:40:51,CVX,113.33,3,ASK
1611,2018-12-17 14:40:49,CVX,113.34,10,ASK
1612,2018-12-17 14:39:09,CVX,113.35,5,ASK
1613,2018-12-17 14:36:51,CVX,113.36,14,ASK
1614,2018-12-17 14:40:56,CVX,113.28,12,BID
1615,2018-12-17 14:40:48,CVX,113.27,12,BID
1616,2018-12-17 14:40:42,CVX,113.26,3,BID
1617,2018-12-17 14:40:42,CVX,113.24,9,BID
1618,2018-12-17 14:40:42,CVX,113.23,21,BID
1619,2018-12-17 14:40:56,CVX,113.32,13,ASK
1620,2018-12-17 14:40:51,CVX,113.33,3,ASK
1621,2018-12-17 14:40:49,CVX,113.34,10,ASK
1622,2018-12-17 14:39:09,CVX,113.35,5,ASK
1623,2018-12-17 14:36:51,CVX,113.36,14,ASK
1624,2018-12-17 14:40:56,CVX,113.28,12,BID
1625,2018-12-17 14:40:48,CVX,113.27,12,BID
1626,2018-12-17 14:40:42,CVX,113.26,3,BID
1627,2018-12-17 14:40:42,CVX,113.24,9,BID
1628,2018-12-17 14:40:42,CVX,113.23,21,BID
1629,2018-12-17 14:40:56,CVX,113.32,12,ASK
1630,2018-12-17 14:40:51,CVX,113.33,3,ASK
1631,2018-12-17 14:40:49,CVX,113.34,10,ASK
1632,2018-12-17 14:39:09,CVX,113.35,5,ASK
1633,2018-12-17 14:36:51,CVX,113.36,14,ASK
1634,2018-12-17 14:41:00,CVX,113.3,3,BID
1635,2018-12-17 14:40:59,CVX,113.29,2,BID
1636,2018-12-17 14:40:56,CVX,113.28,12,BID
1637,2018-12-17 14:40:48,CVX,113.27,12,BID
1638,2018-12-17 14:40:42,CVX,113.26,3,BID
1639,2018-12-17 14:40:59,CVX,113.34,10,ASK
1640,2018-12-17 14:39:09,CVX,113.35,5,ASK
1641,2018-12-17 14:36:51,CVX,113.36,14,ASK
1642,2018-12-17 14:36:50,CVX,113.37,12,ASK
1643,2018-12-17 14:36:47,CVX,113.38,18,ASK
1644,2018-12-17 14:41:00,CVX,113.3,3,BID
1645,2018-12-17 14:40:59,CVX,113.29,2,BID
1646,2018-12-17 14:40:56,CVX,113.28,12,BID
1647,2018-12-17 14:40:48,CVX,113.27,12,BID
1648,2018-12-17 14:40:42,CVX,113.26,3,BID
1649,2018-12-17 14:40:59,CVX,113.34,10,ASK
1650,2018-12-17 14:39:09,CVX,113.35,5,ASK
1651,2018-12-17 14:36:51,CVX,113.36,14,ASK
1652,2018-12-17 14:36:50,CVX,113.37,12,ASK
1653,2018-12-17 14:36:47,CVX,113.38,18,ASK
1654,2018-12-17 14:41:01,CVX,113.3,1,BID
1655,2018-12-17 14:41:01,CVX,113.29,4,BID
1656,2018-12-17 14:40:56,CVX,113.28,12,BID
1657,2018-12-17 14:40:48,CVX,113.27,12,BID
1658,2018-12-17 14:40:42,CVX,113.26,3,BID
1659,2018-12-17 14:40:59,CVX,113.34,13,ASK
1660,2018-12-17 14:39:09,CVX,113.35,5,ASK
1661,2018-12-17 14:36:51,CVX,113.36,14,ASK
1662,2018-12-17 14:36:50,CVX,113.37,12,ASK
1663,2018-12-17 14:36:47,CVX,113.38,18,ASK
1664,2018-12-17 14:41:03,CVX,113.31,4,BID
1665,2018-12-17 14:41:02,CVX,113.3,1,BID
1666,2018-12-17 14:41:01,CVX,113.29,4,BID
1667,2018-12-17 14:40:56,CVX,113.28,12,BID
1668,2018-12-17 14:40:48,CVX,113.27,12,BID
1669,2018-12-17 14:41:03,CVX,113.34,1,ASK
1670,2018-12-17 14:41:02,CVX,113.35,5,ASK
1671,2018-12-17 14:36:51,CVX,113.36,14,ASK
1672,2018-12-17 14:36:50,CVX,113.37,12,ASK
1673,2018-12-17 14:36:47,CVX,113.38,18,ASK
1674,2018-12-17 14:41:03,CVX,113.3,3,BID
1675,2018-12-17 14:41:01,CVX,113.29,4,BID
1676,2018-12-17 14:40:56,CVX,113.28,12,BID
1677,2018-12-17 14:40:48,CVX,113.27,12,BID
1678,2018-12-17 14:40:42,CVX,113.26,3,BID
1679,2018-12-17 14:41:03,CVX,113.34,15,ASK
1680,2018-12-17 14:41:02,CVX,113.35,5,ASK
1681,2018-12-17 14:36:51,CVX,113.36,14,ASK
1682,2018-12-17 14:36:50,CVX,113.37,12,ASK
1683,2018-12-17 14:36:47,CVX,113.38,18,ASK
1684,2018-12-17 14:41:04,CVX,113.31,25,BID
1685,2018-12-17 14:41:04,CVX,113.3,3,BID
1686,2018-12-17 14:41:01,CVX,113.29,4,BID
1687,2018-12-17 14:40:56,CVX,113.28,12,BID
1688,2018-12-17 14:40:48,CVX,113.27,12,BID
1689,2018-12-17 14:41:04,CVX,113.35,1,ASK
1690,2018-12-17 14:41:04,CVX,113.36,16,ASK
1691,2018-12-17 14:36:50,CVX,113.37,12,ASK
1692,2018-12-17 14:36:47,CVX,113.38,18,ASK
1693,2018-12-17 14:36:37,CVX,113.39,14,ASK
1694,2018-12-17 14:41:04,CVX,113.31,18,BID
1695,2018-12-17 14:41:04,CVX,113.3,3,BID
1696,2018-12-17 14:41:01,CVX,113.29,4,BID
1697,2018-12-17 14:40:56,CVX,113.28,12,BID
1698,2018-12-17 14:40:48,CVX,113.27,12,BID
1699,2018-12-17 14:41:05,CVX,113.35,1,ASK
1700,2018-12-17 14:41:04,CVX,113.36,16,ASK
1701,2018-12-17 14:36:50,CVX,113.37,12,ASK
1702,2018-12-17 14:36:47,CVX,113.38,18,ASK
1703,2018-12-17 14:36:37,CVX,113.39,14,ASK
1704,2018-12-17 14:41:04,CVX,113.31,18,BID
1705,2018-12-17 14:41:04,CVX,113.3,3,BID
1706,2018-12-17 14:41:01,CVX,113.29,4,BID
1707,2018-12-17 14:40:56,CVX,113.28,12,BID
1708,2018-12-17 14:40:48,CVX,113.27,12,BID
1709,2018-12-17 14:41:06,CVX,113.35,4,ASK
1710,2018-12-17 14:41:04,CVX,113.36,16,ASK
1711,2018-12-17 14:36:50,CVX,113.37,12,ASK
1712,2018-12-17 14:36:47,CVX,113.38,18,ASK
1713,2018-12-17 14:36:37,CVX,113.39,14,ASK
1714,2018-12-17 14:41:04,CVX,113.31,18,BID
1715,2018-12-17 14:41:04,CVX,113.3,3,BID
1716,2018-12-17 14:41:01,CVX,113.29,4,BID
1717,2018-12-17 14:40:56,CVX,113.28,12,BID
1718,2018-12-17 14:40:48,CVX,113.27,12,BID
1719,2018-12-17 14:41:06,CVX,113.35,4,ASK
1720,2018-12-17 14:41:04,CVX,113.36,16,ASK
1721,2018-12-17 14:36:50,CVX,113.37,12,ASK
1722,2018-12-17 14:36:47,CVX,113.38,18,ASK
1723,2018-12-17 14:36:37,CVX,113.39,14,ASK
1724,2018-12-17 14:41:08,CVX,113.3,3,BID
1725,2018-12-17 14:41:01,CVX,113.29,4,BID
1726,2018-12-17 14:40:56,CVX,113.28,12,BID
1727,2018-12-17 14:40:48,CVX,113.27,12,BID
1728,2018-12-17 14:40:42,CVX,113.26,3,BID
1729,2018-12-17 14:41:08,CVX,113.33,3,ASK
1730,2018-12-17 14:41:08,CVX,113.34,2,ASK
1731,2018-12-17 14:41:08,CVX,113.35,6,ASK
1732,2018-12-17 14:41:04,CVX,113.36,16,ASK
1733,2018-12-17 14:36:50,CVX,113.37,12,ASK
1734,2018-12-17 14:41:08,CVX,113.3,3,BID
1735,2018-12-17 14:41:01,CVX,113.29,4,BID
1736,2018-12-17 14:40:56,CVX,113.28,12,BID
1737,2018-12-17 14:40:48,CVX,113.27,12,BID
1738,2018-12-17 14:40:42,CVX,113.26,3,BID
1739,2018-12-17 14:41:08,CVX,113.33,3,ASK
1740,2018-12-17 14:41:08,CVX,113.34,2,ASK
1741,2018-12-17 14:41:08,CVX,113.35,6,ASK
1742,2018-12-17 14:41:04,CVX,113.36,16,ASK
1743,2018-12-17 14:36:50,CVX,113.37,12,ASK
1744,2018-12-17 14:41:10,CVX,113.29,6,BID
1745,2018-12-17 14:40:56,CVX,113.28,12,BID
1746,2018-12-17 14:40:48,CVX,113.27,12,BID
1747,2018-12-17 14:40:42,CVX,113.26,3,BID
1748,2018-12-17 14:40:42,CVX,113.24,9,BID
1749,2018-12-17 14:41:10,CVX,113.31,1,ASK
1750,2018-12-17 14:41:10,CVX,113.32,18,ASK
1751,2018-12-17 14:41:10,CVX,113.33,10,ASK
1752,2018-12-17 14:41:08,CVX,113.34,2,ASK
1753,2018-12-17 14:41:08,CVX,113.35,6,ASK
1754,2018-12-17 14:41:12,CVX,113.3,2,BID
1755,2018-12-17 14:41:11,CVX,113.29,14,BID
1756,2018-12-17 14:40:56,CVX,113.28,12,BID
1757,2018-12-17 14:40:48,CVX,113.27,12,BID
1758,2018-12-17 14:40:42,CVX,113.26,3,BID
1759,2018-12-17 14:41:12,CVX,113.33,2,ASK
1760,2018-12-17 14:41:11,CVX,113.34,3,ASK
1761,2018-12-17 14:41:08,CVX,113.35,6,ASK
1762,2018-12-17 14:41:04,CVX,113.36,16,ASK
1763,2018-12-17 14:36:50,CVX,113.37,12,ASK
1764,2018-12-17 14:41:11,CVX,113.29,14,BID
1765,2018-12-17 14:40:56,CVX,113.28,12,BID
1766,2018-12-17 14:40:48,CVX,113.27,12,BID
1767,2018-12-17 14:40:42,CVX,113.26,3,BID
1768,2018-12-17 14:40:42,CVX,113.24,9,BID
1769,2018-12-17 14:41:12,CVX,113.33,3,ASK
1770,2018-12-17 14:41:11,CVX,113.34,3,ASK
1771,2018-12-17 14:41:08,CVX,113.35,6,ASK
1772,2018-12-17 14:41:04,CVX,113.36,16,ASK
1773,2018-12-17 14:36:50,CVX,113.37,12,ASK
1774,2018-12-17 14:41:11,CVX,113.29,14,BID
1775,2018-12-17 14:40:56,CVX,113.28,12,BID
1776,2018-12-17 14:40:48,CVX,113.27,12,BID
1777,2018-12-17 14:40:42,CVX,113.26,3,BID
1778,2018-12-17 14:40:42,CVX,113.24,9,BID
1779,2018-12-17 14:41:12,CVX,113.33,3,ASK
1780,2018-12-17 14:41:11,CVX,113.34,3,ASK
1781,2018-12-17 14:41:08,CVX,113.35,6,ASK
1782,2018-12-17 14:41:04,CVX,113.36,16,ASK
1783,2018-12-17 14:36:50,CVX,113.37,12,ASK
1784,2018-12-17 14:41:11,CVX,113.29,14,BID
1785,2018-12-17 14:40:56,CVX,113.28,12,BID
1786,2018-12-17 14:40:48,CVX,113.27,12,BID
1787,2018-12-17 14:40:42,CVX,113.26,3,BID
1788,2018-12-17 14:40:42,CVX,113.24,9,BID
1789,2018-12-17 14:41:12,CVX,113.33,4,ASK
1790,2018-12-17 14:41:11,CVX,113.34,3,ASK
1791,2018-12-17 14:41:08,CVX,113.35,6,ASK
1792,2018-12-17 14:41:04,CVX,113.36,16,ASK
1793,2018-12-17 14:36:50,CVX,113.37,12,ASK
1794,2018-12-17 14:41:15,CVX,113.29,16,BID
1795,2018-12-17 14:40:56,CVX,113.28,12,BID
1796,2018-12-17 14:40:48,CVX,113.27,12,BID
1797,2018-12-17 14:40:42,CVX,113.26,3,BID
1798,2018-12-17 14:40:42,CVX,113.24,9,BID
1799,2018-12-17 14:41:15,CVX,113.33,6,ASK
1800,2018-12-17 14:41:11,CVX,113.34,3,ASK
1801,2018-12-17 14:41:08,CVX,113.35,6,ASK
1802,2018-12-17 14:41:04,CVX,113.36,16,ASK
1803,2018-12-17 14:36:50,CVX,113.37,12,ASK
1804,2018-12-17 14:41:15,CVX,113.29,16,BID
1805,2018-12-17 14:40:56,CVX,113.28,12,BID
1806,2018-12-17 14:40:48,CVX,113.27,12,BID
1807,2018-12-17 14:40:42,CVX,113.26,3,BID
1808,2018-12-17 14:40:42,CVX,113.24,9,BID
1809,2018-12-17 14:41:15,CVX,113.33,6,ASK
1810,2018-12-17 14:41:11,CVX,113.34,3,ASK
1811,2018-12-17 14:41:08,CVX,113.35,6,ASK
1812,2018-12-17 14:41:04,CVX,113.36,16,ASK
1813,2018-12-17 14:36:50,CVX,113.37,12,ASK
1814,2018-12-17 14:41:17,CVX,113.29,16,BID
1815,2018-12-17 14:40:56,CVX,113.28,12,BID
1816,2018-12-17 14:40:48,CVX,113.27,12,BID
1817,2018-12-17 14:40:42,CVX,113.26,3,BID
1818,2018-12-17 14:40:42,CVX,113.24,9,BID
1819,2018-12-17 14:41:15,CVX,113.33,6,ASK
1820,2018-12-17 14:41:11,CVX,113.34,3,ASK
1821,2018-12-17 14:41:08,CVX,113.35,6,ASK
1822,2018-12-17 14:41:04,CVX,113.36,16,ASK
1823,2018-12-17 14:36:50,CVX,113.37,12,ASK
1824,2018-12-17 14:41:17,CVX,113.29,16,BID
1825,2018-12-17 14:40:56,CVX,113.28,12,BID
1826,2018-12-17 14:40:48,CVX,113.27,12,BID
1827,2018-12-17 14:40:42,CVX,113.26,3,BID
1828,2018-12-17 14:40:42,CVX,113.24,9,BID
1829,2018-12-17 14:41:15,CVX,113.33,6,ASK
1830,2018-12-17 14:41:11,CVX,113.34,3,ASK
1831,2018-12-17 14:41:08,CVX,113.35,6,ASK
1832,2018-12-17 14:41:04,CVX,113.36,16,ASK
1833,2018-12-17 14:36:50,CVX,113.37,12,ASK
1834,2018-12-17 14:41:17,CVX,113.29,16,BID
1835,2018-12-17 14:40:56,CVX,113.28,12,BID
1836,2018-12-17 14:40:48,CVX,113.27,12,BID
1837,2018-12-17 14:40:42,CVX,113.26,3,BID
1838,2018-12-17 14:40:42,CVX,113.24,9,BID
1839,2018-12-17 14:41:15,CVX,113.33,5,ASK
1840,2018-12-17 14:41:11,CVX,113.34,3,ASK
1841,2018-12-17 14:41:08,CVX,113.35,6,ASK
1842,2018-12-17 14:41:04,CVX,113.36,16,ASK
1843,2018-12-17 14:36:50,CVX,113.37,12,ASK
1844,2018-12-17 14:41:17,CVX,113.29,16,BID
1845,2018-12-17 14:40:56,CVX,113.28,12,BID
1846,2018-12-17 14:40:48,CVX,113.27,12,BID
1847,2018-12-17 14:40:42,CVX,113.26,3,BID
1848,2018-12-17 14:40:42,CVX,113.24,9,BID
1849,2018-12-17 14:41:15,CVX,113.33,5,ASK
1850,2018-12-17 14:41:11,CVX,113.34,3,ASK
1851,2018-12-17 14:41:08,CVX,113.35,6,ASK
1852,2018-12-17 14:41:04,CVX,113.36,16,ASK
1853,2018-12-17 14:36:50,CVX,113.37,12,ASK
1854,2018-12-17 14:41:17,CVX,113.29,16,BID
1855,2018-12-17 14:40:56,CVX,113.28,12,BID
1856,2018-12-17 14:40:48,CVX,113.27,12,BID
1857,2018-12-17 14:40:42,CVX,113.26,3,BID
1858,2018-12-17 14:40:42,CVX,113.24,9,BID
1859,2018-12-17 14:41:15,CVX,113.33,5,ASK
1860,2018-12-17 14:41:11,CVX,113.34,3,ASK
1861,2018-12-17 14:41:08,CVX,113.35,6,ASK
1862,2018-12-17 14:41:04,CVX,113.36,16,ASK
1863,2018-12-17 14:36:50,CVX,113.37,12,ASK
1864,2018-12-17 14:41:22,CVX,113.29,18,BID
1865,2018-12-17 14:40:56,CVX,113.28,12,BID
1866,2018-12-17 14:40:48,CVX,113.27,12,BID
1867,2018-12-17 14:40:42,CVX,113.26,3,BID
1868,2018-12-17 14:40:42,CVX,113.24,9,BID
1869,2018-12-17 14:41:22,CVX,113.32,2,ASK
1870,2018-12-17 14:41:15,CVX,113.33,12,ASK
1871,2018-12-17 14:41:11,CVX,113.34,3,ASK
1872,2018-12-17 14:41:08,CVX,113.35,6,ASK
1873,2018-12-17 14:41:04,CVX,113.36,16,ASK
1874,2018-12-17 14:41:24,CVX,113.3,2,BID
1875,2018-12-17 14:41:23,CVX,113.29,26,BID
1876,2018-12-17 14:40:56,CVX,113.28,12,BID
1877,2018-12-17 14:40:48,CVX,113.27,12,BID
1878,2018-12-17 14:40:42,CVX,113.26,3,BID
1879,2018-12-17 14:41:24,CVX,113.34,9,ASK
1880,2018-12-17 14:41:23,CVX,113.35,6,ASK
1881,2018-12-17 14:41:04,CVX,113.36,16,ASK
1882,2018-12-17 14:36:50,CVX,113.37,12,ASK
1883,2018-12-17 14:36:47,CVX,113.38,18,ASK
1884,2018-12-17 14:41:24,CVX,113.3,2,BID
1885,2018-12-17 14:41:23,CVX,113.29,26,BID
1886,2018-12-17 14:40:56,CVX,113.28,12,BID
1887,2018-12-17 14:40:48,CVX,113.27,12,BID
1888,2018-12-17 14:40:42,CVX,113.26,3,BID
1889,2018-12-17 14:41:24,CVX,113.34,10,ASK
1890,2018-12-17 14:41:23,CVX,113.35,6,ASK
1891,2018-12-17 14:41:04,CVX,113.36,16,ASK
1892,2018-12-17 14:36:50,CVX,113.37,12,ASK
1893,2018-12-17 14:36:47,CVX,113.38,18,ASK
1894,2018-12-17 14:41:25,CVX,113.31,13,BID
1895,2018-12-17 14:41:25,CVX,113.3,3,BID
1896,2018-12-17 14:41:23,CVX,113.29,24,BID
1897,2018-12-17 14:40:56,CVX,113.28,12,BID
1898,2018-12-17 14:40:48,CVX,113.27,12,BID
1899,2018-12-17 14:41:25,CVX,113.36,17,ASK
1900,2018-12-17 14:36:50,CVX,113.37,12,ASK
1901,2018-12-17 14:36:47,CVX,113.38,18,ASK
1902,2018-12-17 14:36:37,CVX,113.39,14,ASK
1903,2018-12-17 14:36:13,CVX,113.4,11,ASK
1904,2018-12-17 14:41:27,CVX,113.31,14,BID
1905,2018-12-17 14:41:25,CVX,113.3,3,BID
1906,2018-12-17 14:41:23,CVX,113.29,24,BID
1907,2018-12-17 14:40:56,CVX,113.28,12,BID
1908,2018-12-17 14:40:48,CVX,113.27,12,BID
1909,2018-12-17 14:41:27,CVX,113.36,17,ASK
1910,2018-12-17 14:36:50,CVX,113.37,12,ASK
1911,2018-12-17 14:36:47,CVX,113.38,18,ASK
1912,2018-12-17 14:36:37,CVX,113.39,14,ASK
1913,2018-12-17 14:36:13,CVX,113.4,11,ASK
1914,2018-12-17 14:41:27,CVX,113.31,22,BID
1915,2018-12-17 14:41:25,CVX,113.3,3,BID
1916,2018-12-17 14:41:23,CVX,113.29,24,BID
1917,2018-12-17 14:40:56,CVX,113.28,12,BID
1918,2018-12-17 14:40:48,CVX,113.27,12,BID
1919,2018-12-17 14:41:27,CVX,113.36,17,ASK
1920,2018-12-17 14:36:50,CVX,113.37,12,ASK
1921,2018-12-17 14:36:47,CVX,113.38,18,ASK
1922,2018-12-17 14:36:37,CVX,113.39,14,ASK
1923,2018-12-17 14:36:13,CVX,113.4,11,ASK
1924,2018-12-17 14:41:29,CVX,113.31,22,BID
1925,2018-12-17 14:41:25,CVX,113.3,3,BID
1926,2018-12-17 14:41:23,CVX,113.29,24,BID
1927,2018-12-17 14:40:56,CVX,113.28,12,BID
1928,2018-12-17 14:40:48,CVX,113.27,12,BID
1929,2018-12-17 14:41:29,CVX,113.36,17,ASK
1930,2018-12-17 14:36:50,CVX,113.37,12,ASK
1931,2018-12-17 14:36:47,CVX,113.38,18,ASK
1932,2018-12-17 14:36:37,CVX,113.39,14,ASK
1933,2018-12-17 14:36:13,CVX,113.4,11,ASK
1934,2018-12-17 14:41:29,CVX,113.31,21,BID
1935,2018-12-17 14:41:25,CVX,113.3,3,BID
1936,2018-12-17 14:41:23,CVX,113.29,24,BID
1937,2018-12-17 14:40:56,CVX,113.28,12,BID
1938,2018-12-17 14:40:48,CVX,113.27,12,BID
1939,2018-12-17 14:41:29,CVX,113.36,18,ASK
1940,2018-12-17 14:36:50,CVX,113.37,12,ASK
1941,2018-12-17 14:36:47,CVX,113.38,18,ASK
1942,2018-12-17 14:36:37,CVX,113.39,14,ASK
1943,2018-12-17 14:36:13,CVX,113.4,11,ASK
1944,2018-12-17 14:41:29,CVX,113.31,21,BID
1945,2018-12-17 14:41:25,CVX,113.3,3,BID
1946,2018-12-17 14:41:23,CVX,113.29,24,BID
1947,2018-12-17 14:40:56,CVX,113.28,12,BID
1948,2018-12-17 14:40:48,CVX,113.27,12,BID
1949,2018-12-17 14:41:29,CVX,113.36,18,ASK
1950,2018-12-17 14:36:50,CVX,113.37,12,ASK
1951,2018-12-17 14:36:47,CVX,113.38,18,ASK
1952,2018-12-17 14:36:37,CVX,113.39,14,ASK
1953,2018-12-17 14:36:13,CVX,113.4,11,ASK
1954,2018-12-17 14:41:32,CVX,113.31,24,BID
1955,2018-12-17 14:41:25,CVX,113.3,3,BID
1956,2018-12-17 14:41:23,CVX,113.29,24,BID
1957,2018-12-17 14:40:56,CVX,113.28,12,BID
1958,2018-12-17 14:40:48,CVX,113.27,12,BID
1959,2018-12-17 14:41:32,CVX,113.34,1,ASK
1960,2018-12-17 14:41:32,CVX,113.35,3,ASK
1961,2018-12-17 14:41:29,CVX,113.36,18,ASK
1962,2018-12-17 14:36:50,CVX,113.37,12,ASK
1963,2018-12-17 14:36:47,CVX,113.38,18,ASK
1964,2018-12-17 14:41:33,CVX,113.29,25,BID
1965,2018-12-17 14:40:56,CVX,113.28,12,BID
1966,2018-12-17 14:40:48,CVX,113.27,12,BID
1967,2018-12-17 14:40:42,CVX,113.26,3,BID
1968,2018-12-17 14:40:42,CVX,113.24,9,BID
1969,2018-12-17 14:41:33,CVX,113.33,6,ASK
1970,2018-12-17 14:41:32,CVX,113.34,17,ASK
1971,2018-12-17 14:41:32,CVX,113.35,3,ASK
1972,2018-12-17 14:41:29,CVX,113.36,18,ASK
1973,2018-12-17 14:36:50,CVX,113.37,12,ASK
1974,2018-12-17 14:41:33,CVX,113.31,1,BID
1975,2018-12-17 14:41:33,CVX,113.3,6,BID
1976,2018-12-17 14:41:33,CVX,113.29,26,BID
1977,2018-12-17 14:40:56,CVX,113.28,12,BID
1978,2018-12-17 14:40:48,CVX,113.27,12,BID
1979,2018-12-17 14:41:33,CVX,113.34,20,ASK
1980,2018-12-17 14:41:32,CVX,113.35,3,ASK
1981,2018-12-17 14:41:29,CVX,113.36,18,ASK
1982,2018-12-17 14:36:50,CVX,113.37,12,ASK
1983,2018-12-17 14:36:47,CVX,113.38,18,ASK
1984,2018-12-17 14:41:35,CVX,113.29,19,BID
1985,2018-12-17 14:40:56,CVX,113.28,12,BID
1986,2018-12-17 14:40:48,CVX,113.27,12,BID
1987,2018-12-17 14:40:42,CVX,113.26,3,BID
1988,2018-12-17 14:40:42,CVX,113.24,9,BID
1989,2018-12-17 14:41:35,CVX,113.34,16,ASK
1990,2018-12-17 14:41:32,CVX,113.35,3,ASK
1991,2018-12-17 14:41:29,CVX,113.36,18,ASK
1992,2018-12-17 14:36:50,CVX,113.37,12,ASK
1993,2018-12-17 14:36:47,CVX,113.38,18,ASK
1994,2018-12-17 14:41:35,CVX,113.29,19,BID
1995,2018-12-17 14:40:56,CVX,113.28,12,BID
1996,2018-12-17 14:40:48,CVX,113.27,12,BID
1997,2018-12-17 14:40:42,CVX,113.26,3,BID
1998,2018-12-17 14:40:42,CVX,113.24,9,BID
1999,2018-12-17 14:41:35,CVX,113.34,16,ASK
2000,2018-12-17 14:41:32,CVX,113.35,3,ASK
2001,2018-12-17 14:41:29,CVX,113.36,18,ASK
2002,2018-12-17 14:36:50,CVX,113.37,12,ASK
2003,2018-12-17 14:36:47,CVX,113.38,18,ASK
2004,2018-12-17 14:41:37,CVX,113.29,19,BID
2005,2018-12-17 14:40:56,CVX,113.28,12,BID
2006,2018-12-17 14:40:48,CVX,113.27,12,BID
2007,2018-12-17 14:40:42,CVX,113.26,3,BID
2008,2018-12-17 14:40:42,CVX,113.24,9,BID
2009,2018-12-17 14:41:37,CVX,113.34,17,ASK
2010,2018-12-17 14:41:32,CVX,113.35,3,ASK
2011,2018-12-17 14:41:29,CVX,113.36,18,ASK
2012,2018-12-17 14:36:50,CVX,113.37,12,ASK
2013,2018-12-17 14:36:47,CVX,113.38,18,ASK
2014,2018-12-17 14:41:37,CVX,113.29,19,BID
2015,2018-12-17 14:40:56,CVX,113.28,12,BID
2016,2018-12-17 14:40:48,CVX,113.27,12,BID
2017,2018-12-17 14:40:42,CVX,113.26,3,BID
2018,2018-12-17 14:40:42,CVX,113.24,9,BID
2019,2018-12-17 14:41:37,CVX,113.34,17,ASK
2020,2018-12-17 14:41:32,CVX,113.35,3,ASK
2021,2018-12-17 14:41:29,CVX,113.36,18,ASK
2022,2018-12-17 14:36:50,CVX,113.37,12,ASK
2023,2018-12-17 14:36:47,CVX,113.38,18,ASK
2024,2018-12-17 14:41:38,CVX,113.29,19,BID
2025,2018-12-17 14:40:56,CVX,113.28,12,BID
2026,2018-12-17 14:40:48,CVX,113.27,12,BID
2027,2018-12-17 14:40:42,CVX,113.26,3,BID
2028,2018-12-17 14:40:42,CVX,113.24,9,BID
2029,2018-12-17 14:41:37,CVX,113.34,10,ASK
2030,2018-12-17 14:41:32,CVX,113.35,3,ASK
2031,2018-12-17 14:41:29,CVX,113.36,18,ASK
2032,2018-12-17 14:36:50,CVX,113.37,12,ASK
2033,2018-12-17 14:36:47,CVX,113.38,18,ASK
2034,2018-12-17 14:41:39,CVX,113.29,12,BID
2035,2018-12-17 14:40:56,CVX,113.28,12,BID
2036,2018-12-17 14:40:48,CVX,113.27,12,BID
2037,2018-12-17 14:40:42,CVX,113.26,3,BID
2038,2018-12-17 14:40:42,CVX,113.24,9,BID
2039,2018-12-17 14:41:40,CVX,113.32,1,ASK
2040,2018-12-17 14:41:40,CVX,113.33,6,ASK
2041,2018-12-17 14:41:39,CVX,113.34,12,ASK
2042,2018-12-17 14:41:32,CVX,113.35,3,ASK
2043,2018-12-17 14:41:29,CVX,113.36,18,ASK
2044,2018-12-17 14:41:41,CVX,113.31,1,BID
2045,2018-12-17 14:41:41,CVX,113.3,3,BID
2046,2018-12-17 14:41:39,CVX,113.29,21,BID
2047,2018-12-17 14:40:56,CVX,113.28,12,BID
2048,2018-12-17 14:40:48,CVX,113.27,12,BID
2049,2018-12-17 14:41:41,CVX,113.35,4,ASK
2050,2018-12-17 14:41:29,CVX,113.36,18,ASK
2051,2018-12-17 14:36:50,CVX,113.37,12,ASK
2052,2018-12-17 14:36:47,CVX,113.38,18,ASK
2053,2018-12-17 14:36:37,CVX,113.39,14,ASK
2054,2018-12-17 14:41:41,CVX,113.31,14,BID
2055,2018-12-17 14:41:41,CVX,113.3,3,BID
2056,2018-12-17 14:41:39,CVX,113.29,21,BID
2057,2018-12-17 14:40:56,CVX,113.28,12,BID
2058,2018-12-17 14:40:48,CVX,113.27,12,BID
2059,2018-12-17 14:41:41,CVX,113.36,17,ASK
2060,2018-12-17 14:36:50,CVX,113.37,12,ASK
2061,2018-12-17 14:36:47,CVX,113.38,18,ASK
2062,2018-12-17 14:36:37,CVX,113.39,14,ASK
2063,2018-12-17 14:36:13,CVX,113.4,11,ASK
2064,2018-12-17 14:41:42,CVX,113.31,15,BID
2065,2018-12-17 14:41:41,CVX,113.3,3,BID
2066,2018-12-17 14:41:39,CVX,113.29,21,BID
2067,2018-12-17 14:40:56,CVX,113.28,12,BID
2068,2018-12-17 14:40:48,CVX,113.27,12,BID
2069,2018-12-17 14:41:42,CVX,113.35,2,ASK
2070,2018-12-17 14:41:41,CVX,113.36,18,ASK
2071,2018-12-17 14:36:50,CVX,113.37,12,ASK
2072,2018-12-17 14:36:47,CVX,113.38,18,ASK
2073,2018-12-17 14:36:37,CVX,113.39,14,ASK
2074,2018-12-17 14:41:42,CVX,113.31,15,BID
2075,2018-12-17 14:41:41,CVX,113.3,3,BID
2076,2018-12-17 14:41:39,CVX,113.29,21,BID
2077,2018-12-17 14:40:56,CVX,113.28,12,BID
2078,2018-12-17 14:40:48,CVX,113.27,12,BID
2079,2018-12-17 14:41:42,CVX,113.35,2,ASK
2080,2018-12-17 14:41:41,CVX,113.36,18,ASK
2081,2018-12-17 14:36:50,CVX,113.37,12,ASK
2082,2018-12-17 14:36:47,CVX,113.38,18,ASK
2083,2018-12-17 14:36:37,CVX,113.39,14,ASK
2084,2018-12-17 14:41:45,CVX,113.36,2,BID
2085,2018-12-17 14:41:45,CVX,113.35,1,BID
2086,2018-12-17 14:41:45,CVX,113.34,2,BID
2087,2018-12-17 14:41:44,CVX,113.31,16,BID
2088,2018-12-17 14:41:41,CVX,113.3,3,BID
2089,2018-12-17 14:41:45,CVX,113.38,18,ASK
2090,2018-12-17 14:36:37,CVX,113.39,14,ASK
2091,2018-12-17 14:36:13,CVX,113.4,11,ASK
2092,2018-12-17 14:36:09,CVX,113.41,13,ASK
2093,2018-12-17 14:36:09,CVX,113.42,20,ASK
2094,2018-12-17 14:41:46,CVX,113.38,1,BID
2095,2018-12-17 14:41:45,CVX,113.37,1,BID
2096,2018-12-17 14:41:45,CVX,113.36,4,BID
2097,2018-12-17 14:41:45,CVX,113.35,11,BID
2098,2018-12-17 14:41:45,CVX,113.34,2,BID
2099,2018-12-17 14:41:45,CVX,113.4,5,ASK
2100,2018-12-17 14:36:09,CVX,113.41,13,ASK
2101,2018-12-17 14:36:09,CVX,113.42,20,ASK
2102,2018-12-17 14:36:06,CVX,113.43,17,ASK
2103,2018-12-17 14:36:06,CVX,113.44,17,ASK
2104,2018-12-17 14:41:46,CVX,113.39,1,BID
2105,2018-12-17 14:41:46,CVX,113.38,1,BID
2106,2018-12-17 14:41:45,CVX,113.37,1,BID
2107,2018-12-17 14:41:45,CVX,113.36,4,BID
2108,2018-12-17 14:41:45,CVX,113.35,11,BID
2109,2018-12-17 14:41:46,CVX,113.41,1,ASK
2110,2018-12-17 14:36:09,CVX,113.42,13,ASK
2111,2018-12-17 14:36:06,CVX,113.43,17,ASK
2112,2018-12-17 14:36:06,CVX,113.44,17,ASK
2113,2018-12-17 14:36:06,CVX,113.45,8,ASK
2114,2018-12-17 14:41:48,CVX,113.4,1,BID
2115,2018-12-17 14:41:47,CVX,113.39,2,BID
2116,2018-12-17 14:41:47,CVX,113.38,4,BID
2117,2018-12-17 14:41:47,CVX,113.37,16,BID
2118,2018-12-17 14:41:45,CVX,113.36,4,BID
2119,2018-12-17 14:41:48,CVX,113.44,13,ASK
2120,2018-12-17 14:36:06,CVX,113.45,8,ASK
2121,2018-12-17 14:36:06,CVX,113.46,16,ASK
2122,2018-12-17 14:36:06,CVX,113.47,13,ASK
2123,2018-12-17 14:36:02,CVX,113.48,15,ASK
2124,2018-12-17 14:41:49,CVX,113.4,1,BID
2125,2018-12-17 14:41:47,CVX,113.39,2,BID
2126,2018-12-17 14:41:47,CVX,113.38,4,BID
2127,2018-12-17 14:41:47,CVX,113.37,16,BID
2128,2018-12-17 14:41:45,CVX,113.36,4,BID
2129,2018-12-17 14:41:48,CVX,113.44,12,ASK
2130,2018-12-17 14:36:06,CVX,113.45,8,ASK
2131,2018-12-17 14:36:06,CVX,113.46,16,ASK
2132,2018-12-17 14:36:06,CVX,113.47,13,ASK
2133,2018-12-17 14:36:02,CVX,113.48,15,ASK
2134,2018-12-17 14:41:49,CVX,113.4,1,BID
2135,2018-12-17 14:41:47,CVX,113.39,2,BID
2136,2018-12-17 14:41:47,CVX,113.38,4,BID
2137,2018-12-17 14:41:47,CVX,113.37,16,BID
2138,2018-12-17 14:41:45,CVX,113.36,4,BID
2139,2018-12-17 14:41:48,CVX,113.44,13,ASK
2140,2018-12-17 14:36:06,CVX,113.45,8,ASK
2141,2018-12-17 14:36:06,CVX,113.46,16,ASK
2142,2018-12-17 14:36:06,CVX,113.47,13,ASK
2143,2018-12-17 14:36:02,CVX,113.48,15,ASK
2144,2018-12-17 14:41:50,CVX,113.4,3,BID
2145,2018-12-17 14:41:47,CVX,113.39,2,BID
2146,2018-12-17 14:41:47,CVX,113.38,4,BID
2147,2018-12-17 14:41:47,CVX,113.37,16,BID
2148,2018-12-17 14:41:45,CVX,113.36,4,BID
2149,2018-12-17 14:41:50,CVX,113.43,1,ASK
2150,2018-12-17 14:41:50,CVX,113.44,1,ASK
2151,2018-12-17 14:41:50,CVX,113.45,10,ASK
2152,2018-12-17 14:36:06,CVX,113.46,16,ASK
2153,2018-12-17 14:36:06,CVX,113.47,13,ASK
2154,2018-12-17 14:41:52,CVX,113.4,4,BID
2155,2018-12-17 14:41:47,CVX,113.39,2,BID
2156,2018-12-17 14:41:47,CVX,113.38,4,BID
2157,2018-12-17 14:41:47,CVX,113.37,16,BID
2158,2018-12-17 14:41:45,CVX,113.36,4,BID
2159,2018-12-17 14:41:51,CVX,113.44,11,ASK
2160,2018-12-17 14:41:50,CVX,113.45,10,ASK
2161,2018-12-17 14:36:06,CVX,113.46,16,ASK
2162,2018-12-17 14:36:06,CVX,113.47,13,ASK
2163,2018-12-17 14:36:02,CVX,113.48,15,ASK
2164,2018-12-17 14:41:53,CVX,113.4,4,BID
2165,2018-12-17 14:41:47,CVX,113.39,2,BID
2166,2018-12-17 14:41:47,CVX,113.38,4,BID
2167,2018-12-17 14:41:47,CVX,113.37,16,BID
2168,2018-12-17 14:41:45,CVX,113.36,4,BID
2169,2018-12-17 14:41:53,CVX,113.44,19,ASK
2170,2018-12-17 14:41:50,CVX,113.45,10,ASK
2171,2018-12-17 14:36:06,CVX,113.46,16,ASK
2172,2018-12-17 14:36:06,CVX,113.47,13,ASK
2173,2018-12-17 14:36:02,CVX,113.48,15,ASK
2174,2018-12-17 14:41:54,CVX,113.4,4,BID
2175,2018-12-17 14:41:47,CVX,113.39,2,BID
2176,2018-12-17 14:41:47,CVX,113.38,4,BID
2177,2018-12-17 14:41:47,CVX,113.37,16,BID
2178,2018-12-17 14:41:45,CVX,113.36,4,BID
2179,2018-12-17 14:41:54,CVX,113.44,13,ASK
2180,2018-12-17 14:41:50,CVX,113.45,10,ASK
2181,2018-12-17 14:36:06,CVX,113.46,16,ASK
2182,2018-12-17 14:36:06,CVX,113.47,13,ASK
2183,2018-12-17 14:36:02,CVX,113.48,15,ASK
2184,2018-12-17 14:41:55,CVX,113.4,4,BID
2185,2018-12-17 14:41:47,CVX,113.39,2,BID
2186,2018-12-17 14:41:47,CVX,113.38,4,BID
2187,2018-12-17 14:41:47,CVX,113.37,16,BID
2188,2018-12-17 14:41:45,CVX,113.36,4,BID
2189,2018-12-17 14:41:55,CVX,113.44,21,ASK
2190,2018-12-17 14:41:50,CVX,113.45,10,ASK
2191,2018-12-17 14:36:06,CVX,113.46,16,ASK
2192,2018-12-17 14:36:06,CVX,113.47,13,ASK
2193,2018-12-17 14:36:02,CVX,113.48,15,ASK
2194,2018-12-17 14:41:56,CVX,113.39,3,BID
2195,2018-12-17 14:41:47,CVX,113.38,4,BID
2196,2018-12-17 14:41:47,CVX,113.37,16,BID
2197,2018-12-17 14:41:45,CVX,113.36,4,BID
2198,2018-12-17 14:41:45,CVX,113.35,11,BID
2199,2018-12-17 14:41:56,CVX,113.42,18,ASK
2200,2018-12-17 14:41:56,CVX,113.43,3,ASK
2201,2018-12-17 14:41:56,CVX,113.44,12,ASK
2202,2018-12-17 14:41:50,CVX,113.45,10,ASK
2203,2018-12-17 14:36:06,CVX,113.46,16,ASK
2204,2018-12-17 14:41:56,CVX,113.37,1,BID
2205,2018-12-17 14:41:56,CVX,113.35,1,BID
2206,2018-12-17 14:41:56,CVX,113.34,11,BID
2207,2018-12-17 14:41:44,CVX,113.31,16,BID
2208,2018-12-17 14:41:41,CVX,113.3,3,BID
2209,2018-12-17 14:41:56,CVX,113.4,17,ASK
2210,2018-12-17 14:41:56,CVX,113.41,18,ASK
2211,2018-12-17 14:41:56,CVX,113.42,19,ASK
2212,2018-12-17 14:41:56,CVX,113.43,3,ASK
2213,2018-12-17 14:41:56,CVX,113.44,12,ASK
2214,2018-12-17 14:41:57,CVX,113.34,12,BID
2215,2018-12-17 14:41:44,CVX,113.31,16,BID
2216,2018-12-17 14:41:41,CVX,113.3,3,BID
2217,2018-12-17 14:41:41,CVX,113.29,21,BID
2218,2018-12-17 14:40:59,CVX,113.28,12,BID
2219,2018-12-17 14:41:57,CVX,113.39,12,ASK
2220,2018-12-17 14:41:57,CVX,113.4,11,ASK
2221,2018-12-17 14:41:56,CVX,113.41,18,ASK
2222,2018-12-17 14:41:56,CVX,113.42,19,ASK
2223,2018-12-17 14:41:56,CVX,113.43,3,ASK
2224,2018-12-17 14:41:57,CVX,113.34,12,BID
2225,2018-12-17 14:41:44,CVX,113.31,16,BID
2226,2018-12-17 14:41:41,CVX,113.3,3,BID
2227,2018-12-17 14:41:41,CVX,113.29,21,BID
2228,2018-12-17 14:40:59,CVX,113.28,12,BID
2229,2018-12-17 14:41:57,CVX,113.39,12,ASK
2230,2018-12-17 14:41:57,CVX,113.4,11,ASK
2231,2018-12-17 14:41:56,CVX,113.41,18,ASK
2232,2018-12-17 14:41:56,CVX,113.42,19,ASK
2233,2018-12-17 14:41:56,CVX,113.43,3,ASK
2234,2018-12-17 14:42:00,CVX,113.34,12,BID
2235,2018-12-17 14:41:44,CVX,113.31,16,BID
2236,2018-12-17 14:41:41,CVX,113.3,3,BID
2237,2018-12-17 14:41:41,CVX,113.29,21,BID
2238,2018-12-17 14:40:59,CVX,113.28,12,BID
2239,2018-12-17 14:42:00,CVX,113.38,18,ASK
2240,2018-12-17 14:41:59,CVX,113.39,13,ASK
2241,2018-12-17 14:41:57,CVX,113.4,11,ASK
2242,2018-12-17 14:41:56,CVX,113.41,18,ASK
2243,2018-12-17 14:41:56,CVX,113.42,19,ASK
2244,2018-12-17 14:42:00,CVX,113.34,13,BID
2245,2018-12-17 14:41:44,CVX,113.31,16,BID
2246,2018-12-17 14:41:41,CVX,113.3,3,BID
2247,2018-12-17 14:41:41,CVX,113.29,21,BID
2248,2018-12-17 14:40:59,CVX,113.28,12,BID
2249,2018-12-17 14:42:00,CVX,113.38,12,ASK
2250,2018-12-17 14:41:59,CVX,113.39,13,ASK
2251,2018-12-17 14:41:57,CVX,113.4,11,ASK
2252,2018-12-17 14:41:56,CVX,113.41,18,ASK
2253,2018-12-17 14:41:56,CVX,113.42,19,ASK
2254,2018-12-17 14:42:02,CVX,113.35,3,BID
2255,2018-12-17 14:42:00,CVX,113.34,13,BID
2256,2018-12-17 14:41:44,CVX,113.31,16,BID
2257,2018-12-17 14:41:41,CVX,113.3,3,BID
2258,2018-12-17 14:41:41,CVX,113.29,21,BID
2259,2018-12-17 14:42:02,CVX,113.4,13,ASK
2260,2018-12-17 14:41:56,CVX,113.41,18,ASK
2261,2018-12-17 14:41:56,CVX,113.42,19,ASK
2262,2018-12-17 14:41:56,CVX,113.43,3,ASK
2263,2018-12-17 14:41:56,CVX,113.44,12,ASK
2264,2018-12-17 14:42:03,CVX,113.36,5,BID
2265,2018-12-17 14:42:02,CVX,113.35,18,BID
2266,2018-12-17 14:42:00,CVX,113.34,13,BID
2267,2018-12-17 14:41:44,CVX,113.31,16,BID
2268,2018-12-17 14:41:41,CVX,113.3,3,BID
2269,2018-12-17 14:42:02,CVX,113.4,12,ASK
2270,2018-12-17 14:41:56,CVX,113.41,18,ASK
2271,2018-12-17 14:41:56,CVX,113.42,19,ASK
2272,2018-12-17 14:41:56,CVX,113.43,3,ASK
2273,2018-12-17 14:41:56,CVX,113.44,12,ASK
2274,2018-12-17 14:42:03,CVX,113.36,5,BID
2275,2018-12-17 14:42:02,CVX,113.35,18,BID
2276,2018-12-17 14:42:00,CVX,113.34,13,BID
2277,2018-12-17 14:41:44,CVX,113.31,16,BID
2278,2018-12-17 14:41:41,CVX,113.3,3,BID
2279,2018-12-17 14:42:02,CVX,113.4,12,ASK
2280,2018-12-17 14:41:56,CVX,113.41,18,ASK
2281,2018-12-17 14:41:56,CVX,113.42,19,ASK
2282,2018-12-17 14:41:56,CVX,113.43,3,ASK
2283,2018-12-17 14:41:56,CVX,113.44,12,ASK
2284,2018-12-17 14:42:03,CVX,113.36,5,BID
2285,2018-12-17 14:42:02,CVX,113.35,18,BID
2286,2018-12-17 14:42:00,CVX,113.34,13,BID
2287,2018-12-17 14:41:44,CVX,113.31,16,BID
2288,2018-12-17 14:41:41,CVX,113.3,3,BID
2289,2018-12-17 14:42:04,CVX,113.4,20,ASK
2290,2018-12-17 14:41:56,CVX,113.41,18,ASK
2291,2018-12-17 14:41:56,CVX,113.42,19,ASK
2292,2018-12-17 14:41:56,CVX,113.43,3,ASK
2293,2018-12-17 14:41:56,CVX,113.44,12,ASK
2294,2018-12-17 14:42:00,CVX,113.34,13,BID
2295,2018-12-17 14:41:44,CVX,113.31,16,BID
2296,2018-12-17 14:41:41,CVX,113.3,3,BID
2297,2018-12-17 14:41:41,CVX,113.29,21,BID
2298,2018-12-17 14:40:59,CVX,113.28,12,BID
2299,2018-12-17 14:42:06,CVX,113.39,4,ASK
2300,2018-12-17 14:42:05,CVX,113.4,15,ASK
2301,2018-12-17 14:41:56,CVX,113.41,18,ASK
2302,2018-12-17 14:41:56,CVX,113.42,19,ASK
2303,2018-12-17 14:41:56,CVX,113.43,3,ASK
2304,2018-12-17 14:42:07,CVX,113.37,2,BID
2305,2018-12-17 14:42:07,CVX,113.36,5,BID
2306,2018-12-17 14:42:06,CVX,113.35,3,BID
2307,2018-12-17 14:42:00,CVX,113.34,18,BID
2308,2018-12-17 14:41:44,CVX,113.31,16,BID
2309,2018-12-17 14:42:05,CVX,113.4,15,ASK
2310,2018-12-17 14:41:56,CVX,113.41,18,ASK
2311,2018-12-17 14:41:56,CVX,113.42,19,ASK
2312,2018-12-17 14:41:56,CVX,113.43,3,ASK
2313,2018-12-17 14:41:56,CVX,113.44,12,ASK
2314,2018-12-17 14:42:07,CVX,113.36,5,BID
2315,2018-12-17 14:42:06,CVX,113.35,3,BID
2316,2018-12-17 14:42:00,CVX,113.34,18,BID
2317,2018-12-17 14:41:44,CVX,113.31,16,BID
2318,2018-12-17 14:41:41,CVX,113.3,3,BID
2319,2018-12-17 14:42:05,CVX,113.4,15,ASK
2320,2018-12-17 14:41:56,CVX,113.41,18,ASK
2321,2018-12-17 14:41:56,CVX,113.42,19,ASK
2322,2018-12-17 14:41:56,CVX,113.43,3,ASK
2323,2018-12-17 14:41:56,CVX,113.44,12,ASK
2324,2018-12-17 14:42:09,CVX,113.38,12,BID
2325,2018-12-17 14:42:08,CVX,113.37,17,BID
2326,2018-12-17 14:42:08,CVX,113.36,8,BID
2327,2018-12-17 14:42:06,CVX,113.35,3,BID
2328,2018-12-17 14:42:00,CVX,113.34,18,BID
2329,2018-12-17 14:42:09,CVX,113.42,19,ASK
2330,2018-12-17 14:41:56,CVX,113.43,3,ASK
2331,2018-12-17 14:41:56,CVX,113.44,12,ASK
2332,2018-12-17 14:41:50,CVX,113.45,10,ASK
2333,2018-12-17 14:36:06,CVX,113.46,16,ASK
2334,2018-12-17 14:42:09,CVX,113.38,12,BID
2335,2018-12-17 14:42:08,CVX,113.37,17,BID
2336,2018-12-17 14:42:08,CVX,113.36,8,BID
2337,2018-12-17 14:42:06,CVX,113.35,3,BID
2338,2018-12-17 14:42:00,CVX,113.34,18,BID
2339,2018-12-17 14:42:09,CVX,113.42,19,ASK
2340,2018-12-17 14:41:56,CVX,113.43,3,ASK
2341,2018-12-17 14:41:56,CVX,113.44,12,ASK
2342,2018-12-17 14:41:50,CVX,113.45,10,ASK
2343,2018-12-17 14:36:06,CVX,113.46,16,ASK
2344,2018-12-17 14:42:10,CVX,113.38,13,BID
2345,2018-12-17 14:42:08,CVX,113.37,17,BID
2346,2018-12-17 14:42:08,CVX,113.36,8,BID
2347,2018-12-17 14:42:06,CVX,113.35,3,BID
2348,2018-12-17 14:42:00,CVX,113.34,18,BID
2349,2018-12-17 14:42:10,CVX,113.42,23,ASK
2350,2018-12-17 14:41:56,CVX,113.43,3,ASK
2351,2018-12-17 14:41:56,CVX,113.44,12,ASK
2352,2018-12-17 14:41:50,CVX,113.45,10,ASK
2353,2018-12-17 14:36:06,CVX,113.46,16,ASK
2354,2018-12-17 14:42:10,CVX,113.38,12,BID
2355,2018-12-17 14:42:08,CVX,113.37,17,BID
2356,2018-12-17 14:42:08,CVX,113.36,8,BID
2357,2018-12-17 14:42:06,CVX,113.35,3,BID
2358,2018-12-17 14:42:00,CVX,113.34,18,BID
2359,2018-12-17 14:42:11,CVX,113.42,23,ASK
2360,2018-12-17 14:41:56,CVX,113.43,3,ASK
2361,2018-12-17 14:41:56,CVX,113.44,12,ASK
2362,2018-12-17 14:41:50,CVX,113.45,10,ASK
2363,2018-12-17 14:36:06,CVX,113.46,16,ASK
2364,2018-12-17 14:42:12,CVX,113.39,1,BID
2365,2018-12-17 14:42:10,CVX,113.38,12,BID
2366,2018-12-17 14:42:08,CVX,113.37,17,BID
2367,2018-12-17 14:42:08,CVX,113.36,8,BID
2368,2018-12-17 14:42:06,CVX,113.35,3,BID
2369,2018-12-17 14:42:12,CVX,113.42,19,ASK
2370,2018-12-17 14:41:56,CVX,113.43,3,ASK
2371,2018-12-17 14:41:56,CVX,113.44,12,ASK
2372,2018-12-17 14:41:50,CVX,113.45,10,ASK
2373,2018-12-17 14:36:06,CVX,113.46,16,ASK
2374,2018-12-17 14:42:13,CVX,113.39,3,BID
2375,2018-12-17 14:42:10,CVX,113.38,12,BID
2376,2018-12-17 14:42:08,CVX,113.37,17,BID
2377,2018-12-17 14:42:08,CVX,113.36,8,BID
2378,2018-12-17 14:42:06,CVX,113.35,3,BID
2379,2018-12-17 14:42:12,CVX,113.42,19,ASK
2380,2018-12-17 14:41:56,CVX,113.43,3,ASK
2381,2018-12-17 14:41:56,CVX,113.44,12,ASK
