,timestamp,ticker,price,volume,bid_ask
0,2018-12-17 14:38:03,GS,168.1,3,BID
1,2018-12-17 14:38:01,GS,168.09,1,BID
2,2018-12-17 14:37:52,GS,168.08,4,BID
3,2018-12-17 10:38:32,GS,168.07,12,BID
4,2018-12-17 09:53:47,GS,168.05,2,BID
5,2018-12-17 14:38:06,GS,168.17,3,ASK
6,2018-12-17 14:38:06,GS,168.19,3,ASK
7,2018-12-17 14:38:06,GS,168.2,1,ASK
8,2018-12-17 14:38:06,GS,168.21,9,ASK
9,2018-12-17 14:37:32,GS,168.25,5,ASK
10,2018-12-17 14:38:07,GS,168.1,3,BID
11,2018-12-17 14:38:01,GS,168.09,1,BID
12,2018-12-17 14:37:52,GS,168.08,4,BID
13,2018-12-17 10:38:32,GS,168.07,12,BID
14,2018-12-17 09:53:47,GS,168.05,2,BID
15,2018-12-17 14:38:07,GS,168.17,3,ASK
16,2018-12-17 14:38:06,GS,168.19,3,ASK
17,2018-12-17 14:38:06,GS,168.2,1,ASK
18,2018-12-17 14:38:06,GS,168.21,9,ASK
19,2018-12-17 14:37:32,GS,168.25,5,ASK
20,2018-12-17 14:38:07,GS,168.1,3,BID
21,2018-12-17 14:38:01,GS,168.09,1,BID
22,2018-12-17 14:37:52,GS,168.08,4,BID
23,2018-12-17 10:38:32,GS,168.07,12,BID
24,2018-12-17 09:53:47,GS,168.05,2,BID
25,2018-12-17 14:38:07,GS,168.17,3,ASK
26,2018-12-17 14:38:06,GS,168.19,3,ASK
27,2018-12-17 14:38:06,GS,168.2,1,ASK
28,2018-12-17 14:38:06,GS,168.21,9,ASK
29,2018-12-17 14:37:32,GS,168.25,5,ASK
30,2018-12-17 14:38:07,GS,168.1,3,BID
31,2018-12-17 14:38:01,GS,168.09,1,BID
32,2018-12-17 14:37:52,GS,168.08,4,BID
33,2018-12-17 10:38:32,GS,168.07,12,BID
34,2018-12-17 09:53:47,GS,168.05,2,BID
35,2018-12-17 14:38:07,GS,168.17,3,ASK
36,2018-12-17 14:38:06,GS,168.19,3,ASK
37,2018-12-17 14:38:06,GS,168.2,1,ASK
38,2018-12-17 14:38:06,GS,168.21,9,ASK
39,2018-12-17 14:37:32,GS,168.25,5,ASK
40,2018-12-17 14:38:10,GS,168.1,4,BID
41,2018-12-17 14:38:01,GS,168.09,1,BID
42,2018-12-17 14:37:52,GS,168.08,4,BID
43,2018-12-17 10:38:32,GS,168.07,12,BID
44,2018-12-17 09:53:47,GS,168.05,2,BID
45,2018-12-17 14:38:10,GS,168.17,3,ASK
46,2018-12-17 14:38:06,GS,168.19,3,ASK
47,2018-12-17 14:38:06,GS,168.2,1,ASK
48,2018-12-17 14:38:06,GS,168.21,9,ASK
49,2018-12-17 14:37:32,GS,168.25,5,ASK
50,2018-12-17 14:38:12,GS,168.11,1,BID
51,2018-12-17 14:38:11,GS,168.1,4,BID
52,2018-12-17 14:38:01,GS,168.09,1,BID
53,2018-12-17 14:37:52,GS,168.08,4,BID
54,2018-12-17 10:38:32,GS,168.07,12,BID
55,2018-12-17 14:38:12,GS,168.17,6,ASK
56,2018-12-17 14:38:06,GS,168.19,3,ASK
57,2018-12-17 14:38:06,GS,168.2,1,ASK
58,2018-12-17 14:38:06,GS,168.21,9,ASK
59,2018-12-17 14:37:32,GS,168.25,5,ASK
60,2018-12-17 14:38:12,GS,168.11,3,BID
61,2018-12-17 14:38:11,GS,168.1,4,BID
62,2018-12-17 14:38:01,GS,168.09,1,BID
63,2018-12-17 14:37:52,GS,168.08,4,BID
64,2018-12-17 10:38:32,GS,168.07,12,BID
65,2018-12-17 14:38:12,GS,168.17,6,ASK
66,2018-12-17 14:38:06,GS,168.19,3,ASK
67,2018-12-17 14:38:06,GS,168.2,1,ASK
68,2018-12-17 14:38:06,GS,168.21,9,ASK
69,2018-12-17 14:37:32,GS,168.25,5,ASK
70,2018-12-17 14:38:12,GS,168.11,3,BID
71,2018-12-17 14:38:11,GS,168.1,4,BID
72,2018-12-17 14:38:01,GS,168.09,1,BID
73,2018-12-17 14:37:52,GS,168.08,4,BID
74,2018-12-17 10:38:32,GS,168.07,12,BID
75,2018-12-17 14:38:13,GS,168.17,6,ASK
76,2018-12-17 14:38:06,GS,168.19,3,ASK
77,2018-12-17 14:38:06,GS,168.2,1,ASK
78,2018-12-17 14:38:06,GS,168.21,9,ASK
79,2018-12-17 14:37:32,GS,168.25,5,ASK
80,2018-12-17 14:38:11,GS,168.1,4,BID
81,2018-12-17 14:38:01,GS,168.09,1,BID
82,2018-12-17 14:37:52,GS,168.08,4,BID
83,2018-12-17 10:38:32,GS,168.07,12,BID
84,2018-12-17 09:53:47,GS,168.05,2,BID
85,2018-12-17 14:38:15,GS,168.16,3,ASK
86,2018-12-17 14:38:13,GS,168.17,6,ASK
87,2018-12-17 14:38:06,GS,168.19,3,ASK
88,2018-12-17 14:38:06,GS,168.2,1,ASK
89,2018-12-17 14:38:06,GS,168.21,9,ASK
90,2018-12-17 14:38:11,GS,168.1,4,BID
91,2018-12-17 14:38:01,GS,168.09,1,BID
92,2018-12-17 14:37:52,GS,168.08,4,BID
93,2018-12-17 10:38:32,GS,168.07,12,BID
94,2018-12-17 09:53:47,GS,168.05,2,BID
95,2018-12-17 14:38:15,GS,168.16,3,ASK
96,2018-12-17 14:38:13,GS,168.17,6,ASK
97,2018-12-17 14:38:06,GS,168.19,3,ASK
98,2018-12-17 14:38:06,GS,168.2,1,ASK
99,2018-12-17 14:38:06,GS,168.21,9,ASK
100,2018-12-17 14:38:11,GS,168.1,4,BID
101,2018-12-17 14:38:01,GS,168.09,1,BID
102,2018-12-17 14:37:52,GS,168.08,4,BID
103,2018-12-17 10:38:32,GS,168.07,12,BID
104,2018-12-17 09:53:47,GS,168.05,2,BID
105,2018-12-17 14:38:15,GS,168.16,3,ASK
106,2018-12-17 14:38:13,GS,168.17,6,ASK
107,2018-12-17 14:38:06,GS,168.19,3,ASK
108,2018-12-17 14:38:06,GS,168.2,1,ASK
109,2018-12-17 14:38:06,GS,168.21,9,ASK
110,2018-12-17 14:38:17,GS,168.12,5,BID
111,2018-12-17 14:38:11,GS,168.1,4,BID
112,2018-12-17 14:38:01,GS,168.09,1,BID
113,2018-12-17 14:37:52,GS,168.08,4,BID
114,2018-12-17 10:38:32,GS,168.07,12,BID
115,2018-12-17 14:38:17,GS,168.16,4,ASK
116,2018-12-17 14:38:13,GS,168.17,6,ASK
117,2018-12-17 14:38:06,GS,168.19,3,ASK
118,2018-12-17 14:38:06,GS,168.2,1,ASK
119,2018-12-17 14:38:06,GS,168.21,9,ASK
120,2018-12-17 14:38:18,GS,168.13,1,BID
121,2018-12-17 14:38:18,GS,168.12,5,BID
122,2018-12-17 14:38:11,GS,168.1,4,BID
123,2018-12-17 14:38:01,GS,168.09,1,BID
124,2018-12-17 14:37:52,GS,168.08,4,BID
125,2018-12-17 14:38:18,GS,168.17,6,ASK
126,2018-12-17 14:38:06,GS,168.19,3,ASK
127,2018-12-17 14:38:06,GS,168.2,1,ASK
128,2018-12-17 14:38:06,GS,168.21,9,ASK
129,2018-12-17 14:37:32,GS,168.25,5,ASK
130,2018-12-17 14:38:19,GS,168.1,1,BID
131,2018-12-17 14:38:19,GS,168.09,3,BID
132,2018-12-17 14:37:52,GS,168.08,4,BID
133,2018-12-17 10:38:32,GS,168.07,12,BID
134,2018-12-17 09:53:47,GS,168.05,2,BID
135,2018-12-17 14:38:19,GS,168.13,3,ASK
136,2018-12-17 14:38:19,GS,168.14,3,ASK
137,2018-12-17 14:38:19,GS,168.15,2,ASK
138,2018-12-17 14:38:19,GS,168.16,3,ASK
139,2018-12-17 14:38:19,GS,168.17,6,ASK
140,2018-12-17 14:38:19,GS,168.08,4,BID
141,2018-12-17 10:38:32,GS,168.07,12,BID
142,2018-12-17 09:53:47,GS,168.05,2,BID
143,2018-12-17 09:53:36,GS,168.01,2,BID
144,2018-12-17 14:38:19,GS,168.1,2,ASK
145,2018-12-17 14:38:19,GS,168.13,5,ASK
146,2018-12-17 14:38:19,GS,168.14,3,ASK
147,2018-12-17 14:38:19,GS,168.15,2,ASK
148,2018-12-17 14:38:19,GS,168.16,3,ASK
149,2018-12-17 14:38:21,GS,168.08,3,BID
150,2018-12-17 14:38:21,GS,168.06,1,BID
151,2018-12-17 09:53:47,GS,168.05,2,BID
152,2018-12-17 09:53:36,GS,168.01,2,BID
153,2018-12-17 14:38:21,GS,168.1,4,ASK
154,2018-12-17 14:38:19,GS,168.13,5,ASK
155,2018-12-17 14:38:19,GS,168.14,3,ASK
156,2018-12-17 14:38:19,GS,168.15,2,ASK
157,2018-12-17 14:38:19,GS,168.16,3,ASK
158,2018-12-17 14:38:21,GS,168.08,3,BID
159,2018-12-17 14:38:21,GS,168.06,1,BID
160,2018-12-17 09:53:47,GS,168.05,2,BID
161,2018-12-17 09:53:36,GS,168.01,2,BID
162,2018-12-17 14:38:22,GS,168.11,1,ASK
163,2018-12-17 14:38:19,GS,168.13,5,ASK
164,2018-12-17 14:38:19,GS,168.14,3,ASK
165,2018-12-17 14:38:19,GS,168.15,2,ASK
166,2018-12-17 14:38:19,GS,168.16,3,ASK
167,2018-12-17 14:38:24,GS,168.08,4,BID
168,2018-12-17 14:38:21,GS,168.06,1,BID
169,2018-12-17 09:53:47,GS,168.05,2,BID
170,2018-12-17 09:53:36,GS,168.01,2,BID
171,2018-12-17 14:38:24,GS,168.12,1,ASK
172,2018-12-17 14:38:23,GS,168.13,6,ASK
173,2018-12-17 14:38:19,GS,168.14,3,ASK
174,2018-12-17 14:38:19,GS,168.15,2,ASK
175,2018-12-17 14:38:19,GS,168.16,3,ASK
176,2018-12-17 14:38:24,GS,168.08,4,BID
177,2018-12-17 14:38:21,GS,168.06,1,BID
178,2018-12-17 09:53:47,GS,168.05,2,BID
179,2018-12-17 09:53:36,GS,168.01,2,BID
180,2018-12-17 14:38:24,GS,168.12,1,ASK
181,2018-12-17 14:38:23,GS,168.13,6,ASK
182,2018-12-17 14:38:19,GS,168.14,3,ASK
183,2018-12-17 14:38:19,GS,168.15,2,ASK
184,2018-12-17 14:38:19,GS,168.16,3,ASK
185,2018-12-17 14:38:24,GS,168.08,4,BID
186,2018-12-17 14:38:21,GS,168.06,1,BID
187,2018-12-17 09:53:47,GS,168.05,2,BID
188,2018-12-17 09:53:36,GS,168.01,2,BID
189,2018-12-17 14:38:25,GS,168.12,3,ASK
190,2018-12-17 14:38:23,GS,168.13,6,ASK
191,2018-12-17 14:38:19,GS,168.14,3,ASK
192,2018-12-17 14:38:19,GS,168.15,2,ASK
193,2018-12-17 14:38:19,GS,168.16,3,ASK
194,2018-12-17 14:38:24,GS,168.08,4,BID
195,2018-12-17 14:38:21,GS,168.06,1,BID
196,2018-12-17 09:53:47,GS,168.05,2,BID
197,2018-12-17 09:53:36,GS,168.01,2,BID
198,2018-12-17 14:38:26,GS,168.1,1,ASK
199,2018-12-17 14:38:25,GS,168.12,3,ASK
200,2018-12-17 14:38:23,GS,168.13,6,ASK
201,2018-12-17 14:38:19,GS,168.14,3,ASK
202,2018-12-17 14:38:19,GS,168.15,2,ASK
203,2018-12-17 14:38:28,GS,168.08,5,BID
204,2018-12-17 14:38:21,GS,168.06,1,BID
205,2018-12-17 09:53:47,GS,168.05,2,BID
206,2018-12-17 09:53:36,GS,168.01,2,BID
207,2018-12-17 14:38:28,GS,168.1,1,ASK
208,2018-12-17 14:38:25,GS,168.12,3,ASK
209,2018-12-17 14:38:23,GS,168.13,6,ASK
210,2018-12-17 14:38:19,GS,168.14,3,ASK
211,2018-12-17 14:38:19,GS,168.15,2,ASK
212,2018-12-17 14:38:28,GS,168.08,5,BID
213,2018-12-17 14:38:21,GS,168.06,1,BID
214,2018-12-17 09:53:47,GS,168.05,2,BID
215,2018-12-17 09:53:36,GS,168.01,2,BID
216,2018-12-17 14:38:28,GS,168.1,1,ASK
217,2018-12-17 14:38:25,GS,168.12,3,ASK
218,2018-12-17 14:38:23,GS,168.13,6,ASK
219,2018-12-17 14:38:19,GS,168.14,3,ASK
220,2018-12-17 14:38:19,GS,168.15,2,ASK
221,2018-12-17 14:38:30,GS,168.08,5,BID
222,2018-12-17 14:38:21,GS,168.06,1,BID
223,2018-12-17 09:53:47,GS,168.05,2,BID
224,2018-12-17 09:53:36,GS,168.01,2,BID
225,2018-12-17 14:38:30,GS,168.1,1,ASK
226,2018-12-17 14:38:25,GS,168.12,3,ASK
227,2018-12-17 14:38:23,GS,168.13,6,ASK
228,2018-12-17 14:38:19,GS,168.14,3,ASK
229,2018-12-17 14:38:19,GS,168.15,2,ASK
230,2018-12-17 14:38:30,GS,168.08,6,BID
231,2018-12-17 14:38:21,GS,168.06,1,BID
232,2018-12-17 09:53:47,GS,168.05,2,BID
233,2018-12-17 09:53:36,GS,168.01,2,BID
234,2018-12-17 14:38:30,GS,168.1,1,ASK
235,2018-12-17 14:38:25,GS,168.12,3,ASK
236,2018-12-17 14:38:23,GS,168.13,6,ASK
237,2018-12-17 14:38:19,GS,168.14,3,ASK
238,2018-12-17 14:38:19,GS,168.15,2,ASK
239,2018-12-17 14:38:30,GS,168.08,6,BID
240,2018-12-17 14:38:21,GS,168.06,1,BID
241,2018-12-17 09:53:47,GS,168.05,2,BID
242,2018-12-17 09:53:36,GS,168.01,2,BID
243,2018-12-17 14:38:30,GS,168.1,1,ASK
244,2018-12-17 14:38:25,GS,168.12,3,ASK
245,2018-12-17 14:38:23,GS,168.13,6,ASK
246,2018-12-17 14:38:19,GS,168.14,3,ASK
247,2018-12-17 14:38:19,GS,168.15,2,ASK
248,2018-12-17 14:38:33,GS,168.08,5,BID
249,2018-12-17 14:38:21,GS,168.06,1,BID
250,2018-12-17 09:53:47,GS,168.05,2,BID
251,2018-12-17 09:53:36,GS,168.01,2,BID
252,2018-12-17 14:38:23,GS,168.13,6,ASK
253,2018-12-17 14:38:19,GS,168.14,3,ASK
254,2018-12-17 14:38:19,GS,168.15,2,ASK
255,2018-12-17 14:38:19,GS,168.16,3,ASK
256,2018-12-17 14:38:19,GS,168.17,6,ASK
257,2018-12-17 14:38:33,GS,168.08,5,BID
258,2018-12-17 14:38:21,GS,168.06,1,BID
259,2018-12-17 09:53:47,GS,168.05,2,BID
260,2018-12-17 09:53:36,GS,168.01,2,BID
261,2018-12-17 14:38:23,GS,168.13,6,ASK
262,2018-12-17 14:38:19,GS,168.14,3,ASK
263,2018-12-17 14:38:19,GS,168.15,2,ASK
264,2018-12-17 14:38:19,GS,168.16,3,ASK
265,2018-12-17 14:38:19,GS,168.17,6,ASK
266,2018-12-17 14:38:33,GS,168.08,5,BID
267,2018-12-17 14:38:21,GS,168.06,1,BID
268,2018-12-17 09:53:47,GS,168.05,2,BID
269,2018-12-17 09:53:36,GS,168.01,2,BID
270,2018-12-17 14:38:23,GS,168.13,6,ASK
271,2018-12-17 14:38:19,GS,168.14,3,ASK
272,2018-12-17 14:38:19,GS,168.15,2,ASK
273,2018-12-17 14:38:19,GS,168.16,3,ASK
274,2018-12-17 14:38:19,GS,168.17,6,ASK
275,2018-12-17 14:38:35,GS,168.09,1,BID
276,2018-12-17 14:38:35,GS,168.08,5,BID
277,2018-12-17 14:38:21,GS,168.06,1,BID
278,2018-12-17 09:53:47,GS,168.05,2,BID
279,2018-12-17 09:53:36,GS,168.01,2,BID
280,2018-12-17 14:38:35,GS,168.14,5,ASK
281,2018-12-17 14:38:19,GS,168.15,2,ASK
282,2018-12-17 14:38:19,GS,168.16,3,ASK
283,2018-12-17 14:38:19,GS,168.17,6,ASK
284,2018-12-17 14:38:06,GS,168.19,3,ASK
285,2018-12-17 14:38:35,GS,168.09,1,BID
286,2018-12-17 14:38:35,GS,168.08,5,BID
287,2018-12-17 14:38:21,GS,168.06,1,BID
288,2018-12-17 09:53:47,GS,168.05,2,BID
289,2018-12-17 09:53:36,GS,168.01,2,BID
290,2018-12-17 14:38:35,GS,168.14,5,ASK
291,2018-12-17 14:38:19,GS,168.15,2,ASK
292,2018-12-17 14:38:19,GS,168.16,3,ASK
293,2018-12-17 14:38:19,GS,168.17,6,ASK
294,2018-12-17 14:38:06,GS,168.19,3,ASK
295,2018-12-17 14:38:38,GS,168.1,1,BID
296,2018-12-17 14:38:38,GS,168.09,1,BID
297,2018-12-17 14:38:35,GS,168.08,5,BID
298,2018-12-17 14:38:21,GS,168.06,1,BID
299,2018-12-17 09:53:47,GS,168.05,2,BID
300,2018-12-17 14:38:38,GS,168.17,8,ASK
301,2018-12-17 14:38:06,GS,168.19,3,ASK
302,2018-12-17 14:38:06,GS,168.2,1,ASK
303,2018-12-17 14:38:06,GS,168.21,9,ASK
304,2018-12-17 14:37:32,GS,168.25,5,ASK
305,2018-12-17 14:38:38,GS,168.1,2,BID
306,2018-12-17 14:38:38,GS,168.09,1,BID
307,2018-12-17 14:38:35,GS,168.08,5,BID
308,2018-12-17 14:38:21,GS,168.06,1,BID
309,2018-12-17 09:53:47,GS,168.05,2,BID
310,2018-12-17 14:38:38,GS,168.17,8,ASK
311,2018-12-17 14:38:06,GS,168.19,3,ASK
312,2018-12-17 14:38:06,GS,168.2,1,ASK
313,2018-12-17 14:38:06,GS,168.21,9,ASK
314,2018-12-17 14:37:32,GS,168.25,5,ASK
315,2018-12-17 14:38:38,GS,168.1,2,BID
316,2018-12-17 14:38:38,GS,168.09,1,BID
317,2018-12-17 14:38:35,GS,168.08,5,BID
318,2018-12-17 14:38:21,GS,168.06,1,BID
319,2018-12-17 09:53:47,GS,168.05,2,BID
320,2018-12-17 14:38:38,GS,168.17,8,ASK
321,2018-12-17 14:38:06,GS,168.19,3,ASK
322,2018-12-17 14:38:06,GS,168.2,1,ASK
323,2018-12-17 14:38:06,GS,168.21,9,ASK
324,2018-12-17 14:37:32,GS,168.25,5,ASK
325,2018-12-17 14:38:41,GS,168.13,2,BID
326,2018-12-17 14:38:41,GS,168.11,2,BID
327,2018-12-17 14:38:41,GS,168.1,5,BID
328,2018-12-17 14:38:38,GS,168.09,1,BID
329,2018-12-17 14:38:35,GS,168.08,5,BID
330,2018-12-17 14:38:41,GS,168.2,2,ASK
331,2018-12-17 14:38:06,GS,168.21,9,ASK
332,2018-12-17 14:37:32,GS,168.25,5,ASK
333,2018-12-17 14:37:26,GS,168.26,7,ASK
334,2018-12-17 14:37:26,GS,168.28,2,ASK
335,2018-12-17 14:38:42,GS,168.13,3,BID
336,2018-12-17 14:38:41,GS,168.11,2,BID
337,2018-12-17 14:38:41,GS,168.1,5,BID
338,2018-12-17 14:38:38,GS,168.09,1,BID
339,2018-12-17 14:38:35,GS,168.08,5,BID
340,2018-12-17 14:38:06,GS,168.21,9,ASK
341,2018-12-17 14:37:32,GS,168.25,5,ASK
342,2018-12-17 14:37:26,GS,168.26,7,ASK
343,2018-12-17 14:37:26,GS,168.28,2,ASK
344,2018-12-17 14:37:25,GS,168.3,5,ASK
345,2018-12-17 14:38:42,GS,168.13,3,BID
346,2018-12-17 14:38:41,GS,168.11,2,BID
347,2018-12-17 14:38:41,GS,168.1,5,BID
348,2018-12-17 14:38:38,GS,168.09,1,BID
349,2018-12-17 14:38:35,GS,168.08,5,BID
350,2018-12-17 14:38:06,GS,168.21,9,ASK
351,2018-12-17 14:37:32,GS,168.25,5,ASK
352,2018-12-17 14:37:26,GS,168.26,7,ASK
353,2018-12-17 14:37:26,GS,168.28,2,ASK
354,2018-12-17 14:37:25,GS,168.3,5,ASK
355,2018-12-17 14:38:44,GS,168.13,3,BID
356,2018-12-17 14:38:41,GS,168.11,2,BID
357,2018-12-17 14:38:41,GS,168.1,5,BID
358,2018-12-17 14:38:38,GS,168.09,1,BID
359,2018-12-17 14:38:35,GS,168.08,5,BID
360,2018-12-17 14:38:44,GS,168.22,6,ASK
361,2018-12-17 14:38:43,GS,168.23,2,ASK
362,2018-12-17 14:37:32,GS,168.25,5,ASK
363,2018-12-17 14:37:26,GS,168.26,7,ASK
364,2018-12-17 14:37:26,GS,168.28,2,ASK
365,2018-12-17 14:38:45,GS,168.1,4,BID
366,2018-12-17 14:38:38,GS,168.09,1,BID
367,2018-12-17 14:38:35,GS,168.08,5,BID
368,2018-12-17 14:38:21,GS,168.06,1,BID
369,2018-12-17 09:53:47,GS,168.05,2,BID
370,2018-12-17 14:38:45,GS,168.18,3,ASK
371,2018-12-17 14:38:45,GS,168.2,1,ASK
372,2018-12-17 14:38:45,GS,168.21,3,ASK
373,2018-12-17 14:38:44,GS,168.22,7,ASK
374,2018-12-17 14:38:43,GS,168.23,2,ASK
375,2018-12-17 14:38:38,GS,168.1,5,BID
376,2018-12-17 14:38:38,GS,168.09,1,BID
377,2018-12-17 14:38:21,GS,168.08,5,BID
378,2018-12-17 14:38:21,GS,168.06,1,BID
379,2018-12-17 09:53:47,GS,168.05,2,BID
380,2018-12-17 14:38:46,GS,168.18,3,ASK
381,2018-12-17 14:38:45,GS,168.2,1,ASK
382,2018-12-17 14:38:45,GS,168.21,3,ASK
383,2018-12-17 14:38:44,GS,168.22,7,ASK
384,2018-12-17 14:38:43,GS,168.23,2,ASK
385,2018-12-17 14:38:46,GS,168.13,3,BID
386,2018-12-17 14:38:38,GS,168.1,5,BID
387,2018-12-17 14:38:38,GS,168.09,1,BID
388,2018-12-17 14:38:21,GS,168.08,5,BID
389,2018-12-17 14:38:21,GS,168.06,1,BID
390,2018-12-17 14:38:46,GS,168.21,4,ASK
391,2018-12-17 14:38:44,GS,168.22,7,ASK
392,2018-12-17 14:38:43,GS,168.23,2,ASK
393,2018-12-17 14:37:32,GS,168.25,5,ASK
394,2018-12-17 14:37:26,GS,168.26,7,ASK
395,2018-12-17 14:38:48,GS,168.16,2,BID
396,2018-12-17 14:38:48,GS,168.13,3,BID
397,2018-12-17 14:38:38,GS,168.1,5,BID
398,2018-12-17 14:38:38,GS,168.09,1,BID
399,2018-12-17 14:38:21,GS,168.08,5,BID
400,2018-12-17 14:38:48,GS,168.22,5,ASK
401,2018-12-17 14:38:43,GS,168.23,2,ASK
402,2018-12-17 14:37:32,GS,168.25,5,ASK
403,2018-12-17 14:37:26,GS,168.26,7,ASK
404,2018-12-17 14:37:26,GS,168.28,2,ASK
405,2018-12-17 14:38:48,GS,168.16,2,BID
406,2018-12-17 14:38:48,GS,168.13,3,BID
407,2018-12-17 14:38:38,GS,168.1,5,BID
408,2018-12-17 14:38:38,GS,168.09,1,BID
409,2018-12-17 14:38:21,GS,168.08,5,BID
410,2018-12-17 14:38:48,GS,168.22,5,ASK
411,2018-12-17 14:38:43,GS,168.23,2,ASK
412,2018-12-17 14:37:32,GS,168.25,5,ASK
413,2018-12-17 14:37:26,GS,168.26,7,ASK
414,2018-12-17 14:37:26,GS,168.28,2,ASK
415,2018-12-17 14:38:49,GS,168.16,2,BID
416,2018-12-17 14:38:48,GS,168.13,3,BID
417,2018-12-17 14:38:38,GS,168.1,5,BID
418,2018-12-17 14:38:38,GS,168.09,1,BID
419,2018-12-17 14:38:21,GS,168.08,5,BID
420,2018-12-17 14:38:49,GS,168.22,5,ASK
421,2018-12-17 14:38:43,GS,168.23,2,ASK
422,2018-12-17 14:37:32,GS,168.25,5,ASK
423,2018-12-17 14:37:26,GS,168.26,7,ASK
424,2018-12-17 14:37:26,GS,168.28,2,ASK
425,2018-12-17 14:38:50,GS,168.17,4,BID
426,2018-12-17 14:38:49,GS,168.16,2,BID
427,2018-12-17 14:38:48,GS,168.13,3,BID
428,2018-12-17 14:38:38,GS,168.1,5,BID
429,2018-12-17 14:38:38,GS,168.09,1,BID
430,2018-12-17 14:38:50,GS,168.23,2,ASK
431,2018-12-17 14:37:32,GS,168.25,5,ASK
432,2018-12-17 14:37:26,GS,168.26,7,ASK
433,2018-12-17 14:37:26,GS,168.28,2,ASK
434,2018-12-17 14:37:25,GS,168.3,5,ASK
435,2018-12-17 14:38:50,GS,168.17,4,BID
436,2018-12-17 14:38:49,GS,168.16,2,BID
437,2018-12-17 14:38:48,GS,168.13,3,BID
438,2018-12-17 14:38:38,GS,168.1,5,BID
439,2018-12-17 14:38:38,GS,168.09,1,BID
440,2018-12-17 14:38:50,GS,168.23,2,ASK
441,2018-12-17 14:37:32,GS,168.25,5,ASK
442,2018-12-17 14:37:26,GS,168.26,7,ASK
443,2018-12-17 14:37:26,GS,168.28,2,ASK
444,2018-12-17 14:37:25,GS,168.3,5,ASK
445,2018-12-17 14:38:53,GS,168.14,1,BID
446,2018-12-17 14:38:53,GS,168.13,4,BID
447,2018-12-17 14:38:38,GS,168.1,5,BID
448,2018-12-17 14:38:38,GS,168.09,1,BID
449,2018-12-17 14:38:21,GS,168.08,5,BID
450,2018-12-17 14:38:53,GS,168.22,5,ASK
451,2018-12-17 14:38:50,GS,168.23,2,ASK
452,2018-12-17 14:37:32,GS,168.25,5,ASK
453,2018-12-17 14:37:26,GS,168.26,7,ASK
454,2018-12-17 14:37:26,GS,168.28,2,ASK
455,2018-12-17 14:38:54,GS,168.12,2,BID
456,2018-12-17 14:38:38,GS,168.1,5,BID
457,2018-12-17 14:38:38,GS,168.09,1,BID
458,2018-12-17 14:38:21,GS,168.08,5,BID
459,2018-12-17 14:38:21,GS,168.06,1,BID
460,2018-12-17 14:38:54,GS,168.18,5,ASK
461,2018-12-17 14:38:53,GS,168.2,1,ASK
462,2018-12-17 14:38:53,GS,168.21,5,ASK
463,2018-12-17 14:38:53,GS,168.22,8,ASK
464,2018-12-17 14:38:50,GS,168.23,2,ASK
465,2018-12-17 14:38:38,GS,168.1,4,BID
466,2018-12-17 14:38:38,GS,168.09,1,BID
467,2018-12-17 14:38:21,GS,168.08,5,BID
468,2018-12-17 14:38:21,GS,168.06,1,BID
469,2018-12-17 09:53:47,GS,168.05,2,BID
470,2018-12-17 14:38:55,GS,168.18,6,ASK
471,2018-12-17 14:38:53,GS,168.2,1,ASK
472,2018-12-17 14:38:53,GS,168.21,5,ASK
473,2018-12-17 14:38:53,GS,168.22,8,ASK
474,2018-12-17 14:38:50,GS,168.23,2,ASK
475,2018-12-17 14:38:55,GS,168.13,1,BID
476,2018-12-17 14:38:55,GS,168.1,6,BID
477,2018-12-17 14:38:38,GS,168.09,1,BID
478,2018-12-17 14:38:21,GS,168.08,5,BID
479,2018-12-17 14:38:21,GS,168.06,1,BID
480,2018-12-17 14:38:55,GS,168.18,5,ASK
481,2018-12-17 14:38:53,GS,168.2,1,ASK
482,2018-12-17 14:38:53,GS,168.21,5,ASK
483,2018-12-17 14:38:53,GS,168.22,8,ASK
484,2018-12-17 14:38:50,GS,168.23,2,ASK
485,2018-12-17 14:38:55,GS,168.13,1,BID
486,2018-12-17 14:38:55,GS,168.1,6,BID
487,2018-12-17 14:38:38,GS,168.09,1,BID
488,2018-12-17 14:38:21,GS,168.08,5,BID
489,2018-12-17 14:38:21,GS,168.06,1,BID
490,2018-12-17 14:38:55,GS,168.18,5,ASK
491,2018-12-17 14:38:53,GS,168.2,1,ASK
492,2018-12-17 14:38:53,GS,168.21,5,ASK
493,2018-12-17 14:38:53,GS,168.22,8,ASK
494,2018-12-17 14:38:50,GS,168.23,2,ASK
495,2018-12-17 14:38:55,GS,168.13,1,BID
496,2018-12-17 14:38:55,GS,168.1,6,BID
497,2018-12-17 14:38:38,GS,168.09,1,BID
498,2018-12-17 14:38:21,GS,168.08,5,BID
499,2018-12-17 14:38:21,GS,168.06,1,BID
500,2018-12-17 14:38:55,GS,168.18,5,ASK
501,2018-12-17 14:38:53,GS,168.2,1,ASK
502,2018-12-17 14:38:53,GS,168.21,5,ASK
503,2018-12-17 14:38:53,GS,168.22,8,ASK
504,2018-12-17 14:38:50,GS,168.23,2,ASK
505,2018-12-17 14:38:55,GS,168.13,1,BID
506,2018-12-17 14:38:55,GS,168.1,6,BID
507,2018-12-17 14:38:38,GS,168.09,1,BID
508,2018-12-17 14:38:21,GS,168.08,5,BID
509,2018-12-17 14:38:21,GS,168.06,1,BID
510,2018-12-17 14:38:55,GS,168.18,5,ASK
511,2018-12-17 14:38:53,GS,168.2,1,ASK
512,2018-12-17 14:38:53,GS,168.21,5,ASK
513,2018-12-17 14:38:53,GS,168.22,8,ASK
514,2018-12-17 14:38:50,GS,168.23,2,ASK
515,2018-12-17 14:39:00,GS,168.13,1,BID
516,2018-12-17 14:38:55,GS,168.1,6,BID
517,2018-12-17 14:38:38,GS,168.09,1,BID
518,2018-12-17 14:38:21,GS,168.08,5,BID
519,2018-12-17 14:38:21,GS,168.06,1,BID
520,2018-12-17 14:39:00,GS,168.18,5,ASK
521,2018-12-17 14:38:53,GS,168.2,1,ASK
522,2018-12-17 14:38:53,GS,168.21,5,ASK
523,2018-12-17 14:38:53,GS,168.22,8,ASK
524,2018-12-17 14:38:50,GS,168.23,2,ASK
525,2018-12-17 14:39:01,GS,168.18,1,BID
526,2018-12-17 14:39:01,GS,168.14,1,BID
527,2018-12-17 14:39:01,GS,168.13,2,BID
528,2018-12-17 14:38:55,GS,168.1,6,BID
529,2018-12-17 14:38:38,GS,168.09,1,BID
530,2018-12-17 14:39:01,GS,168.19,1,ASK
531,2018-12-17 14:38:53,GS,168.2,1,ASK
532,2018-12-17 14:38:53,GS,168.21,5,ASK
533,2018-12-17 14:38:53,GS,168.22,8,ASK
534,2018-12-17 14:38:50,GS,168.23,2,ASK
535,2018-12-17 14:39:01,GS,168.18,3,BID
536,2018-12-17 14:39:01,GS,168.14,1,BID
537,2018-12-17 14:39:01,GS,168.13,2,BID
538,2018-12-17 14:38:55,GS,168.1,6,BID
539,2018-12-17 14:38:38,GS,168.09,1,BID
540,2018-12-17 14:39:01,GS,168.26,7,ASK
541,2018-12-17 14:37:26,GS,168.28,2,ASK
542,2018-12-17 14:37:25,GS,168.3,5,ASK
543,2018-12-17 14:37:25,GS,168.32,1,ASK
544,2018-12-17 14:37:24,GS,168.33,8,ASK
545,2018-12-17 14:39:03,GS,168.15,1,BID
546,2018-12-17 14:39:03,GS,168.14,1,BID
547,2018-12-17 14:39:02,GS,168.13,3,BID
548,2018-12-17 14:38:55,GS,168.1,6,BID
549,2018-12-17 14:38:38,GS,168.09,1,BID
550,2018-12-17 14:39:03,GS,168.22,3,ASK
551,2018-12-17 14:39:02,GS,168.24,1,ASK
552,2018-12-17 14:39:02,GS,168.25,1,ASK
553,2018-12-17 14:39:02,GS,168.26,9,ASK
554,2018-12-17 14:37:26,GS,168.28,2,ASK
555,2018-12-17 14:39:04,GS,168.17,4,BID
556,2018-12-17 14:39:04,GS,168.15,2,BID
557,2018-12-17 14:39:03,GS,168.14,1,BID
558,2018-12-17 14:39:02,GS,168.13,3,BID
559,2018-12-17 14:38:55,GS,168.1,6,BID
560,2018-12-17 14:39:04,GS,168.25,2,ASK
561,2018-12-17 14:39:04,GS,168.26,9,ASK
562,2018-12-17 14:37:26,GS,168.28,2,ASK
563,2018-12-17 14:37:25,GS,168.3,5,ASK
564,2018-12-17 14:37:25,GS,168.32,1,ASK
565,2018-12-17 14:39:05,GS,168.15,3,BID
566,2018-12-17 14:39:03,GS,168.14,1,BID
567,2018-12-17 14:39:02,GS,168.13,3,BID
568,2018-12-17 14:38:55,GS,168.1,6,BID
569,2018-12-17 14:38:38,GS,168.09,1,BID
570,2018-12-17 14:39:05,GS,168.22,3,ASK
571,2018-12-17 14:39:05,GS,168.25,2,ASK
572,2018-12-17 14:39:04,GS,168.26,9,ASK
573,2018-12-17 14:37:26,GS,168.28,2,ASK
574,2018-12-17 14:37:25,GS,168.3,5,ASK
575,2018-12-17 14:39:05,GS,168.15,3,BID
576,2018-12-17 14:39:03,GS,168.14,1,BID
577,2018-12-17 14:39:02,GS,168.13,3,BID
578,2018-12-17 14:38:55,GS,168.1,6,BID
579,2018-12-17 14:38:38,GS,168.09,1,BID
580,2018-12-17 14:39:06,GS,168.22,3,ASK
581,2018-12-17 14:39:05,GS,168.25,2,ASK
582,2018-12-17 14:39:04,GS,168.26,9,ASK
583,2018-12-17 14:37:26,GS,168.28,2,ASK
584,2018-12-17 14:37:25,GS,168.3,5,ASK
585,2018-12-17 14:39:06,GS,168.13,6,BID
586,2018-12-17 14:38:55,GS,168.1,6,BID
587,2018-12-17 14:38:38,GS,168.09,1,BID
588,2018-12-17 14:38:21,GS,168.08,5,BID
589,2018-12-17 14:38:21,GS,168.06,1,BID
590,2018-12-17 14:39:06,GS,168.22,7,ASK
591,2018-12-17 14:39:05,GS,168.25,2,ASK
592,2018-12-17 14:39:04,GS,168.26,9,ASK
593,2018-12-17 14:37:26,GS,168.28,2,ASK
594,2018-12-17 14:37:25,GS,168.3,5,ASK
595,2018-12-17 14:39:08,GS,168.13,5,BID
596,2018-12-17 14:38:55,GS,168.1,6,BID
597,2018-12-17 14:38:38,GS,168.09,1,BID
598,2018-12-17 14:38:21,GS,168.08,5,BID
599,2018-12-17 14:38:21,GS,168.06,1,BID
600,2018-12-17 14:39:06,GS,168.22,6,ASK
601,2018-12-17 14:39:05,GS,168.25,2,ASK
602,2018-12-17 14:39:04,GS,168.26,9,ASK
603,2018-12-17 14:37:26,GS,168.28,2,ASK
604,2018-12-17 14:37:25,GS,168.3,5,ASK
605,2018-12-17 14:39:09,GS,168.13,5,BID
606,2018-12-17 14:38:55,GS,168.1,6,BID
607,2018-12-17 14:38:38,GS,168.09,1,BID
608,2018-12-17 14:38:21,GS,168.08,5,BID
609,2018-12-17 14:38:21,GS,168.06,1,BID
610,2018-12-17 14:39:06,GS,168.22,6,ASK
611,2018-12-17 14:39:05,GS,168.25,2,ASK
612,2018-12-17 14:39:04,GS,168.26,9,ASK
613,2018-12-17 14:37:26,GS,168.28,2,ASK
614,2018-12-17 14:37:25,GS,168.3,5,ASK
615,2018-12-17 14:39:10,GS,168.2,2,BID
616,2018-12-17 14:39:10,GS,168.19,2,BID
617,2018-12-17 14:39:10,GS,168.17,4,BID
618,2018-12-17 14:39:09,GS,168.16,2,BID
619,2018-12-17 14:39:09,GS,168.14,1,BID
620,2018-12-17 14:39:10,GS,168.26,10,ASK
621,2018-12-17 14:37:26,GS,168.28,2,ASK
622,2018-12-17 14:37:25,GS,168.3,5,ASK
623,2018-12-17 14:37:25,GS,168.32,1,ASK
624,2018-12-17 14:37:24,GS,168.33,8,ASK
625,2018-12-17 14:39:10,GS,168.17,6,BID
626,2018-12-17 14:39:09,GS,168.16,2,BID
627,2018-12-17 14:39:09,GS,168.14,1,BID
628,2018-12-17 14:39:09,GS,168.13,5,BID
629,2018-12-17 14:38:55,GS,168.1,6,BID
630,2018-12-17 14:39:11,GS,168.24,5,ASK
631,2018-12-17 14:39:10,GS,168.25,2,ASK
632,2018-12-17 14:39:10,GS,168.26,12,ASK
633,2018-12-17 14:37:26,GS,168.28,2,ASK
634,2018-12-17 14:37:25,GS,168.3,5,ASK
635,2018-12-17 14:39:10,GS,168.17,6,BID
636,2018-12-17 14:39:09,GS,168.16,2,BID
637,2018-12-17 14:39:09,GS,168.14,1,BID
638,2018-12-17 14:39:09,GS,168.13,5,BID
639,2018-12-17 14:38:55,GS,168.1,6,BID
640,2018-12-17 14:39:11,GS,168.24,5,ASK
641,2018-12-17 14:39:10,GS,168.25,2,ASK
642,2018-12-17 14:39:10,GS,168.26,12,ASK
643,2018-12-17 14:37:26,GS,168.28,2,ASK
644,2018-12-17 14:37:25,GS,168.3,5,ASK
645,2018-12-17 14:39:10,GS,168.17,6,BID
646,2018-12-17 14:39:09,GS,168.16,2,BID
647,2018-12-17 14:39:09,GS,168.14,1,BID
648,2018-12-17 14:39:09,GS,168.13,5,BID
649,2018-12-17 14:38:55,GS,168.1,6,BID
650,2018-12-17 14:39:11,GS,168.24,5,ASK
651,2018-12-17 14:39:10,GS,168.25,2,ASK
652,2018-12-17 14:39:10,GS,168.26,12,ASK
653,2018-12-17 14:37:26,GS,168.28,2,ASK
654,2018-12-17 14:37:25,GS,168.3,5,ASK
655,2018-12-17 14:39:14,GS,168.18,2,BID
656,2018-12-17 14:39:10,GS,168.17,6,BID
657,2018-12-17 14:39:09,GS,168.16,2,BID
658,2018-12-17 14:39:09,GS,168.14,1,BID
659,2018-12-17 14:39:09,GS,168.13,5,BID
660,2018-12-17 14:39:11,GS,168.24,5,ASK
661,2018-12-17 14:39:10,GS,168.25,2,ASK
662,2018-12-17 14:39:10,GS,168.26,12,ASK
663,2018-12-17 14:37:26,GS,168.28,2,ASK
664,2018-12-17 14:37:25,GS,168.3,5,ASK
665,2018-12-17 14:39:15,GS,168.17,8,BID
666,2018-12-17 14:39:09,GS,168.16,2,BID
667,2018-12-17 14:39:09,GS,168.14,1,BID
668,2018-12-17 14:39:09,GS,168.13,5,BID
669,2018-12-17 14:38:55,GS,168.1,6,BID
670,2018-12-17 14:39:11,GS,168.24,5,ASK
671,2018-12-17 14:39:10,GS,168.25,2,ASK
672,2018-12-17 14:39:10,GS,168.26,12,ASK
673,2018-12-17 14:37:26,GS,168.28,2,ASK
674,2018-12-17 14:37:25,GS,168.3,5,ASK
675,2018-12-17 14:39:16,GS,168.17,8,BID
676,2018-12-17 14:39:09,GS,168.16,2,BID
677,2018-12-17 14:39:09,GS,168.14,1,BID
678,2018-12-17 14:39:09,GS,168.13,5,BID
679,2018-12-17 14:38:55,GS,168.1,6,BID
680,2018-12-17 14:39:11,GS,168.24,5,ASK
681,2018-12-17 14:39:10,GS,168.25,2,ASK
682,2018-12-17 14:39:10,GS,168.26,12,ASK
683,2018-12-17 14:37:26,GS,168.28,2,ASK
684,2018-12-17 14:37:25,GS,168.3,5,ASK
685,2018-12-17 14:39:17,GS,168.17,8,BID
686,2018-12-17 14:39:09,GS,168.16,2,BID
687,2018-12-17 14:39:09,GS,168.14,1,BID
688,2018-12-17 14:39:09,GS,168.13,5,BID
689,2018-12-17 14:38:55,GS,168.1,6,BID
690,2018-12-17 14:39:17,GS,168.25,2,ASK
691,2018-12-17 14:39:10,GS,168.26,11,ASK
692,2018-12-17 14:37:26,GS,168.28,2,ASK
693,2018-12-17 14:37:25,GS,168.3,5,ASK
694,2018-12-17 14:37:25,GS,168.32,1,ASK
695,2018-12-17 14:39:18,GS,168.17,8,BID
696,2018-12-17 14:39:09,GS,168.16,2,BID
697,2018-12-17 14:39:09,GS,168.14,1,BID
698,2018-12-17 14:39:09,GS,168.13,5,BID
699,2018-12-17 14:38:55,GS,168.1,6,BID
700,2018-12-17 14:39:18,GS,168.24,3,ASK
701,2018-12-17 14:39:17,GS,168.25,2,ASK
702,2018-12-17 14:39:10,GS,168.26,11,ASK
703,2018-12-17 14:37:26,GS,168.28,2,ASK
704,2018-12-17 14:37:25,GS,168.3,5,ASK
705,2018-12-17 14:39:19,GS,168.17,8,BID
706,2018-12-17 14:39:09,GS,168.16,2,BID
707,2018-12-17 14:39:09,GS,168.14,1,BID
708,2018-12-17 14:39:09,GS,168.13,5,BID
709,2018-12-17 14:38:55,GS,168.1,6,BID
710,2018-12-17 14:39:19,GS,168.23,6,ASK
711,2018-12-17 14:39:18,GS,168.24,5,ASK
712,2018-12-17 14:39:17,GS,168.25,2,ASK
713,2018-12-17 14:39:10,GS,168.26,11,ASK
714,2018-12-17 14:37:26,GS,168.28,2,ASK
715,2018-12-17 14:39:20,GS,168.13,6,BID
716,2018-12-17 14:38:55,GS,168.1,6,BID
717,2018-12-17 14:38:38,GS,168.09,1,BID
718,2018-12-17 14:38:21,GS,168.08,5,BID
719,2018-12-17 14:38:21,GS,168.06,1,BID
720,2018-12-17 14:39:20,GS,168.2,5,ASK
721,2018-12-17 14:39:19,GS,168.23,6,ASK
722,2018-12-17 14:39:18,GS,168.24,5,ASK
723,2018-12-17 14:39:17,GS,168.25,2,ASK
724,2018-12-17 14:39:10,GS,168.26,11,ASK
725,2018-12-17 14:39:21,GS,168.13,6,BID
726,2018-12-17 14:38:55,GS,168.1,6,BID
727,2018-12-17 14:38:38,GS,168.09,1,BID
728,2018-12-17 14:38:21,GS,168.08,5,BID
729,2018-12-17 14:38:21,GS,168.06,1,BID
730,2018-12-17 14:39:20,GS,168.2,5,ASK
731,2018-12-17 14:39:19,GS,168.23,6,ASK
732,2018-12-17 14:39:18,GS,168.24,5,ASK
733,2018-12-17 14:39:17,GS,168.25,2,ASK
734,2018-12-17 14:39:10,GS,168.26,11,ASK
735,2018-12-17 14:39:22,GS,168.13,6,BID
736,2018-12-17 14:38:55,GS,168.1,6,BID
737,2018-12-17 14:38:38,GS,168.09,1,BID
738,2018-12-17 14:38:21,GS,168.08,5,BID
739,2018-12-17 14:38:21,GS,168.06,1,BID
740,2018-12-17 14:39:22,GS,168.2,5,ASK
741,2018-12-17 14:39:19,GS,168.23,6,ASK
742,2018-12-17 14:39:18,GS,168.24,5,ASK
743,2018-12-17 14:39:17,GS,168.25,2,ASK
744,2018-12-17 14:39:10,GS,168.26,11,ASK
745,2018-12-17 14:39:22,GS,168.13,6,BID
746,2018-12-17 14:38:55,GS,168.1,6,BID
747,2018-12-17 14:38:38,GS,168.09,1,BID
748,2018-12-17 14:38:21,GS,168.08,5,BID
749,2018-12-17 14:38:21,GS,168.06,1,BID
750,2018-12-17 14:39:22,GS,168.2,5,ASK
751,2018-12-17 14:39:19,GS,168.23,6,ASK
752,2018-12-17 14:39:18,GS,168.24,5,ASK
753,2018-12-17 14:39:17,GS,168.25,2,ASK
754,2018-12-17 14:39:10,GS,168.26,11,ASK
755,2018-12-17 14:39:24,GS,168.11,1,BID
756,2018-12-17 14:38:55,GS,168.1,6,BID
757,2018-12-17 14:38:38,GS,168.09,1,BID
758,2018-12-17 14:38:21,GS,168.08,5,BID
759,2018-12-17 14:38:21,GS,168.06,1,BID
760,2018-12-17 14:39:24,GS,168.14,2,ASK
761,2018-12-17 14:39:24,GS,168.17,1,ASK
762,2018-12-17 14:39:24,GS,168.18,3,ASK
763,2018-12-17 14:39:24,GS,168.19,6,ASK
764,2018-12-17 14:39:22,GS,168.2,5,ASK
765,2018-12-17 14:39:25,GS,168.11,1,BID
766,2018-12-17 14:38:55,GS,168.1,6,BID
767,2018-12-17 14:38:38,GS,168.09,1,BID
768,2018-12-17 14:38:21,GS,168.08,5,BID
769,2018-12-17 14:38:21,GS,168.06,1,BID
770,2018-12-17 14:39:25,GS,168.14,3,ASK
771,2018-12-17 14:39:24,GS,168.17,1,ASK
772,2018-12-17 14:39:24,GS,168.18,3,ASK
773,2018-12-17 14:39:24,GS,168.19,6,ASK
774,2018-12-17 14:39:22,GS,168.2,5,ASK
775,2018-12-17 14:39:25,GS,168.11,1,BID
776,2018-12-17 14:38:55,GS,168.1,6,BID
777,2018-12-17 14:38:38,GS,168.09,1,BID
778,2018-12-17 14:38:21,GS,168.08,5,BID
779,2018-12-17 14:38:21,GS,168.06,1,BID
780,2018-12-17 14:39:25,GS,168.14,3,ASK
781,2018-12-17 14:39:24,GS,168.17,1,ASK
782,2018-12-17 14:39:24,GS,168.18,3,ASK
783,2018-12-17 14:39:24,GS,168.19,6,ASK
784,2018-12-17 14:39:22,GS,168.2,5,ASK
785,2018-12-17 14:39:27,GS,168.13,3,BID
786,2018-12-17 14:39:26,GS,168.11,2,BID
787,2018-12-17 14:38:55,GS,168.1,6,BID
788,2018-12-17 14:38:38,GS,168.09,1,BID
789,2018-12-17 14:38:21,GS,168.08,5,BID
790,2018-12-17 14:39:27,GS,168.2,8,ASK
791,2018-12-17 14:39:19,GS,168.23,6,ASK
792,2018-12-17 14:39:18,GS,168.24,5,ASK
793,2018-12-17 14:39:17,GS,168.25,2,ASK
794,2018-12-17 14:39:10,GS,168.26,11,ASK
795,2018-12-17 14:38:55,GS,168.1,4,BID
796,2018-12-17 14:38:38,GS,168.09,1,BID
797,2018-12-17 14:38:21,GS,168.08,5,BID
798,2018-12-17 14:38:21,GS,168.06,1,BID
799,2018-12-17 09:53:47,GS,168.05,2,BID
800,2018-12-17 14:39:28,GS,168.19,2,ASK
801,2018-12-17 14:39:27,GS,168.2,8,ASK
802,2018-12-17 14:39:19,GS,168.23,6,ASK
803,2018-12-17 14:39:18,GS,168.24,5,ASK
804,2018-12-17 14:39:17,GS,168.25,2,ASK
805,2018-12-17 14:38:55,GS,168.1,4,BID
806,2018-12-17 14:38:38,GS,168.09,1,BID
807,2018-12-17 14:38:21,GS,168.08,5,BID
808,2018-12-17 14:38:21,GS,168.06,1,BID
809,2018-12-17 09:53:47,GS,168.05,2,BID
810,2018-12-17 14:39:28,GS,168.19,5,ASK
811,2018-12-17 14:39:27,GS,168.2,8,ASK
812,2018-12-17 14:39:19,GS,168.23,6,ASK
813,2018-12-17 14:39:18,GS,168.24,5,ASK
814,2018-12-17 14:39:17,GS,168.25,2,ASK
815,2018-12-17 14:38:55,GS,168.1,4,BID
816,2018-12-17 14:38:38,GS,168.09,1,BID
817,2018-12-17 14:38:21,GS,168.08,5,BID
818,2018-12-17 14:38:21,GS,168.06,1,BID
819,2018-12-17 09:53:47,GS,168.05,2,BID
820,2018-12-17 14:39:30,GS,168.19,5,ASK
821,2018-12-17 14:39:27,GS,168.2,8,ASK
822,2018-12-17 14:39:19,GS,168.23,6,ASK
823,2018-12-17 14:39:18,GS,168.24,5,ASK
824,2018-12-17 14:39:17,GS,168.25,2,ASK
825,2018-12-17 14:38:55,GS,168.1,4,BID
826,2018-12-17 14:38:38,GS,168.09,1,BID
827,2018-12-17 14:38:21,GS,168.08,5,BID
828,2018-12-17 14:38:21,GS,168.06,1,BID
829,2018-12-17 09:53:47,GS,168.05,2,BID
830,2018-12-17 14:39:31,GS,168.19,6,ASK
831,2018-12-17 14:39:27,GS,168.2,8,ASK
832,2018-12-17 14:39:19,GS,168.23,6,ASK
833,2018-12-17 14:39:18,GS,168.24,5,ASK
834,2018-12-17 14:39:17,GS,168.25,2,ASK
835,2018-12-17 14:38:55,GS,168.1,4,BID
836,2018-12-17 14:38:38,GS,168.09,1,BID
837,2018-12-17 14:38:21,GS,168.08,5,BID
838,2018-12-17 14:38:21,GS,168.06,1,BID
839,2018-12-17 09:53:47,GS,168.05,2,BID
840,2018-12-17 14:39:31,GS,168.19,6,ASK
841,2018-12-17 14:39:27,GS,168.2,8,ASK
842,2018-12-17 14:39:19,GS,168.23,6,ASK
843,2018-12-17 14:39:18,GS,168.24,5,ASK
844,2018-12-17 14:39:17,GS,168.25,2,ASK
845,2018-12-17 14:38:55,GS,168.1,4,BID
846,2018-12-17 14:38:38,GS,168.09,1,BID
847,2018-12-17 14:38:21,GS,168.08,5,BID
848,2018-12-17 14:38:21,GS,168.06,1,BID
849,2018-12-17 09:53:47,GS,168.05,2,BID
850,2018-12-17 14:39:32,GS,168.19,7,ASK
851,2018-12-17 14:39:27,GS,168.2,8,ASK
852,2018-12-17 14:39:19,GS,168.23,6,ASK
853,2018-12-17 14:39:18,GS,168.24,5,ASK
854,2018-12-17 14:39:17,GS,168.25,2,ASK
855,2018-12-17 14:39:34,GS,168.14,2,BID
856,2018-12-17 14:39:34,GS,168.11,2,BID
857,2018-12-17 14:38:55,GS,168.1,4,BID
858,2018-12-17 14:38:38,GS,168.09,1,BID
859,2018-12-17 14:38:21,GS,168.08,5,BID
860,2018-12-17 14:39:34,GS,168.21,1,ASK
861,2018-12-17 14:39:19,GS,168.23,6,ASK
862,2018-12-17 14:39:18,GS,168.24,5,ASK
863,2018-12-17 14:39:17,GS,168.25,2,ASK
864,2018-12-17 14:39:10,GS,168.26,11,ASK
865,2018-12-17 14:39:34,GS,168.14,2,BID
866,2018-12-17 14:39:34,GS,168.11,2,BID
867,2018-12-17 14:38:55,GS,168.1,4,BID
868,2018-12-17 14:38:38,GS,168.09,1,BID
869,2018-12-17 14:38:21,GS,168.08,5,BID
870,2018-12-17 14:39:34,GS,168.22,3,ASK
871,2018-12-17 14:39:19,GS,168.23,6,ASK
872,2018-12-17 14:39:18,GS,168.24,5,ASK
873,2018-12-17 14:39:17,GS,168.25,2,ASK
874,2018-12-17 14:39:10,GS,168.26,11,ASK
875,2018-12-17 14:39:34,GS,168.14,2,BID
876,2018-12-17 14:39:34,GS,168.11,2,BID
877,2018-12-17 14:38:55,GS,168.1,4,BID
878,2018-12-17 14:38:38,GS,168.09,1,BID
879,2018-12-17 14:38:21,GS,168.08,5,BID
880,2018-12-17 14:39:34,GS,168.22,3,ASK
881,2018-12-17 14:39:19,GS,168.23,6,ASK
882,2018-12-17 14:39:18,GS,168.24,5,ASK
883,2018-12-17 14:39:17,GS,168.25,2,ASK
884,2018-12-17 14:39:10,GS,168.26,11,ASK
885,2018-12-17 14:39:34,GS,168.14,2,BID
886,2018-12-17 14:39:34,GS,168.11,2,BID
887,2018-12-17 14:38:55,GS,168.1,4,BID
888,2018-12-17 14:38:38,GS,168.09,1,BID
889,2018-12-17 14:38:21,GS,168.08,5,BID
890,2018-12-17 14:39:34,GS,168.22,3,ASK
891,2018-12-17 14:39:19,GS,168.23,6,ASK
892,2018-12-17 14:39:18,GS,168.24,5,ASK
893,2018-12-17 14:39:17,GS,168.25,2,ASK
894,2018-12-17 14:39:10,GS,168.26,11,ASK
895,2018-12-17 14:39:38,GS,168.15,6,BID
896,2018-12-17 14:39:38,GS,168.14,2,BID
897,2018-12-17 14:39:34,GS,168.11,2,BID
898,2018-12-17 14:38:55,GS,168.1,4,BID
899,2018-12-17 14:38:38,GS,168.09,1,BID
900,2018-12-17 14:39:38,GS,168.18,1,ASK
901,2018-12-17 14:39:38,GS,168.21,4,ASK
902,2018-12-17 14:39:38,GS,168.22,5,ASK
903,2018-12-17 14:39:19,GS,168.23,6,ASK
904,2018-12-17 14:39:18,GS,168.24,5,ASK
905,2018-12-17 14:39:39,GS,168.15,6,BID
906,2018-12-17 14:39:38,GS,168.14,2,BID
907,2018-12-17 14:39:34,GS,168.11,2,BID
908,2018-12-17 14:38:55,GS,168.1,4,BID
909,2018-12-17 14:38:38,GS,168.09,1,BID
910,2018-12-17 14:39:39,GS,168.2,1,ASK
911,2018-12-17 14:39:19,GS,168.23,7,ASK
912,2018-12-17 14:39:18,GS,168.24,5,ASK
913,2018-12-17 14:39:17,GS,168.25,2,ASK
914,2018-12-17 14:39:10,GS,168.26,11,ASK
915,2018-12-17 14:39:40,GS,168.17,2,BID
916,2018-12-17 14:39:40,GS,168.15,8,BID
917,2018-12-17 14:39:38,GS,168.14,2,BID
918,2018-12-17 14:39:34,GS,168.11,2,BID
919,2018-12-17 14:38:55,GS,168.1,4,BID
920,2018-12-17 14:39:40,GS,168.24,6,ASK
921,2018-12-17 14:39:17,GS,168.25,2,ASK
922,2018-12-17 14:39:10,GS,168.26,11,ASK
923,2018-12-17 14:37:26,GS,168.28,2,ASK
924,2018-12-17 14:37:25,GS,168.3,5,ASK
925,2018-12-17 14:39:41,GS,168.25,6,BID
926,2018-12-17 14:39:41,GS,168.24,7,BID
927,2018-12-17 14:39:41,GS,168.21,2,BID
928,2018-12-17 14:39:41,GS,168.19,4,BID
929,2018-12-17 14:39:41,GS,168.17,2,BID
930,2018-12-17 14:39:41,GS,168.28,6,ASK
931,2018-12-17 14:37:25,GS,168.3,5,ASK
932,2018-12-17 14:37:25,GS,168.32,1,ASK
933,2018-12-17 14:37:24,GS,168.33,8,ASK
934,2018-12-17 14:35:46,GS,168.34,2,ASK
935,2018-12-17 14:39:41,GS,168.24,7,BID
936,2018-12-17 14:39:41,GS,168.21,2,BID
937,2018-12-17 14:39:41,GS,168.19,4,BID
938,2018-12-17 14:39:41,GS,168.17,2,BID
939,2018-12-17 14:39:40,GS,168.15,8,BID
940,2018-12-17 14:39:41,GS,168.28,6,ASK
941,2018-12-17 14:37:25,GS,168.3,5,ASK
942,2018-12-17 14:37:25,GS,168.32,1,ASK
943,2018-12-17 14:37:24,GS,168.33,8,ASK
944,2018-12-17 14:35:46,GS,168.34,2,ASK
945,2018-12-17 14:39:43,GS,168.24,6,BID
946,2018-12-17 14:39:41,GS,168.21,2,BID
947,2018-12-17 14:39:41,GS,168.19,4,BID
948,2018-12-17 14:39:41,GS,168.17,2,BID
949,2018-12-17 14:39:40,GS,168.15,8,BID
950,2018-12-17 14:39:43,GS,168.29,2,ASK
951,2018-12-17 14:39:43,GS,168.3,3,ASK
952,2018-12-17 14:39:43,GS,168.31,3,ASK
953,2018-12-17 14:39:41,GS,168.32,1,ASK
954,2018-12-17 14:37:24,GS,168.33,8,ASK
955,2018-12-17 14:39:44,GS,168.21,3,BID
956,2018-12-17 14:39:43,GS,168.2,2,BID
957,2018-12-17 14:39:41,GS,168.19,4,BID
958,2018-12-17 14:39:41,GS,168.17,2,BID
959,2018-12-17 14:39:40,GS,168.15,8,BID
960,2018-12-17 14:39:43,GS,168.27,5,ASK
961,2018-12-17 14:39:43,GS,168.28,3,ASK
962,2018-12-17 14:39:43,GS,168.29,3,ASK
963,2018-12-17 14:39:43,GS,168.3,3,ASK
964,2018-12-17 14:39:43,GS,168.31,3,ASK
965,2018-12-17 14:39:45,GS,168.21,3,BID
966,2018-12-17 14:39:45,GS,168.2,4,BID
967,2018-12-17 14:39:41,GS,168.19,4,BID
968,2018-12-17 14:39:41,GS,168.17,2,BID
969,2018-12-17 14:39:40,GS,168.15,8,BID
970,2018-12-17 14:39:45,GS,168.27,1,ASK
971,2018-12-17 14:39:45,GS,168.28,5,ASK
972,2018-12-17 14:39:43,GS,168.29,3,ASK
973,2018-12-17 14:39:43,GS,168.3,3,ASK
974,2018-12-17 14:39:43,GS,168.31,3,ASK
975,2018-12-17 14:39:45,GS,168.21,3,BID
976,2018-12-17 14:39:43,GS,168.2,4,BID
977,2018-12-17 14:39:41,GS,168.19,4,BID
978,2018-12-17 14:39:41,GS,168.17,2,BID
979,2018-12-17 14:39:40,GS,168.15,8,BID
980,2018-12-17 14:39:46,GS,168.28,8,ASK
981,2018-12-17 14:39:43,GS,168.29,3,ASK
982,2018-12-17 14:39:43,GS,168.3,3,ASK
983,2018-12-17 14:39:43,GS,168.31,3,ASK
984,2018-12-17 14:39:41,GS,168.32,1,ASK
985,2018-12-17 14:39:47,GS,168.17,4,BID
986,2018-12-17 14:39:40,GS,168.15,8,BID
987,2018-12-17 14:39:34,GS,168.14,2,BID
988,2018-12-17 14:39:34,GS,168.11,2,BID
989,2018-12-17 14:38:55,GS,168.1,4,BID
990,2018-12-17 14:39:47,GS,168.25,7,ASK
991,2018-12-17 14:39:47,GS,168.26,4,ASK
992,2018-12-17 14:39:46,GS,168.28,9,ASK
993,2018-12-17 14:39:43,GS,168.29,3,ASK
994,2018-12-17 14:39:43,GS,168.3,3,ASK
995,2018-12-17 14:39:48,GS,168.17,6,BID
996,2018-12-17 14:39:40,GS,168.15,8,BID
997,2018-12-17 14:39:34,GS,168.14,2,BID
998,2018-12-17 14:39:34,GS,168.11,2,BID
999,2018-12-17 14:38:55,GS,168.1,4,BID
1000,2018-12-17 14:39:48,GS,168.25,3,ASK
1001,2018-12-17 14:39:48,GS,168.26,7,ASK
1002,2018-12-17 14:39:46,GS,168.28,9,ASK
1003,2018-12-17 14:39:43,GS,168.29,3,ASK
1004,2018-12-17 14:39:43,GS,168.3,3,ASK
1005,2018-12-17 14:39:49,GS,168.17,7,BID
1006,2018-12-17 14:39:40,GS,168.15,8,BID
1007,2018-12-17 14:39:34,GS,168.14,2,BID
1008,2018-12-17 14:39:34,GS,168.11,2,BID
1009,2018-12-17 14:38:55,GS,168.1,4,BID
1010,2018-12-17 14:39:48,GS,168.25,6,ASK
1011,2018-12-17 14:39:48,GS,168.26,7,ASK
1012,2018-12-17 14:39:46,GS,168.28,9,ASK
1013,2018-12-17 14:39:43,GS,168.29,3,ASK
1014,2018-12-17 14:39:43,GS,168.3,3,ASK
1015,2018-12-17 14:39:50,GS,168.17,7,BID
1016,2018-12-17 14:39:40,GS,168.15,8,BID
1017,2018-12-17 14:39:34,GS,168.14,2,BID
1018,2018-12-17 14:39:34,GS,168.11,2,BID
1019,2018-12-17 14:38:55,GS,168.1,4,BID
1020,2018-12-17 14:39:50,GS,168.22,3,ASK
1021,2018-12-17 14:39:48,GS,168.25,6,ASK
1022,2018-12-17 14:39:48,GS,168.26,7,ASK
1023,2018-12-17 14:39:46,GS,168.28,9,ASK
1024,2018-12-17 14:39:43,GS,168.29,3,ASK
1025,2018-12-17 14:39:51,GS,168.17,7,BID
1026,2018-12-17 14:39:40,GS,168.15,8,BID
1027,2018-12-17 14:39:34,GS,168.14,2,BID
1028,2018-12-17 14:39:34,GS,168.11,2,BID
1029,2018-12-17 14:38:55,GS,168.1,4,BID
1030,2018-12-17 14:39:51,GS,168.24,1,ASK
1031,2018-12-17 14:39:51,GS,168.25,5,ASK
1032,2018-12-17 14:39:48,GS,168.26,7,ASK
1033,2018-12-17 14:39:46,GS,168.28,9,ASK
1034,2018-12-17 14:39:43,GS,168.29,3,ASK
1035,2018-12-17 14:39:52,GS,168.17,7,BID
1036,2018-12-17 14:39:40,GS,168.15,8,BID
1037,2018-12-17 14:39:34,GS,168.14,2,BID
1038,2018-12-17 14:39:34,GS,168.11,2,BID
1039,2018-12-17 14:38:55,GS,168.1,4,BID
1040,2018-12-17 14:39:52,GS,168.22,4,ASK
1041,2018-12-17 14:39:51,GS,168.24,3,ASK
1042,2018-12-17 14:39:51,GS,168.25,5,ASK
1043,2018-12-17 14:39:48,GS,168.26,7,ASK
1044,2018-12-17 14:39:46,GS,168.28,9,ASK
1045,2018-12-17 14:39:52,GS,168.13,6,BID
1046,2018-12-17 14:39:34,GS,168.11,2,BID
1047,2018-12-17 14:38:55,GS,168.1,4,BID
1048,2018-12-17 14:38:38,GS,168.09,1,BID
1049,2018-12-17 14:38:21,GS,168.08,5,BID
1050,2018-12-17 14:39:53,GS,168.21,4,ASK
1051,2018-12-17 14:39:52,GS,168.22,5,ASK
1052,2018-12-17 14:39:51,GS,168.24,3,ASK
1053,2018-12-17 14:39:51,GS,168.25,5,ASK
1054,2018-12-17 14:39:48,GS,168.26,7,ASK
1055,2018-12-17 14:39:54,GS,168.13,6,BID
1056,2018-12-17 14:39:34,GS,168.11,2,BID
1057,2018-12-17 14:38:55,GS,168.1,4,BID
1058,2018-12-17 14:38:38,GS,168.09,1,BID
1059,2018-12-17 14:38:21,GS,168.08,5,BID
1060,2018-12-17 14:39:54,GS,168.18,3,ASK
1061,2018-12-17 14:39:54,GS,168.2,5,ASK
1062,2018-12-17 14:39:53,GS,168.21,4,ASK
1063,2018-12-17 14:39:52,GS,168.22,5,ASK
1064,2018-12-17 14:39:51,GS,168.24,3,ASK
1065,2018-12-17 14:39:54,GS,168.13,6,BID
1066,2018-12-17 14:39:34,GS,168.11,2,BID
1067,2018-12-17 14:38:55,GS,168.1,4,BID
1068,2018-12-17 14:38:38,GS,168.09,1,BID
1069,2018-12-17 14:38:21,GS,168.08,5,BID
1070,2018-12-17 14:39:54,GS,168.18,3,ASK
1071,2018-12-17 14:39:54,GS,168.2,5,ASK
1072,2018-12-17 14:39:53,GS,168.21,4,ASK
1073,2018-12-17 14:39:52,GS,168.22,5,ASK
1074,2018-12-17 14:39:51,GS,168.24,3,ASK
1075,2018-12-17 14:39:54,GS,168.13,6,BID
1076,2018-12-17 14:39:34,GS,168.11,2,BID
1077,2018-12-17 14:38:55,GS,168.1,4,BID
1078,2018-12-17 14:38:38,GS,168.09,1,BID
1079,2018-12-17 14:38:21,GS,168.08,5,BID
1080,2018-12-17 14:39:54,GS,168.18,3,ASK
1081,2018-12-17 14:39:54,GS,168.2,5,ASK
1082,2018-12-17 14:39:53,GS,168.21,4,ASK
1083,2018-12-17 14:39:52,GS,168.22,5,ASK
1084,2018-12-17 14:39:51,GS,168.24,3,ASK
1085,2018-12-17 14:39:57,GS,168.13,6,BID
1086,2018-12-17 14:39:34,GS,168.11,2,BID
1087,2018-12-17 14:38:55,GS,168.1,4,BID
1088,2018-12-17 14:38:38,GS,168.09,1,BID
1089,2018-12-17 14:38:21,GS,168.08,5,BID
1090,2018-12-17 14:39:57,GS,168.18,4,ASK
1091,2018-12-17 14:39:54,GS,168.2,5,ASK
1092,2018-12-17 14:39:53,GS,168.21,4,ASK
1093,2018-12-17 14:39:52,GS,168.22,5,ASK
1094,2018-12-17 14:39:51,GS,168.24,3,ASK
1095,2018-12-17 14:39:58,GS,168.13,7,BID
1096,2018-12-17 14:39:34,GS,168.11,2,BID
1097,2018-12-17 14:38:55,GS,168.1,4,BID
1098,2018-12-17 14:38:38,GS,168.09,1,BID
1099,2018-12-17 14:38:21,GS,168.08,5,BID
1100,2018-12-17 14:39:58,GS,168.21,1,ASK
1101,2018-12-17 14:39:58,GS,168.22,5,ASK
1102,2018-12-17 14:39:51,GS,168.24,3,ASK
1103,2018-12-17 14:39:51,GS,168.25,5,ASK
1104,2018-12-17 14:39:48,GS,168.26,7,ASK
1105,2018-12-17 14:39:59,GS,168.14,2,BID
1106,2018-12-17 14:39:58,GS,168.13,7,BID
1107,2018-12-17 14:39:34,GS,168.11,2,BID
1108,2018-12-17 14:38:55,GS,168.1,4,BID
1109,2018-12-17 14:38:38,GS,168.09,1,BID
1110,2018-12-17 14:39:59,GS,168.21,1,ASK
1111,2018-12-17 14:39:58,GS,168.22,5,ASK
1112,2018-12-17 14:39:51,GS,168.24,3,ASK
1113,2018-12-17 14:39:51,GS,168.25,5,ASK
1114,2018-12-17 14:39:48,GS,168.26,7,ASK
1115,2018-12-17 14:40:00,GS,168.14,2,BID
1116,2018-12-17 14:39:58,GS,168.13,7,BID
1117,2018-12-17 14:39:34,GS,168.11,2,BID
1118,2018-12-17 14:38:55,GS,168.1,4,BID
1119,2018-12-17 14:38:38,GS,168.09,1,BID
1120,2018-12-17 14:40:00,GS,168.2,2,ASK
1121,2018-12-17 14:39:59,GS,168.21,1,ASK
1122,2018-12-17 14:39:58,GS,168.22,5,ASK
1123,2018-12-17 14:39:51,GS,168.24,3,ASK
1124,2018-12-17 14:39:51,GS,168.25,5,ASK
1125,2018-12-17 14:40:00,GS,168.14,2,BID
1126,2018-12-17 14:39:58,GS,168.13,7,BID
1127,2018-12-17 14:39:34,GS,168.11,2,BID
1128,2018-12-17 14:38:55,GS,168.1,4,BID
1129,2018-12-17 14:38:38,GS,168.09,1,BID
1130,2018-12-17 14:40:00,GS,168.2,2,ASK
1131,2018-12-17 14:39:59,GS,168.21,1,ASK
1132,2018-12-17 14:39:58,GS,168.22,5,ASK
1133,2018-12-17 14:39:51,GS,168.24,3,ASK
1134,2018-12-17 14:39:51,GS,168.25,5,ASK
1135,2018-12-17 14:40:00,GS,168.14,2,BID
1136,2018-12-17 14:39:58,GS,168.13,7,BID
1137,2018-12-17 14:39:34,GS,168.11,2,BID
1138,2018-12-17 14:38:55,GS,168.1,4,BID
1139,2018-12-17 14:38:38,GS,168.09,1,BID
1140,2018-12-17 14:40:00,GS,168.2,2,ASK
1141,2018-12-17 14:39:59,GS,168.21,1,ASK
1142,2018-12-17 14:39:58,GS,168.22,5,ASK
1143,2018-12-17 14:39:51,GS,168.24,3,ASK
1144,2018-12-17 14:39:51,GS,168.25,5,ASK
1145,2018-12-17 14:40:03,GS,168.14,2,BID
1146,2018-12-17 14:39:58,GS,168.13,7,BID
1147,2018-12-17 14:39:34,GS,168.11,2,BID
1148,2018-12-17 14:38:55,GS,168.1,4,BID
1149,2018-12-17 14:38:38,GS,168.09,1,BID
1150,2018-12-17 14:40:03,GS,168.2,3,ASK
1151,2018-12-17 14:39:59,GS,168.21,1,ASK
1152,2018-12-17 14:39:58,GS,168.22,5,ASK
1153,2018-12-17 14:39:51,GS,168.24,3,ASK
1154,2018-12-17 14:39:51,GS,168.25,5,ASK
1155,2018-12-17 14:40:03,GS,168.14,2,BID
1156,2018-12-17 14:39:58,GS,168.13,7,BID
1157,2018-12-17 14:39:34,GS,168.11,2,BID
1158,2018-12-17 14:38:55,GS,168.1,4,BID
1159,2018-12-17 14:38:38,GS,168.09,1,BID
1160,2018-12-17 14:40:03,GS,168.2,3,ASK
1161,2018-12-17 14:39:59,GS,168.21,1,ASK
1162,2018-12-17 14:39:58,GS,168.22,5,ASK
1163,2018-12-17 14:39:51,GS,168.24,3,ASK
1164,2018-12-17 14:39:51,GS,168.25,5,ASK
1165,2018-12-17 14:40:05,GS,168.15,4,BID
1166,2018-12-17 14:40:05,GS,168.14,3,BID
1167,2018-12-17 14:39:58,GS,168.13,7,BID
1168,2018-12-17 14:39:34,GS,168.11,2,BID
1169,2018-12-17 14:38:55,GS,168.1,4,BID
1170,2018-12-17 14:40:05,GS,168.2,3,ASK
1171,2018-12-17 14:39:59,GS,168.21,1,ASK
1172,2018-12-17 14:39:58,GS,168.22,5,ASK
1173,2018-12-17 14:39:51,GS,168.24,3,ASK
1174,2018-12-17 14:39:51,GS,168.25,5,ASK
1175,2018-12-17 14:40:06,GS,168.14,3,BID
1176,2018-12-17 14:39:58,GS,168.13,7,BID
1177,2018-12-17 14:39:34,GS,168.11,2,BID
1178,2018-12-17 14:38:55,GS,168.1,4,BID
1179,2018-12-17 14:38:38,GS,168.09,1,BID
1180,2018-12-17 14:40:05,GS,168.2,3,ASK
1181,2018-12-17 14:39:59,GS,168.21,1,ASK
1182,2018-12-17 14:39:58,GS,168.22,5,ASK
1183,2018-12-17 14:39:51,GS,168.24,3,ASK
1184,2018-12-17 14:39:51,GS,168.25,5,ASK
1185,2018-12-17 14:40:06,GS,168.14,3,BID
1186,2018-12-17 14:39:58,GS,168.13,7,BID
1187,2018-12-17 14:39:34,GS,168.11,2,BID
1188,2018-12-17 14:38:55,GS,168.1,4,BID
1189,2018-12-17 14:38:38,GS,168.09,1,BID
1190,2018-12-17 14:40:05,GS,168.2,3,ASK
1191,2018-12-17 14:39:59,GS,168.21,1,ASK
1192,2018-12-17 14:39:58,GS,168.22,5,ASK
1193,2018-12-17 14:39:51,GS,168.24,3,ASK
1194,2018-12-17 14:39:51,GS,168.25,5,ASK
1195,2018-12-17 14:40:06,GS,168.14,3,BID
1196,2018-12-17 14:39:58,GS,168.13,7,BID
1197,2018-12-17 14:39:34,GS,168.11,2,BID
1198,2018-12-17 14:38:55,GS,168.1,4,BID
1199,2018-12-17 14:38:38,GS,168.09,1,BID
1200,2018-12-17 14:40:05,GS,168.2,3,ASK
1201,2018-12-17 14:39:59,GS,168.21,1,ASK
1202,2018-12-17 14:39:58,GS,168.22,5,ASK
1203,2018-12-17 14:39:51,GS,168.24,3,ASK
1204,2018-12-17 14:39:51,GS,168.25,5,ASK
1205,2018-12-17 14:40:06,GS,168.14,3,BID
1206,2018-12-17 14:39:58,GS,168.13,7,BID
1207,2018-12-17 14:39:34,GS,168.11,2,BID
1208,2018-12-17 14:38:55,GS,168.1,4,BID
1209,2018-12-17 14:38:38,GS,168.09,1,BID
1210,2018-12-17 14:40:05,GS,168.2,3,ASK
1211,2018-12-17 14:39:59,GS,168.21,1,ASK
1212,2018-12-17 14:39:58,GS,168.22,5,ASK
1213,2018-12-17 14:39:51,GS,168.24,3,ASK
1214,2018-12-17 14:39:51,GS,168.25,5,ASK
1215,2018-12-17 14:40:10,GS,168.13,1,BID
1216,2018-12-17 14:40:10,GS,168.11,3,BID
1217,2018-12-17 14:38:55,GS,168.1,4,BID
1218,2018-12-17 14:38:38,GS,168.09,1,BID
1219,2018-12-17 14:38:21,GS,168.08,5,BID
1220,2018-12-17 14:40:10,GS,168.19,8,ASK
1221,2018-12-17 14:40:10,GS,168.2,6,ASK
1222,2018-12-17 14:39:59,GS,168.21,1,ASK
1223,2018-12-17 14:39:58,GS,168.22,5,ASK
1224,2018-12-17 14:39:51,GS,168.24,3,ASK
1225,2018-12-17 14:40:11,GS,168.13,3,BID
1226,2018-12-17 14:40:10,GS,168.11,3,BID
1227,2018-12-17 14:38:55,GS,168.1,4,BID
1228,2018-12-17 14:38:38,GS,168.09,1,BID
1229,2018-12-17 14:38:21,GS,168.08,5,BID
1230,2018-12-17 14:40:10,GS,168.2,6,ASK
1231,2018-12-17 14:39:59,GS,168.21,1,ASK
1232,2018-12-17 14:39:58,GS,168.22,5,ASK
1233,2018-12-17 14:39:51,GS,168.24,3,ASK
1234,2018-12-17 14:39:51,GS,168.25,5,ASK
1235,2018-12-17 14:40:12,GS,168.13,3,BID
1236,2018-12-17 14:40:10,GS,168.11,3,BID
1237,2018-12-17 14:38:55,GS,168.1,4,BID
1238,2018-12-17 14:38:38,GS,168.09,1,BID
1239,2018-12-17 14:38:21,GS,168.08,5,BID
1240,2018-12-17 14:40:12,GS,168.2,6,ASK
1241,2018-12-17 14:39:59,GS,168.21,1,ASK
1242,2018-12-17 14:39:58,GS,168.22,5,ASK
1243,2018-12-17 14:39:51,GS,168.24,3,ASK
1244,2018-12-17 14:39:51,GS,168.25,5,ASK
1245,2018-12-17 14:40:13,GS,168.13,4,BID
1246,2018-12-17 14:40:10,GS,168.11,3,BID
1247,2018-12-17 14:38:55,GS,168.1,4,BID
1248,2018-12-17 14:38:38,GS,168.09,1,BID
1249,2018-12-17 14:38:21,GS,168.08,5,BID
1250,2018-12-17 14:40:12,GS,168.2,6,ASK
1251,2018-12-17 14:39:59,GS,168.21,1,ASK
1252,2018-12-17 14:39:58,GS,168.22,5,ASK
1253,2018-12-17 14:39:51,GS,168.24,3,ASK
1254,2018-12-17 14:39:51,GS,168.25,5,ASK
1255,2018-12-17 14:40:13,GS,168.13,4,BID
1256,2018-12-17 14:40:10,GS,168.11,3,BID
1257,2018-12-17 14:38:55,GS,168.1,4,BID
1258,2018-12-17 14:38:38,GS,168.09,1,BID
1259,2018-12-17 14:38:21,GS,168.08,5,BID
1260,2018-12-17 14:40:12,GS,168.2,6,ASK
1261,2018-12-17 14:39:59,GS,168.21,1,ASK
1262,2018-12-17 14:39:58,GS,168.22,5,ASK
1263,2018-12-17 14:39:51,GS,168.24,3,ASK
1264,2018-12-17 14:39:51,GS,168.25,5,ASK
1265,2018-12-17 14:40:15,GS,168.13,6,BID
1266,2018-12-17 14:40:10,GS,168.11,3,BID
1267,2018-12-17 14:38:55,GS,168.1,4,BID
1268,2018-12-17 14:38:38,GS,168.09,1,BID
1269,2018-12-17 14:38:21,GS,168.08,5,BID
1270,2018-12-17 14:40:15,GS,168.2,7,ASK
1271,2018-12-17 14:39:59,GS,168.21,1,ASK
1272,2018-12-17 14:39:58,GS,168.22,5,ASK
1273,2018-12-17 14:39:51,GS,168.24,3,ASK
1274,2018-12-17 14:39:51,GS,168.25,5,ASK
1275,2018-12-17 14:40:15,GS,168.13,6,BID
1276,2018-12-17 14:40:10,GS,168.11,3,BID
1277,2018-12-17 14:38:55,GS,168.1,4,BID
1278,2018-12-17 14:38:38,GS,168.09,1,BID
1279,2018-12-17 14:38:21,GS,168.08,5,BID
1280,2018-12-17 14:40:15,GS,168.2,7,ASK
1281,2018-12-17 14:39:59,GS,168.21,1,ASK
1282,2018-12-17 14:39:58,GS,168.22,5,ASK
1283,2018-12-17 14:39:51,GS,168.24,3,ASK
1284,2018-12-17 14:39:51,GS,168.25,5,ASK
1285,2018-12-17 14:40:17,GS,168.13,6,BID
1286,2018-12-17 14:40:10,GS,168.11,3,BID
1287,2018-12-17 14:38:55,GS,168.1,4,BID
1288,2018-12-17 14:38:38,GS,168.09,1,BID
1289,2018-12-17 14:38:21,GS,168.08,5,BID
1290,2018-12-17 14:40:17,GS,168.19,1,ASK
1291,2018-12-17 14:40:17,GS,168.2,8,ASK
1292,2018-12-17 14:39:59,GS,168.21,1,ASK
1293,2018-12-17 14:39:58,GS,168.22,5,ASK
1294,2018-12-17 14:39:51,GS,168.24,3,ASK
1295,2018-12-17 14:40:18,GS,168.14,2,BID
1296,2018-12-17 14:40:17,GS,168.13,6,BID
1297,2018-12-17 14:40:10,GS,168.11,3,BID
1298,2018-12-17 14:38:55,GS,168.1,4,BID
1299,2018-12-17 14:38:38,GS,168.09,1,BID
1300,2018-12-17 14:40:18,GS,168.19,2,ASK
1301,2018-12-17 14:40:17,GS,168.2,8,ASK
1302,2018-12-17 14:39:59,GS,168.21,1,ASK
1303,2018-12-17 14:39:58,GS,168.22,5,ASK
1304,2018-12-17 14:39:51,GS,168.24,3,ASK
1305,2018-12-17 14:40:19,GS,168.14,4,BID
1306,2018-12-17 14:40:19,GS,168.13,5,BID
1307,2018-12-17 14:40:10,GS,168.11,3,BID
1308,2018-12-17 14:38:55,GS,168.1,4,BID
1309,2018-12-17 14:38:38,GS,168.09,1,BID
1310,2018-12-17 14:40:19,GS,168.22,7,ASK
1311,2018-12-17 14:39:51,GS,168.24,3,ASK
1312,2018-12-17 14:39:51,GS,168.25,5,ASK
1313,2018-12-17 14:39:48,GS,168.26,7,ASK
1314,2018-12-17 14:39:46,GS,168.28,9,ASK
1315,2018-12-17 14:40:20,GS,168.14,3,BID
1316,2018-12-17 14:40:19,GS,168.13,5,BID
1317,2018-12-17 14:40:10,GS,168.11,3,BID
1318,2018-12-17 14:38:55,GS,168.1,4,BID
1319,2018-12-17 14:38:38,GS,168.09,1,BID
1320,2018-12-17 14:40:20,GS,168.22,7,ASK
1321,2018-12-17 14:39:51,GS,168.24,3,ASK
1322,2018-12-17 14:39:51,GS,168.25,5,ASK
1323,2018-12-17 14:39:48,GS,168.26,7,ASK
1324,2018-12-17 14:39:46,GS,168.28,9,ASK
1325,2018-12-17 14:40:21,GS,168.14,4,BID
1326,2018-12-17 14:40:19,GS,168.13,5,BID
1327,2018-12-17 14:40:10,GS,168.11,3,BID
1328,2018-12-17 14:38:55,GS,168.1,4,BID
1329,2018-12-17 14:38:38,GS,168.09,1,BID
1330,2018-12-17 14:40:21,GS,168.2,1,ASK
1331,2018-12-17 14:40:20,GS,168.22,8,ASK
1332,2018-12-17 14:39:51,GS,168.24,3,ASK
1333,2018-12-17 14:39:51,GS,168.25,5,ASK
1334,2018-12-17 14:39:48,GS,168.26,7,ASK
1335,2018-12-17 14:40:22,GS,168.14,4,BID
1336,2018-12-17 14:40:19,GS,168.13,5,BID
1337,2018-12-17 14:40:10,GS,168.11,3,BID
1338,2018-12-17 14:38:55,GS,168.1,4,BID
1339,2018-12-17 14:38:38,GS,168.09,1,BID
1340,2018-12-17 14:40:22,GS,168.18,1,ASK
1341,2018-12-17 14:40:21,GS,168.2,1,ASK
1342,2018-12-17 14:40:20,GS,168.22,8,ASK
1343,2018-12-17 14:39:51,GS,168.24,3,ASK
1344,2018-12-17 14:39:51,GS,168.25,5,ASK
1345,2018-12-17 14:40:23,GS,168.14,4,BID
1346,2018-12-17 14:40:19,GS,168.13,5,BID
1347,2018-12-17 14:40:10,GS,168.11,3,BID
1348,2018-12-17 14:38:55,GS,168.1,4,BID
1349,2018-12-17 14:38:38,GS,168.09,1,BID
1350,2018-12-17 14:40:23,GS,168.18,2,ASK
1351,2018-12-17 14:40:21,GS,168.2,1,ASK
1352,2018-12-17 14:40:20,GS,168.22,8,ASK
1353,2018-12-17 14:39:51,GS,168.24,3,ASK
1354,2018-12-17 14:39:51,GS,168.25,5,ASK
1355,2018-12-17 14:40:23,GS,168.14,4,BID
1356,2018-12-17 14:40:19,GS,168.13,5,BID
1357,2018-12-17 14:40:10,GS,168.11,3,BID
1358,2018-12-17 14:38:55,GS,168.1,4,BID
1359,2018-12-17 14:38:38,GS,168.09,1,BID
1360,2018-12-17 14:40:23,GS,168.18,2,ASK
1361,2018-12-17 14:40:21,GS,168.2,1,ASK
1362,2018-12-17 14:40:20,GS,168.22,8,ASK
1363,2018-12-17 14:39:51,GS,168.24,3,ASK
1364,2018-12-17 14:39:51,GS,168.25,5,ASK
1365,2018-12-17 14:40:25,GS,168.14,5,BID
1366,2018-12-17 14:40:19,GS,168.13,5,BID
1367,2018-12-17 14:40:10,GS,168.11,3,BID
1368,2018-12-17 14:38:55,GS,168.1,4,BID
1369,2018-12-17 14:38:38,GS,168.09,1,BID
1370,2018-12-17 14:40:25,GS,168.18,2,ASK
1371,2018-12-17 14:40:21,GS,168.2,1,ASK
1372,2018-12-17 14:40:20,GS,168.22,8,ASK
1373,2018-12-17 14:39:51,GS,168.24,3,ASK
1374,2018-12-17 14:39:51,GS,168.25,5,ASK
1375,2018-12-17 14:40:25,GS,168.14,5,BID
1376,2018-12-17 14:40:19,GS,168.13,5,BID
1377,2018-12-17 14:40:10,GS,168.11,3,BID
1378,2018-12-17 14:38:55,GS,168.1,4,BID
1379,2018-12-17 14:38:38,GS,168.09,1,BID
1380,2018-12-17 14:40:25,GS,168.18,2,ASK
1381,2018-12-17 14:40:21,GS,168.2,1,ASK
1382,2018-12-17 14:40:20,GS,168.22,8,ASK
1383,2018-12-17 14:39:51,GS,168.24,3,ASK
1384,2018-12-17 14:39:51,GS,168.25,5,ASK
1385,2018-12-17 14:40:27,GS,168.15,4,BID
1386,2018-12-17 14:40:25,GS,168.14,5,BID
1387,2018-12-17 14:40:19,GS,168.13,5,BID
1388,2018-12-17 14:40:10,GS,168.11,3,BID
1389,2018-12-17 14:38:55,GS,168.1,4,BID
1390,2018-12-17 14:40:27,GS,168.23,2,ASK
1391,2018-12-17 14:39:51,GS,168.24,3,ASK
1392,2018-12-17 14:39:51,GS,168.25,5,ASK
1393,2018-12-17 14:39:48,GS,168.26,7,ASK
1394,2018-12-17 14:39:46,GS,168.28,9,ASK
1395,2018-12-17 14:40:28,GS,168.19,3,BID
1396,2018-12-17 14:40:28,GS,168.17,1,BID
1397,2018-12-17 14:40:28,GS,168.16,3,BID
1398,2018-12-17 14:40:28,GS,168.15,5,BID
1399,2018-12-17 14:40:25,GS,168.14,5,BID
1400,2018-12-17 14:39:51,GS,168.24,5,ASK
1401,2018-12-17 14:39:51,GS,168.25,5,ASK
1402,2018-12-17 14:39:48,GS,168.26,7,ASK
1403,2018-12-17 14:39:46,GS,168.28,9,ASK
1404,2018-12-17 14:39:43,GS,168.29,3,ASK
1405,2018-12-17 14:40:30,GS,168.19,3,BID
1406,2018-12-17 14:40:28,GS,168.17,1,BID
1407,2018-12-17 14:40:28,GS,168.16,3,BID
1408,2018-12-17 14:40:28,GS,168.15,5,BID
1409,2018-12-17 14:40:25,GS,168.14,5,BID
1410,2018-12-17 14:40:29,GS,168.25,4,ASK
1411,2018-12-17 14:39:48,GS,168.26,7,ASK
1412,2018-12-17 14:39:46,GS,168.28,9,ASK
1413,2018-12-17 14:39:43,GS,168.29,3,ASK
1414,2018-12-17 14:39:43,GS,168.3,3,ASK
1415,2018-12-17 14:40:30,GS,168.19,4,BID
1416,2018-12-17 14:40:28,GS,168.17,1,BID
1417,2018-12-17 14:40:28,GS,168.16,3,BID
1418,2018-12-17 14:40:28,GS,168.15,5,BID
1419,2018-12-17 14:40:25,GS,168.14,5,BID
1420,2018-12-17 14:40:30,GS,168.25,4,ASK
1421,2018-12-17 14:39:48,GS,168.26,7,ASK
1422,2018-12-17 14:39:46,GS,168.28,9,ASK
1423,2018-12-17 14:39:43,GS,168.29,3,ASK
1424,2018-12-17 14:39:43,GS,168.3,3,ASK
1425,2018-12-17 14:40:31,GS,168.19,5,BID
1426,2018-12-17 14:40:28,GS,168.17,1,BID
1427,2018-12-17 14:40:28,GS,168.16,3,BID
1428,2018-12-17 14:40:28,GS,168.15,5,BID
1429,2018-12-17 14:40:25,GS,168.14,5,BID
1430,2018-12-17 14:40:31,GS,168.22,1,ASK
1431,2018-12-17 14:40:31,GS,168.23,1,ASK
1432,2018-12-17 14:40:31,GS,168.25,4,ASK
1433,2018-12-17 14:39:48,GS,168.26,7,ASK
1434,2018-12-17 14:39:46,GS,168.28,9,ASK
1435,2018-12-17 14:40:32,GS,168.22,1,BID
1436,2018-12-17 14:40:32,GS,168.16,7,BID
1437,2018-12-17 14:40:28,GS,168.15,5,BID
1438,2018-12-17 14:40:25,GS,168.14,5,BID
1439,2018-12-17 14:40:19,GS,168.13,5,BID
1440,2018-12-17 14:40:32,GS,168.24,1,ASK
1441,2018-12-17 14:40:31,GS,168.25,4,ASK
1442,2018-12-17 14:39:48,GS,168.26,7,ASK
1443,2018-12-17 14:39:46,GS,168.28,9,ASK
1444,2018-12-17 14:39:43,GS,168.29,3,ASK
1445,2018-12-17 14:40:33,GS,168.21,1,BID
1446,2018-12-17 14:40:33,GS,168.2,2,BID
1447,2018-12-17 14:40:32,GS,168.19,6,BID
1448,2018-12-17 14:40:32,GS,168.16,7,BID
1449,2018-12-17 14:40:28,GS,168.15,5,BID
1450,2018-12-17 14:40:33,GS,168.3,4,ASK
1451,2018-12-17 14:39:43,GS,168.31,3,ASK
1452,2018-12-17 14:39:41,GS,168.32,1,ASK
1453,2018-12-17 14:37:24,GS,168.33,8,ASK
1454,2018-12-17 14:35:46,GS,168.34,2,ASK
1455,2018-12-17 14:40:33,GS,168.23,2,BID
1456,2018-12-17 14:40:33,GS,168.21,1,BID
1457,2018-12-17 14:40:33,GS,168.2,2,BID
1458,2018-12-17 14:40:32,GS,168.19,6,BID
1459,2018-12-17 14:40:32,GS,168.16,7,BID
1460,2018-12-17 14:40:33,GS,168.3,5,ASK
1461,2018-12-17 14:39:43,GS,168.31,3,ASK
1462,2018-12-17 14:39:41,GS,168.32,1,ASK
1463,2018-12-17 14:37:24,GS,168.33,8,ASK
1464,2018-12-17 14:35:46,GS,168.34,2,ASK
1465,2018-12-17 14:40:32,GS,168.19,6,BID
1466,2018-12-17 14:40:32,GS,168.16,7,BID
1467,2018-12-17 14:40:28,GS,168.15,5,BID
1468,2018-12-17 14:40:25,GS,168.14,5,BID
1469,2018-12-17 14:40:19,GS,168.13,5,BID
1470,2018-12-17 14:40:34,GS,168.26,3,ASK
1471,2018-12-17 14:40:34,GS,168.3,4,ASK
1472,2018-12-17 14:39:43,GS,168.31,3,ASK
1473,2018-12-17 14:39:41,GS,168.32,1,ASK
1474,2018-12-17 14:37:24,GS,168.33,8,ASK
1475,2018-12-17 14:40:35,GS,168.19,7,BID
1476,2018-12-17 14:40:32,GS,168.16,7,BID
1477,2018-12-17 14:40:28,GS,168.15,5,BID
1478,2018-12-17 14:40:25,GS,168.14,5,BID
1479,2018-12-17 14:40:19,GS,168.13,5,BID
1480,2018-12-17 14:40:35,GS,168.26,3,ASK
1481,2018-12-17 14:40:34,GS,168.3,4,ASK
1482,2018-12-17 14:39:43,GS,168.31,3,ASK
1483,2018-12-17 14:39:41,GS,168.32,1,ASK
1484,2018-12-17 14:37:24,GS,168.33,8,ASK
1485,2018-12-17 14:40:37,GS,168.19,8,BID
1486,2018-12-17 14:40:32,GS,168.16,7,BID
1487,2018-12-17 14:40:28,GS,168.15,5,BID
1488,2018-12-17 14:40:25,GS,168.14,5,BID
1489,2018-12-17 14:40:19,GS,168.13,5,BID
1490,2018-12-17 14:40:37,GS,168.26,3,ASK
1491,2018-12-17 14:40:34,GS,168.3,4,ASK
1492,2018-12-17 14:39:43,GS,168.31,3,ASK
1493,2018-12-17 14:39:41,GS,168.32,1,ASK
1494,2018-12-17 14:37:24,GS,168.33,8,ASK
1495,2018-12-17 14:40:38,GS,168.2,2,BID
1496,2018-12-17 14:40:37,GS,168.19,8,BID
1497,2018-12-17 14:40:32,GS,168.16,7,BID
1498,2018-12-17 14:40:28,GS,168.15,5,BID
1499,2018-12-17 14:40:25,GS,168.14,5,BID
1500,2018-12-17 14:40:38,GS,168.3,8,ASK
1501,2018-12-17 14:39:43,GS,168.31,3,ASK
1502,2018-12-17 14:39:41,GS,168.32,1,ASK
1503,2018-12-17 14:37:24,GS,168.33,8,ASK
1504,2018-12-17 14:35:46,GS,168.34,2,ASK
1505,2018-12-17 14:40:39,GS,168.2,2,BID
1506,2018-12-17 14:40:37,GS,168.19,8,BID
1507,2018-12-17 14:40:32,GS,168.16,7,BID
1508,2018-12-17 14:40:28,GS,168.15,5,BID
1509,2018-12-17 14:40:25,GS,168.14,5,BID
1510,2018-12-17 14:40:39,GS,168.3,10,ASK
1511,2018-12-17 14:39:43,GS,168.31,3,ASK
1512,2018-12-17 14:39:41,GS,168.32,1,ASK
1513,2018-12-17 14:37:24,GS,168.33,8,ASK
1514,2018-12-17 14:35:46,GS,168.34,2,ASK
1515,2018-12-17 14:40:39,GS,168.2,2,BID
1516,2018-12-17 14:40:37,GS,168.19,8,BID
1517,2018-12-17 14:40:32,GS,168.16,7,BID
1518,2018-12-17 14:40:28,GS,168.15,5,BID
1519,2018-12-17 14:40:25,GS,168.14,5,BID
1520,2018-12-17 14:40:39,GS,168.3,10,ASK
1521,2018-12-17 14:39:43,GS,168.31,3,ASK
1522,2018-12-17 14:39:41,GS,168.32,1,ASK
1523,2018-12-17 14:37:24,GS,168.33,8,ASK
1524,2018-12-17 14:35:46,GS,168.34,2,ASK
1525,2018-12-17 14:40:41,GS,168.2,2,BID
1526,2018-12-17 14:40:37,GS,168.19,8,BID
1527,2018-12-17 14:40:32,GS,168.16,7,BID
1528,2018-12-17 14:40:28,GS,168.15,5,BID
1529,2018-12-17 14:40:25,GS,168.14,5,BID
1530,2018-12-17 14:40:41,GS,168.23,1,ASK
1531,2018-12-17 14:40:39,GS,168.3,10,ASK
1532,2018-12-17 14:39:43,GS,168.31,3,ASK
1533,2018-12-17 14:39:41,GS,168.32,1,ASK
1534,2018-12-17 14:37:24,GS,168.33,8,ASK
1535,2018-12-17 14:40:43,GS,168.22,1,BID
1536,2018-12-17 14:40:42,GS,168.2,1,BID
1537,2018-12-17 14:40:37,GS,168.19,8,BID
1538,2018-12-17 14:40:32,GS,168.16,7,BID
1539,2018-12-17 14:40:28,GS,168.15,5,BID
1540,2018-12-17 14:40:42,GS,168.3,8,ASK
1541,2018-12-17 14:39:43,GS,168.31,3,ASK
1542,2018-12-17 14:39:41,GS,168.32,1,ASK
1543,2018-12-17 14:37:24,GS,168.33,8,ASK
1544,2018-12-17 14:35:46,GS,168.34,2,ASK
1545,2018-12-17 14:40:43,GS,168.26,4,BID
1546,2018-12-17 14:40:43,GS,168.23,3,BID
1547,2018-12-17 14:40:43,GS,168.22,3,BID
1548,2018-12-17 14:40:42,GS,168.2,1,BID
1549,2018-12-17 14:40:37,GS,168.19,8,BID
1550,2018-12-17 14:40:43,GS,168.34,1,ASK
1551,2018-12-17 14:35:40,GS,168.36,3,ASK
1552,2018-12-17 14:35:40,GS,168.37,4,ASK
1553,2018-12-17 14:35:04,GS,168.38,3,ASK
1554,2018-12-17 14:35:04,GS,168.39,2,ASK
1555,2018-12-17 14:40:44,GS,168.3,4,BID
1556,2018-12-17 14:40:44,GS,168.29,1,BID
1557,2018-12-17 14:40:44,GS,168.27,5,BID
1558,2018-12-17 14:40:43,GS,168.26,4,BID
1559,2018-12-17 14:40:43,GS,168.23,3,BID
1560,2018-12-17 14:40:44,GS,168.38,4,ASK
1561,2018-12-17 14:35:04,GS,168.39,2,ASK
1562,2018-12-17 14:35:04,GS,168.4,3,ASK
1563,2018-12-17 14:35:01,GS,168.41,7,ASK
1564,2018-12-17 14:35:01,GS,168.42,2,ASK
1565,2018-12-17 14:40:45,GS,168.34,4,BID
1566,2018-12-17 14:40:45,GS,168.31,2,BID
1567,2018-12-17 14:40:44,GS,168.3,4,BID
1568,2018-12-17 14:40:44,GS,168.29,1,BID
1569,2018-12-17 14:40:44,GS,168.27,5,BID
1570,2018-12-17 14:40:45,GS,168.42,4,ASK
1571,2018-12-17 14:34:38,GS,168.43,6,ASK
1572,2018-12-17 14:34:22,GS,168.45,9,ASK
1573,2018-12-17 14:34:17,GS,168.46,7,ASK
1574,2018-12-17 14:34:16,GS,168.47,3,ASK
1575,2018-12-17 14:40:45,GS,168.34,4,BID
1576,2018-12-17 14:40:45,GS,168.31,2,BID
1577,2018-12-17 14:40:44,GS,168.3,4,BID
1578,2018-12-17 14:40:44,GS,168.29,1,BID
1579,2018-12-17 14:40:44,GS,168.27,5,BID
1580,2018-12-17 14:40:46,GS,168.42,9,ASK
1581,2018-12-17 14:34:38,GS,168.43,6,ASK
1582,2018-12-17 14:34:22,GS,168.45,9,ASK
1583,2018-12-17 14:34:17,GS,168.46,7,ASK
1584,2018-12-17 14:34:16,GS,168.47,3,ASK
1585,2018-12-17 14:40:45,GS,168.34,4,BID
1586,2018-12-17 14:40:45,GS,168.31,2,BID
1587,2018-12-17 14:40:44,GS,168.3,4,BID
1588,2018-12-17 14:40:44,GS,168.29,1,BID
1589,2018-12-17 14:40:44,GS,168.27,5,BID
1590,2018-12-17 14:40:47,GS,168.42,8,ASK
1591,2018-12-17 14:34:38,GS,168.43,6,ASK
1592,2018-12-17 14:34:22,GS,168.45,9,ASK
1593,2018-12-17 14:34:17,GS,168.46,7,ASK
1594,2018-12-17 14:34:16,GS,168.47,3,ASK
1595,2018-12-17 14:40:45,GS,168.34,5,BID
1596,2018-12-17 14:40:45,GS,168.31,2,BID
1597,2018-12-17 14:40:44,GS,168.3,4,BID
1598,2018-12-17 14:40:44,GS,168.29,1,BID
1599,2018-12-17 14:40:44,GS,168.27,5,BID
1600,2018-12-17 14:40:47,GS,168.42,8,ASK
1601,2018-12-17 14:34:38,GS,168.43,6,ASK
1602,2018-12-17 14:34:22,GS,168.45,9,ASK
1603,2018-12-17 14:34:17,GS,168.46,7,ASK
1604,2018-12-17 14:34:16,GS,168.47,3,ASK
1605,2018-12-17 14:40:45,GS,168.34,5,BID
1606,2018-12-17 14:40:45,GS,168.31,2,BID
1607,2018-12-17 14:40:44,GS,168.3,4,BID
1608,2018-12-17 14:40:44,GS,168.29,1,BID
1609,2018-12-17 14:40:44,GS,168.27,5,BID
1610,2018-12-17 14:40:47,GS,168.42,8,ASK
1611,2018-12-17 14:34:38,GS,168.43,6,ASK
1612,2018-12-17 14:34:22,GS,168.45,9,ASK
1613,2018-12-17 14:34:17,GS,168.46,7,ASK
1614,2018-12-17 14:34:16,GS,168.47,3,ASK
1615,2018-12-17 14:40:45,GS,168.34,5,BID
1616,2018-12-17 14:40:45,GS,168.31,2,BID
1617,2018-12-17 14:40:44,GS,168.3,4,BID
1618,2018-12-17 14:40:44,GS,168.29,1,BID
1619,2018-12-17 14:40:44,GS,168.27,5,BID
1620,2018-12-17 14:40:47,GS,168.42,8,ASK
1621,2018-12-17 14:34:38,GS,168.43,6,ASK
1622,2018-12-17 14:34:22,GS,168.45,9,ASK
1623,2018-12-17 14:34:17,GS,168.46,7,ASK
1624,2018-12-17 14:34:16,GS,168.47,3,ASK
1625,2018-12-17 14:40:45,GS,168.34,5,BID
1626,2018-12-17 14:40:45,GS,168.31,2,BID
1627,2018-12-17 14:40:44,GS,168.3,4,BID
1628,2018-12-17 14:40:44,GS,168.29,1,BID
1629,2018-12-17 14:40:44,GS,168.27,5,BID
1630,2018-12-17 14:40:47,GS,168.42,9,ASK
1631,2018-12-17 14:34:38,GS,168.43,6,ASK
1632,2018-12-17 14:34:22,GS,168.45,9,ASK
1633,2018-12-17 14:34:17,GS,168.46,7,ASK
1634,2018-12-17 14:34:16,GS,168.47,3,ASK
1635,2018-12-17 14:40:45,GS,168.34,5,BID
1636,2018-12-17 14:40:45,GS,168.31,2,BID
1637,2018-12-17 14:40:44,GS,168.3,4,BID
1638,2018-12-17 14:40:44,GS,168.29,1,BID
1639,2018-12-17 14:40:44,GS,168.27,5,BID
1640,2018-12-17 14:40:47,GS,168.42,9,ASK
1641,2018-12-17 14:34:38,GS,168.43,6,ASK
1642,2018-12-17 14:34:22,GS,168.45,9,ASK
1643,2018-12-17 14:34:17,GS,168.46,7,ASK
1644,2018-12-17 14:34:16,GS,168.47,3,ASK
1645,2018-12-17 14:40:45,GS,168.34,5,BID
1646,2018-12-17 14:40:45,GS,168.31,2,BID
1647,2018-12-17 14:40:44,GS,168.3,4,BID
1648,2018-12-17 14:40:44,GS,168.29,1,BID
1649,2018-12-17 14:40:44,GS,168.27,5,BID
1650,2018-12-17 14:40:47,GS,168.42,9,ASK
1651,2018-12-17 14:34:38,GS,168.43,6,ASK
1652,2018-12-17 14:34:22,GS,168.45,9,ASK
1653,2018-12-17 14:34:17,GS,168.46,7,ASK
1654,2018-12-17 14:34:16,GS,168.47,3,ASK
1655,2018-12-17 14:40:54,GS,168.38,6,BID
1656,2018-12-17 14:40:45,GS,168.34,5,BID
1657,2018-12-17 14:40:45,GS,168.31,2,BID
1658,2018-12-17 14:40:44,GS,168.3,4,BID
1659,2018-12-17 14:40:44,GS,168.29,1,BID
1660,2018-12-17 14:40:47,GS,168.42,9,ASK
1661,2018-12-17 14:34:38,GS,168.43,6,ASK
1662,2018-12-17 14:34:22,GS,168.45,9,ASK
1663,2018-12-17 14:34:17,GS,168.46,7,ASK
1664,2018-12-17 14:34:16,GS,168.47,3,ASK
1665,2018-12-17 14:40:55,GS,168.36,3,BID
1666,2018-12-17 14:40:45,GS,168.34,5,BID
1667,2018-12-17 14:40:45,GS,168.31,2,BID
1668,2018-12-17 14:40:44,GS,168.3,4,BID
1669,2018-12-17 14:40:44,GS,168.29,1,BID
1670,2018-12-17 14:40:55,GS,168.41,2,ASK
1671,2018-12-17 14:40:47,GS,168.42,9,ASK
1672,2018-12-17 14:34:38,GS,168.43,6,ASK
1673,2018-12-17 14:34:22,GS,168.45,9,ASK
1674,2018-12-17 14:34:17,GS,168.46,7,ASK
1675,2018-12-17 14:40:56,GS,168.37,5,BID
1676,2018-12-17 14:40:56,GS,168.36,4,BID
1677,2018-12-17 14:40:45,GS,168.34,5,BID
1678,2018-12-17 14:40:45,GS,168.31,2,BID
1679,2018-12-17 14:40:44,GS,168.3,4,BID
1680,2018-12-17 14:40:47,GS,168.42,9,ASK
1681,2018-12-17 14:34:38,GS,168.43,6,ASK
1682,2018-12-17 14:34:22,GS,168.45,9,ASK
1683,2018-12-17 14:34:17,GS,168.46,7,ASK
1684,2018-12-17 14:34:16,GS,168.47,3,ASK
1685,2018-12-17 14:40:57,GS,168.37,5,BID
1686,2018-12-17 14:40:56,GS,168.36,4,BID
1687,2018-12-17 14:40:45,GS,168.34,5,BID
1688,2018-12-17 14:40:45,GS,168.31,2,BID
1689,2018-12-17 14:40:44,GS,168.3,4,BID
1690,2018-12-17 14:40:47,GS,168.42,9,ASK
1691,2018-12-17 14:34:38,GS,168.43,6,ASK
1692,2018-12-17 14:34:22,GS,168.45,9,ASK
1693,2018-12-17 14:34:17,GS,168.46,7,ASK
1694,2018-12-17 14:34:16,GS,168.47,3,ASK
1695,2018-12-17 14:40:58,GS,168.37,5,BID
1696,2018-12-17 14:40:56,GS,168.36,4,BID
1697,2018-12-17 14:40:45,GS,168.34,5,BID
1698,2018-12-17 14:40:45,GS,168.31,2,BID
1699,2018-12-17 14:40:44,GS,168.3,4,BID
1700,2018-12-17 14:40:47,GS,168.42,9,ASK
1701,2018-12-17 14:34:38,GS,168.43,6,ASK
1702,2018-12-17 14:34:22,GS,168.45,9,ASK
1703,2018-12-17 14:34:17,GS,168.46,7,ASK
1704,2018-12-17 14:34:16,GS,168.47,3,ASK
1705,2018-12-17 14:41:00,GS,168.42,5,BID
1706,2018-12-17 14:40:59,GS,168.41,5,BID
1707,2018-12-17 14:40:59,GS,168.4,1,BID
1708,2018-12-17 14:40:59,GS,168.39,6,BID
1709,2018-12-17 14:40:59,GS,168.38,6,BID
1710,2018-12-17 14:41:00,GS,168.5,1,ASK
1711,2018-12-17 14:40:59,GS,168.51,4,ASK
1712,2018-12-17 14:34:15,GS,168.52,7,ASK
1713,2018-12-17 14:33:31,GS,168.53,8,ASK
1714,2018-12-17 14:33:31,GS,168.54,3,ASK
1715,2018-12-17 14:41:00,GS,168.42,5,BID
1716,2018-12-17 14:40:59,GS,168.41,5,BID
1717,2018-12-17 14:40:59,GS,168.4,1,BID
1718,2018-12-17 14:40:59,GS,168.39,6,BID
1719,2018-12-17 14:40:59,GS,168.38,6,BID
1720,2018-12-17 14:41:00,GS,168.5,4,ASK
1721,2018-12-17 14:40:59,GS,168.51,4,ASK
1722,2018-12-17 14:34:15,GS,168.52,7,ASK
1723,2018-12-17 14:33:31,GS,168.53,8,ASK
1724,2018-12-17 14:33:31,GS,168.54,3,ASK
1725,2018-12-17 14:41:01,GS,168.42,5,BID
1726,2018-12-17 14:40:59,GS,168.41,5,BID
1727,2018-12-17 14:40:59,GS,168.4,1,BID
1728,2018-12-17 14:40:59,GS,168.39,6,BID
1729,2018-12-17 14:40:59,GS,168.38,6,BID
1730,2018-12-17 14:41:01,GS,168.5,9,ASK
1731,2018-12-17 14:40:59,GS,168.51,4,ASK
1732,2018-12-17 14:34:15,GS,168.52,7,ASK
1733,2018-12-17 14:33:31,GS,168.53,8,ASK
1734,2018-12-17 14:33:31,GS,168.54,3,ASK
1735,2018-12-17 14:41:02,GS,168.42,5,BID
1736,2018-12-17 14:40:59,GS,168.41,5,BID
1737,2018-12-17 14:40:59,GS,168.4,1,BID
1738,2018-12-17 14:40:59,GS,168.39,6,BID
1739,2018-12-17 14:40:59,GS,168.38,6,BID
1740,2018-12-17 14:41:01,GS,168.5,9,ASK
1741,2018-12-17 14:40:59,GS,168.51,4,ASK
1742,2018-12-17 14:34:15,GS,168.52,7,ASK
1743,2018-12-17 14:33:31,GS,168.53,8,ASK
1744,2018-12-17 14:33:31,GS,168.54,3,ASK
1745,2018-12-17 14:41:04,GS,168.42,5,BID
1746,2018-12-17 14:40:59,GS,168.41,5,BID
1747,2018-12-17 14:40:59,GS,168.4,1,BID
1748,2018-12-17 14:40:59,GS,168.39,6,BID
1749,2018-12-17 14:40:59,GS,168.38,6,BID
1750,2018-12-17 14:41:01,GS,168.5,9,ASK
1751,2018-12-17 14:40:59,GS,168.51,4,ASK
1752,2018-12-17 14:34:15,GS,168.52,7,ASK
1753,2018-12-17 14:33:31,GS,168.53,8,ASK
1754,2018-12-17 14:33:31,GS,168.54,3,ASK
1755,2018-12-17 14:41:04,GS,168.43,6,BID
1756,2018-12-17 14:41:04,GS,168.42,5,BID
1757,2018-12-17 14:40:59,GS,168.41,5,BID
1758,2018-12-17 14:40:59,GS,168.4,1,BID
1759,2018-12-17 14:40:59,GS,168.39,6,BID
1760,2018-12-17 14:41:04,GS,168.5,10,ASK
1761,2018-12-17 14:40:59,GS,168.51,4,ASK
1762,2018-12-17 14:34:15,GS,168.52,7,ASK
1763,2018-12-17 14:33:31,GS,168.53,8,ASK
1764,2018-12-17 14:33:31,GS,168.54,3,ASK
1765,2018-12-17 14:41:04,GS,168.43,6,BID
1766,2018-12-17 14:41:04,GS,168.42,5,BID
1767,2018-12-17 14:40:59,GS,168.41,5,BID
1768,2018-12-17 14:40:59,GS,168.4,1,BID
1769,2018-12-17 14:40:59,GS,168.39,6,BID
1770,2018-12-17 14:41:04,GS,168.5,10,ASK
1771,2018-12-17 14:40:59,GS,168.51,4,ASK
1772,2018-12-17 14:34:15,GS,168.52,7,ASK
1773,2018-12-17 14:33:31,GS,168.53,8,ASK
1774,2018-12-17 14:33:31,GS,168.54,3,ASK
1775,2018-12-17 14:41:06,GS,168.39,2,BID
1776,2018-12-17 14:40:59,GS,168.38,6,BID
1777,2018-12-17 14:40:59,GS,168.37,6,BID
1778,2018-12-17 14:40:56,GS,168.36,4,BID
1779,2018-12-17 14:40:45,GS,168.34,5,BID
1780,2018-12-17 14:41:06,GS,168.45,2,ASK
1781,2018-12-17 14:41:06,GS,168.46,2,ASK
1782,2018-12-17 14:41:06,GS,168.48,4,ASK
1783,2018-12-17 14:41:06,GS,168.49,2,ASK
1784,2018-12-17 14:41:04,GS,168.5,10,ASK
1785,2018-12-17 14:41:07,GS,168.39,3,BID
1786,2018-12-17 14:40:59,GS,168.38,6,BID
1787,2018-12-17 14:40:59,GS,168.37,6,BID
1788,2018-12-17 14:40:56,GS,168.36,4,BID
1789,2018-12-17 14:40:45,GS,168.34,5,BID
1790,2018-12-17 14:41:07,GS,168.44,2,ASK
1791,2018-12-17 14:41:07,GS,168.45,3,ASK
1792,2018-12-17 14:41:06,GS,168.46,2,ASK
1793,2018-12-17 14:41:06,GS,168.48,4,ASK
1794,2018-12-17 14:41:06,GS,168.49,2,ASK
1795,2018-12-17 14:41:08,GS,168.4,3,BID
1796,2018-12-17 14:41:07,GS,168.39,4,BID
1797,2018-12-17 14:40:59,GS,168.38,6,BID
1798,2018-12-17 14:40:59,GS,168.37,6,BID
1799,2018-12-17 14:40:56,GS,168.36,4,BID
1800,2018-12-17 14:41:08,GS,168.44,2,ASK
1801,2018-12-17 14:41:07,GS,168.45,3,ASK
1802,2018-12-17 14:41:06,GS,168.46,2,ASK
1803,2018-12-17 14:41:06,GS,168.48,4,ASK
1804,2018-12-17 14:41:06,GS,168.49,2,ASK
1805,2018-12-17 14:41:09,GS,168.41,2,BID
1806,2018-12-17 14:41:08,GS,168.4,3,BID
1807,2018-12-17 14:41:07,GS,168.39,4,BID
1808,2018-12-17 14:40:59,GS,168.38,6,BID
1809,2018-12-17 14:40:59,GS,168.37,6,BID
1810,2018-12-17 14:41:09,GS,168.44,2,ASK
1811,2018-12-17 14:41:07,GS,168.45,3,ASK
1812,2018-12-17 14:41:06,GS,168.46,2,ASK
1813,2018-12-17 14:41:06,GS,168.48,4,ASK
1814,2018-12-17 14:41:06,GS,168.49,2,ASK
1815,2018-12-17 14:41:08,GS,168.4,3,BID
1816,2018-12-17 14:41:07,GS,168.39,4,BID
1817,2018-12-17 14:40:59,GS,168.38,6,BID
1818,2018-12-17 14:40:59,GS,168.37,6,BID
1819,2018-12-17 14:40:56,GS,168.36,4,BID
1820,2018-12-17 14:41:10,GS,168.44,6,ASK
1821,2018-12-17 14:41:07,GS,168.45,3,ASK
1822,2018-12-17 14:41:06,GS,168.46,2,ASK
1823,2018-12-17 14:41:06,GS,168.48,4,ASK
1824,2018-12-17 14:41:06,GS,168.49,2,ASK
1825,2018-12-17 14:41:11,GS,168.38,7,BID
1826,2018-12-17 14:40:59,GS,168.37,6,BID
1827,2018-12-17 14:40:56,GS,168.36,4,BID
1828,2018-12-17 14:40:45,GS,168.34,5,BID
1829,2018-12-17 14:40:45,GS,168.31,2,BID
1830,2018-12-17 14:41:11,GS,168.43,3,ASK
1831,2018-12-17 14:41:10,GS,168.44,6,ASK
1832,2018-12-17 14:41:07,GS,168.45,3,ASK
1833,2018-12-17 14:41:06,GS,168.46,2,ASK
1834,2018-12-17 14:41:06,GS,168.48,4,ASK
1835,2018-12-17 14:41:13,GS,168.37,7,BID
1836,2018-12-17 14:40:56,GS,168.36,4,BID
1837,2018-12-17 14:40:45,GS,168.34,5,BID
1838,2018-12-17 14:40:45,GS,168.31,2,BID
1839,2018-12-17 14:40:44,GS,168.3,4,BID
1840,2018-12-17 14:41:13,GS,168.43,5,ASK
1841,2018-12-17 14:41:12,GS,168.44,6,ASK
1842,2018-12-17 14:41:07,GS,168.45,3,ASK
1843,2018-12-17 14:41:06,GS,168.46,2,ASK
1844,2018-12-17 14:41:06,GS,168.48,4,ASK
1845,2018-12-17 14:41:13,GS,168.38,1,BID
1846,2018-12-17 14:41:13,GS,168.37,7,BID
1847,2018-12-17 14:40:56,GS,168.36,4,BID
1848,2018-12-17 14:40:45,GS,168.34,5,BID
1849,2018-12-17 14:40:45,GS,168.31,2,BID
1850,2018-12-17 14:41:13,GS,168.43,6,ASK
1851,2018-12-17 14:41:12,GS,168.44,6,ASK
1852,2018-12-17 14:41:07,GS,168.45,3,ASK
1853,2018-12-17 14:41:06,GS,168.46,2,ASK
1854,2018-12-17 14:41:06,GS,168.48,4,ASK
1855,2018-12-17 14:41:14,GS,168.38,1,BID
1856,2018-12-17 14:41:14,GS,168.37,7,BID
1857,2018-12-17 14:40:56,GS,168.36,4,BID
1858,2018-12-17 14:40:45,GS,168.34,5,BID
1859,2018-12-17 14:40:45,GS,168.31,2,BID
1860,2018-12-17 14:41:14,GS,168.43,6,ASK
1861,2018-12-17 14:41:12,GS,168.44,6,ASK
1862,2018-12-17 14:41:07,GS,168.45,3,ASK
1863,2018-12-17 14:41:06,GS,168.46,2,ASK
1864,2018-12-17 14:41:06,GS,168.48,4,ASK
1865,2018-12-17 14:41:15,GS,168.39,3,BID
1866,2018-12-17 14:41:15,GS,168.38,2,BID
1867,2018-12-17 14:41:14,GS,168.37,7,BID
1868,2018-12-17 14:40:56,GS,168.36,4,BID
1869,2018-12-17 14:40:45,GS,168.34,5,BID
1870,2018-12-17 14:41:15,GS,168.45,3,ASK
1871,2018-12-17 14:41:06,GS,168.46,2,ASK
1872,2018-12-17 14:41:06,GS,168.48,4,ASK
1873,2018-12-17 14:41:06,GS,168.49,2,ASK
1874,2018-12-17 14:41:04,GS,168.5,10,ASK
1875,2018-12-17 14:41:16,GS,168.39,5,BID
1876,2018-12-17 14:41:15,GS,168.38,2,BID
1877,2018-12-17 14:41:14,GS,168.37,7,BID
1878,2018-12-17 14:40:56,GS,168.36,4,BID
1879,2018-12-17 14:40:45,GS,168.34,5,BID
1880,2018-12-17 14:41:16,GS,168.45,3,ASK
1881,2018-12-17 14:41:06,GS,168.46,2,ASK
1882,2018-12-17 14:41:06,GS,168.48,4,ASK
1883,2018-12-17 14:41:06,GS,168.49,2,ASK
1884,2018-12-17 14:41:04,GS,168.5,10,ASK
1885,2018-12-17 14:41:17,GS,168.39,5,BID
1886,2018-12-17 14:41:15,GS,168.38,2,BID
1887,2018-12-17 14:41:14,GS,168.37,7,BID
1888,2018-12-17 14:40:56,GS,168.36,4,BID
1889,2018-12-17 14:40:45,GS,168.34,5,BID
1890,2018-12-17 14:41:17,GS,168.45,4,ASK
1891,2018-12-17 14:41:06,GS,168.46,2,ASK
1892,2018-12-17 14:41:06,GS,168.48,4,ASK
1893,2018-12-17 14:41:06,GS,168.49,2,ASK
1894,2018-12-17 14:41:04,GS,168.5,10,ASK
1895,2018-12-17 14:41:18,GS,168.39,5,BID
1896,2018-12-17 14:41:15,GS,168.38,2,BID
1897,2018-12-17 14:41:14,GS,168.37,7,BID
1898,2018-12-17 14:40:56,GS,168.36,4,BID
1899,2018-12-17 14:40:45,GS,168.34,5,BID
1900,2018-12-17 14:41:18,GS,168.44,1,ASK
1901,2018-12-17 14:41:17,GS,168.45,4,ASK
1902,2018-12-17 14:41:06,GS,168.46,2,ASK
1903,2018-12-17 14:41:06,GS,168.48,4,ASK
1904,2018-12-17 14:41:06,GS,168.49,2,ASK
1905,2018-12-17 14:41:19,GS,168.39,2,BID
1906,2018-12-17 14:41:15,GS,168.38,3,BID
1907,2018-12-17 14:41:14,GS,168.37,7,BID
1908,2018-12-17 14:40:56,GS,168.36,4,BID
1909,2018-12-17 14:40:45,GS,168.34,5,BID
1910,2018-12-17 14:41:19,GS,168.44,1,ASK
1911,2018-12-17 14:41:17,GS,168.45,4,ASK
1912,2018-12-17 14:41:06,GS,168.46,2,ASK
1913,2018-12-17 14:41:06,GS,168.48,4,ASK
1914,2018-12-17 14:41:06,GS,168.49,2,ASK
1915,2018-12-17 14:41:20,GS,168.37,2,BID
1916,2018-12-17 14:41:20,GS,168.35,3,BID
1917,2018-12-17 14:40:45,GS,168.34,5,BID
1918,2018-12-17 14:40:45,GS,168.31,2,BID
1919,2018-12-17 14:40:44,GS,168.3,4,BID
1920,2018-12-17 14:41:20,GS,168.44,2,ASK
1921,2018-12-17 14:41:17,GS,168.45,4,ASK
1922,2018-12-17 14:41:06,GS,168.46,2,ASK
1923,2018-12-17 14:41:06,GS,168.48,4,ASK
1924,2018-12-17 14:41:06,GS,168.49,2,ASK
1925,2018-12-17 14:41:21,GS,168.39,4,BID
1926,2018-12-17 14:41:21,GS,168.38,2,BID
1927,2018-12-17 14:41:20,GS,168.37,2,BID
1928,2018-12-17 14:41:20,GS,168.35,3,BID
1929,2018-12-17 14:40:45,GS,168.34,5,BID
1930,2018-12-17 14:41:21,GS,168.45,6,ASK
1931,2018-12-17 14:41:06,GS,168.46,2,ASK
1932,2018-12-17 14:41:06,GS,168.48,4,ASK
1933,2018-12-17 14:41:06,GS,168.49,2,ASK
1934,2018-12-17 14:41:04,GS,168.5,10,ASK
1935,2018-12-17 14:41:22,GS,168.39,4,BID
1936,2018-12-17 14:41:22,GS,168.38,3,BID
1937,2018-12-17 14:41:20,GS,168.37,2,BID
1938,2018-12-17 14:41:20,GS,168.35,3,BID
1939,2018-12-17 14:40:45,GS,168.34,5,BID
1940,2018-12-17 14:41:22,GS,168.45,6,ASK
1941,2018-12-17 14:41:06,GS,168.46,2,ASK
1942,2018-12-17 14:41:06,GS,168.48,4,ASK
1943,2018-12-17 14:41:06,GS,168.49,2,ASK
1944,2018-12-17 14:41:04,GS,168.5,10,ASK
1945,2018-12-17 14:41:24,GS,168.42,5,BID
1946,2018-12-17 14:41:23,GS,168.4,6,BID
1947,2018-12-17 14:41:22,GS,168.39,4,BID
1948,2018-12-17 14:41:22,GS,168.38,3,BID
1949,2018-12-17 14:41:20,GS,168.37,2,BID
1950,2018-12-17 14:41:04,GS,168.5,9,ASK
1951,2018-12-17 14:40:59,GS,168.51,4,ASK
1952,2018-12-17 14:34:15,GS,168.52,7,ASK
1953,2018-12-17 14:33:31,GS,168.53,8,ASK
1954,2018-12-17 14:33:31,GS,168.54,3,ASK
1955,2018-12-17 14:41:24,GS,168.42,7,BID
1956,2018-12-17 14:41:23,GS,168.4,6,BID
1957,2018-12-17 14:41:22,GS,168.39,4,BID
1958,2018-12-17 14:41:22,GS,168.38,3,BID
1959,2018-12-17 14:41:20,GS,168.37,2,BID
1960,2018-12-17 14:41:04,GS,168.5,9,ASK
1961,2018-12-17 14:40:59,GS,168.51,4,ASK
1962,2018-12-17 14:34:15,GS,168.52,7,ASK
1963,2018-12-17 14:33:31,GS,168.53,8,ASK
1964,2018-12-17 14:33:31,GS,168.54,3,ASK
1965,2018-12-17 14:41:25,GS,168.46,1,BID
1966,2018-12-17 14:41:25,GS,168.43,2,BID
1967,2018-12-17 14:41:24,GS,168.42,7,BID
1968,2018-12-17 14:41:23,GS,168.4,6,BID
1969,2018-12-17 14:41:22,GS,168.39,4,BID
1970,2018-12-17 14:41:25,GS,168.53,7,ASK
1971,2018-12-17 14:33:31,GS,168.54,3,ASK
1972,2018-12-17 14:33:26,GS,168.59,6,ASK
1973,2018-12-17 14:33:23,GS,168.61,8,ASK
1974,2018-12-17 14:33:21,GS,168.63,12,ASK
1975,2018-12-17 14:41:27,GS,168.49,2,BID
1976,2018-12-17 14:41:26,GS,168.47,3,BID
1977,2018-12-17 14:41:26,GS,168.46,3,BID
1978,2018-12-17 14:41:25,GS,168.43,2,BID
1979,2018-12-17 14:41:24,GS,168.42,7,BID
1980,2018-12-17 14:41:26,GS,168.57,5,ASK
1981,2018-12-17 14:33:26,GS,168.59,6,ASK
1982,2018-12-17 14:33:23,GS,168.61,8,ASK
1983,2018-12-17 14:33:21,GS,168.63,12,ASK
1984,2018-12-17 14:27:01,GS,168.65,4,ASK
1985,2018-12-17 14:41:27,GS,168.5,3,BID
1986,2018-12-17 14:41:27,GS,168.49,2,BID
1987,2018-12-17 14:41:26,GS,168.47,3,BID
1988,2018-12-17 14:41:26,GS,168.46,3,BID
1989,2018-12-17 14:41:25,GS,168.43,2,BID
1990,2018-12-17 14:41:27,GS,168.57,7,ASK
1991,2018-12-17 14:33:26,GS,168.59,6,ASK
1992,2018-12-17 14:33:23,GS,168.61,8,ASK
1993,2018-12-17 14:33:21,GS,168.63,12,ASK
1994,2018-12-17 14:27:01,GS,168.65,4,ASK
1995,2018-12-17 14:41:29,GS,168.5,2,BID
1996,2018-12-17 14:41:27,GS,168.49,2,BID
1997,2018-12-17 14:41:26,GS,168.47,3,BID
1998,2018-12-17 14:41:26,GS,168.46,3,BID
1999,2018-12-17 14:41:25,GS,168.43,2,BID
2000,2018-12-17 14:41:29,GS,168.54,1,ASK
2001,2018-12-17 14:41:27,GS,168.57,7,ASK
2002,2018-12-17 14:33:26,GS,168.59,6,ASK
2003,2018-12-17 14:33:23,GS,168.61,8,ASK
2004,2018-12-17 14:33:21,GS,168.63,12,ASK
2005,2018-12-17 14:41:26,GS,168.46,3,BID
2006,2018-12-17 14:41:25,GS,168.43,2,BID
2007,2018-12-17 14:41:24,GS,168.42,7,BID
2008,2018-12-17 14:41:23,GS,168.4,6,BID
2009,2018-12-17 14:41:22,GS,168.39,4,BID
2010,2018-12-17 14:41:30,GS,168.53,1,ASK
2011,2018-12-17 14:41:30,GS,168.54,3,ASK
2012,2018-12-17 14:41:27,GS,168.57,7,ASK
2013,2018-12-17 14:33:26,GS,168.59,6,ASK
2014,2018-12-17 14:33:23,GS,168.61,8,ASK
2015,2018-12-17 14:41:30,GS,168.44,1,BID
2016,2018-12-17 14:41:25,GS,168.43,2,BID
2017,2018-12-17 14:41:24,GS,168.42,7,BID
2018,2018-12-17 14:41:23,GS,168.4,6,BID
2019,2018-12-17 14:41:22,GS,168.39,4,BID
2020,2018-12-17 14:41:30,GS,168.5,2,ASK
2021,2018-12-17 14:41:30,GS,168.52,2,ASK
2022,2018-12-17 14:41:30,GS,168.54,4,ASK
2023,2018-12-17 14:41:27,GS,168.57,7,ASK
2024,2018-12-17 14:33:26,GS,168.59,6,ASK
2025,2018-12-17 14:41:31,GS,168.43,4,BID
2026,2018-12-17 14:41:24,GS,168.42,7,BID
2027,2018-12-17 14:41:23,GS,168.4,6,BID
2028,2018-12-17 14:41:22,GS,168.39,4,BID
2029,2018-12-17 14:41:22,GS,168.38,3,BID
2030,2018-12-17 14:41:31,GS,168.5,4,ASK
2031,2018-12-17 14:41:30,GS,168.52,2,ASK
2032,2018-12-17 14:41:30,GS,168.54,4,ASK
2033,2018-12-17 14:41:27,GS,168.57,7,ASK
2034,2018-12-17 14:33:26,GS,168.59,6,ASK
2035,2018-12-17 14:41:32,GS,168.43,14,BID
2036,2018-12-17 14:41:24,GS,168.42,7,BID
2037,2018-12-17 14:41:23,GS,168.4,6,BID
2038,2018-12-17 14:41:22,GS,168.39,4,BID
2039,2018-12-17 14:41:22,GS,168.38,3,BID
2040,2018-12-17 14:41:32,GS,168.5,4,ASK
2041,2018-12-17 14:41:30,GS,168.52,2,ASK
2042,2018-12-17 14:41:30,GS,168.54,4,ASK
2043,2018-12-17 14:41:27,GS,168.57,7,ASK
2044,2018-12-17 14:33:26,GS,168.59,6,ASK
2045,2018-12-17 14:41:33,GS,168.43,13,BID
2046,2018-12-17 14:41:24,GS,168.42,7,BID
2047,2018-12-17 14:41:23,GS,168.4,6,BID
2048,2018-12-17 14:41:22,GS,168.39,4,BID
2049,2018-12-17 14:41:22,GS,168.38,3,BID
2050,2018-12-17 14:41:33,GS,168.53,5,ASK
2051,2018-12-17 14:41:33,GS,168.54,8,ASK
2052,2018-12-17 14:41:27,GS,168.57,7,ASK
2053,2018-12-17 14:33:26,GS,168.59,6,ASK
2054,2018-12-17 14:33:23,GS,168.61,8,ASK
2055,2018-12-17 14:41:33,GS,168.43,13,BID
2056,2018-12-17 14:41:24,GS,168.42,7,BID
2057,2018-12-17 14:41:23,GS,168.4,6,BID
2058,2018-12-17 14:41:22,GS,168.39,4,BID
2059,2018-12-17 14:41:22,GS,168.38,3,BID
2060,2018-12-17 14:41:33,GS,168.53,5,ASK
2061,2018-12-17 14:41:33,GS,168.54,8,ASK
2062,2018-12-17 14:41:27,GS,168.57,7,ASK
2063,2018-12-17 14:33:26,GS,168.59,6,ASK
2064,2018-12-17 14:33:23,GS,168.61,8,ASK
2065,2018-12-17 14:41:36,GS,168.41,3,BID
2066,2018-12-17 14:41:23,GS,168.4,6,BID
2067,2018-12-17 14:41:22,GS,168.39,4,BID
2068,2018-12-17 14:41:22,GS,168.38,3,BID
2069,2018-12-17 14:41:20,GS,168.37,2,BID
2070,2018-12-17 14:41:36,GS,168.46,2,ASK
2071,2018-12-17 14:41:36,GS,168.47,2,ASK
2072,2018-12-17 14:41:36,GS,168.49,2,ASK
2073,2018-12-17 14:41:36,GS,168.5,2,ASK
2074,2018-12-17 14:41:36,GS,168.52,2,ASK
2075,2018-12-17 14:41:37,GS,168.4,7,BID
2076,2018-12-17 14:41:22,GS,168.39,4,BID
2077,2018-12-17 14:41:22,GS,168.38,3,BID
2078,2018-12-17 14:41:20,GS,168.37,2,BID
2079,2018-12-17 14:41:20,GS,168.35,3,BID
2080,2018-12-17 14:41:37,GS,168.46,6,ASK
2081,2018-12-17 14:41:36,GS,168.47,2,ASK
2082,2018-12-17 14:41:36,GS,168.49,2,ASK
2083,2018-12-17 14:41:36,GS,168.5,2,ASK
2084,2018-12-17 14:41:36,GS,168.52,2,ASK
2085,2018-12-17 14:41:37,GS,168.4,7,BID
2086,2018-12-17 14:41:22,GS,168.39,4,BID
2087,2018-12-17 14:41:22,GS,168.38,3,BID
2088,2018-12-17 14:41:20,GS,168.37,2,BID
2089,2018-12-17 14:41:20,GS,168.35,3,BID
2090,2018-12-17 14:41:37,GS,168.46,6,ASK
2091,2018-12-17 14:41:36,GS,168.47,2,ASK
2092,2018-12-17 14:41:36,GS,168.49,2,ASK
2093,2018-12-17 14:41:36,GS,168.5,2,ASK
2094,2018-12-17 14:41:36,GS,168.52,2,ASK
2095,2018-12-17 14:41:38,GS,168.38,6,BID
2096,2018-12-17 14:41:20,GS,168.37,2,BID
2097,2018-12-17 14:41:20,GS,168.35,3,BID
2098,2018-12-17 14:40:45,GS,168.34,5,BID
2099,2018-12-17 14:40:45,GS,168.31,2,BID
2100,2018-12-17 14:41:39,GS,168.46,8,ASK
2101,2018-12-17 14:41:36,GS,168.47,2,ASK
2102,2018-12-17 14:41:36,GS,168.49,2,ASK
2103,2018-12-17 14:41:36,GS,168.5,2,ASK
2104,2018-12-17 14:41:36,GS,168.52,2,ASK
2105,2018-12-17 14:41:38,GS,168.38,6,BID
2106,2018-12-17 14:41:20,GS,168.37,2,BID
2107,2018-12-17 14:41:20,GS,168.35,3,BID
2108,2018-12-17 14:40:45,GS,168.34,5,BID
2109,2018-12-17 14:40:45,GS,168.31,2,BID
2110,2018-12-17 14:41:39,GS,168.46,8,ASK
2111,2018-12-17 14:41:36,GS,168.47,2,ASK
2112,2018-12-17 14:41:36,GS,168.49,2,ASK
2113,2018-12-17 14:41:36,GS,168.5,2,ASK
2114,2018-12-17 14:41:36,GS,168.52,2,ASK
2115,2018-12-17 14:41:41,GS,168.42,3,BID
2116,2018-12-17 14:41:41,GS,168.4,1,BID
2117,2018-12-17 14:41:41,GS,168.39,1,BID
2118,2018-12-17 14:41:41,GS,168.38,6,BID
2119,2018-12-17 14:41:20,GS,168.37,2,BID
2120,2018-12-17 14:41:41,GS,168.49,4,ASK
2121,2018-12-17 14:41:36,GS,168.5,2,ASK
2122,2018-12-17 14:41:36,GS,168.52,2,ASK
2123,2018-12-17 14:41:36,GS,168.53,7,ASK
2124,2018-12-17 14:41:33,GS,168.54,8,ASK
2125,2018-12-17 14:41:41,GS,168.43,3,BID
2126,2018-12-17 14:41:41,GS,168.42,4,BID
2127,2018-12-17 14:41:41,GS,168.4,1,BID
2128,2018-12-17 14:41:41,GS,168.39,1,BID
2129,2018-12-17 14:41:41,GS,168.38,6,BID
2130,2018-12-17 14:41:41,GS,168.52,3,ASK
2131,2018-12-17 14:41:36,GS,168.53,7,ASK
2132,2018-12-17 14:41:33,GS,168.54,8,ASK
2133,2018-12-17 14:41:27,GS,168.57,7,ASK
2134,2018-12-17 14:33:26,GS,168.59,6,ASK
2135,2018-12-17 14:41:42,GS,168.45,1,BID
2136,2018-12-17 14:41:41,GS,168.43,3,BID
2137,2018-12-17 14:41:41,GS,168.42,4,BID
2138,2018-12-17 14:41:41,GS,168.4,1,BID
2139,2018-12-17 14:41:41,GS,168.39,1,BID
2140,2018-12-17 14:41:43,GS,168.53,3,ASK
2141,2018-12-17 14:41:42,GS,168.54,11,ASK
2142,2018-12-17 14:41:27,GS,168.57,7,ASK
2143,2018-12-17 14:33:26,GS,168.59,6,ASK
2144,2018-12-17 14:33:23,GS,168.61,8,ASK
2145,2018-12-17 14:41:44,GS,168.45,2,BID
2146,2018-12-17 14:41:41,GS,168.43,3,BID
2147,2018-12-17 14:41:41,GS,168.42,4,BID
2148,2018-12-17 14:41:41,GS,168.4,1,BID
2149,2018-12-17 14:41:41,GS,168.39,1,BID
2150,2018-12-17 14:41:42,GS,168.54,11,ASK
2151,2018-12-17 14:41:27,GS,168.57,7,ASK
2152,2018-12-17 14:33:26,GS,168.59,6,ASK
2153,2018-12-17 14:33:23,GS,168.61,8,ASK
2154,2018-12-17 14:33:21,GS,168.63,12,ASK
2155,2018-12-17 14:41:45,GS,168.46,3,BID
2156,2018-12-17 14:41:44,GS,168.45,2,BID
2157,2018-12-17 14:41:41,GS,168.43,3,BID
2158,2018-12-17 14:41:41,GS,168.42,4,BID
2159,2018-12-17 14:41:41,GS,168.4,1,BID
2160,2018-12-17 14:41:45,GS,168.54,9,ASK
2161,2018-12-17 14:41:27,GS,168.57,7,ASK
2162,2018-12-17 14:33:26,GS,168.59,6,ASK
2163,2018-12-17 14:33:23,GS,168.61,8,ASK
2164,2018-12-17 14:33:21,GS,168.63,12,ASK
2165,2018-12-17 14:41:46,GS,168.48,3,BID
2166,2018-12-17 14:41:45,GS,168.47,4,BID
2167,2018-12-17 14:41:45,GS,168.46,5,BID
2168,2018-12-17 14:41:44,GS,168.45,2,BID
2169,2018-12-17 14:41:41,GS,168.43,3,BID
2170,2018-12-17 14:41:46,GS,168.56,3,ASK
2171,2018-12-17 14:41:45,GS,168.57,10,ASK
2172,2018-12-17 14:33:26,GS,168.59,6,ASK
2173,2018-12-17 14:33:23,GS,168.61,8,ASK
2174,2018-12-17 14:33:21,GS,168.63,12,ASK
2175,2018-12-17 14:41:47,GS,168.5,2,BID
2176,2018-12-17 14:41:46,GS,168.49,3,BID
2177,2018-12-17 14:41:46,GS,168.48,3,BID
2178,2018-12-17 14:41:45,GS,168.47,4,BID
2179,2018-12-17 14:41:44,GS,168.46,5,BID
2180,2018-12-17 14:41:47,GS,168.58,4,ASK
2181,2018-12-17 14:33:26,GS,168.59,6,ASK
2182,2018-12-17 14:33:23,GS,168.61,8,ASK
2183,2018-12-17 14:33:21,GS,168.63,12,ASK
2184,2018-12-17 14:27:01,GS,168.65,4,ASK
2185,2018-12-17 14:41:48,GS,168.47,2,BID
2186,2018-12-17 14:41:44,GS,168.46,5,BID
2187,2018-12-17 14:41:44,GS,168.45,2,BID
2188,2018-12-17 14:41:41,GS,168.43,3,BID
2189,2018-12-17 14:41:41,GS,168.42,4,BID
2190,2018-12-17 14:41:48,GS,168.54,2,ASK
2191,2018-12-17 14:41:48,GS,168.55,1,ASK
2192,2018-12-17 14:41:48,GS,168.57,1,ASK
2193,2018-12-17 14:41:48,GS,168.58,4,ASK
2194,2018-12-17 14:33:26,GS,168.59,6,ASK
2195,2018-12-17 14:41:48,GS,168.47,4,BID
2196,2018-12-17 14:41:44,GS,168.46,5,BID
2197,2018-12-17 14:41:44,GS,168.45,2,BID
2198,2018-12-17 14:41:41,GS,168.43,3,BID
2199,2018-12-17 14:41:41,GS,168.42,4,BID
2200,2018-12-17 14:41:48,GS,168.54,2,ASK
2201,2018-12-17 14:41:48,GS,168.55,1,ASK
2202,2018-12-17 14:41:48,GS,168.57,1,ASK
2203,2018-12-17 14:41:48,GS,168.58,4,ASK
2204,2018-12-17 14:33:26,GS,168.59,6,ASK
2205,2018-12-17 14:41:50,GS,168.47,4,BID
2206,2018-12-17 14:41:44,GS,168.46,5,BID
2207,2018-12-17 14:41:44,GS,168.45,2,BID
2208,2018-12-17 14:41:41,GS,168.43,3,BID
2209,2018-12-17 14:41:41,GS,168.42,4,BID
2210,2018-12-17 14:41:50,GS,168.55,3,ASK
2211,2018-12-17 14:41:48,GS,168.57,1,ASK
2212,2018-12-17 14:41:48,GS,168.58,4,ASK
2213,2018-12-17 14:33:26,GS,168.59,6,ASK
2214,2018-12-17 14:33:23,GS,168.61,8,ASK
2215,2018-12-17 14:41:50,GS,168.51,1,BID
2216,2018-12-17 14:41:50,GS,168.49,2,BID
2217,2018-12-17 14:41:50,GS,168.48,5,BID
2218,2018-12-17 14:41:50,GS,168.47,6,BID
2219,2018-12-17 14:41:44,GS,168.46,5,BID
2220,2018-12-17 14:41:50,GS,168.58,6,ASK
2221,2018-12-17 14:33:26,GS,168.59,6,ASK
2222,2018-12-17 14:33:23,GS,168.61,8,ASK
2223,2018-12-17 14:33:21,GS,168.63,12,ASK
2224,2018-12-17 14:27:01,GS,168.65,4,ASK
2225,2018-12-17 14:41:52,GS,168.49,5,BID
2226,2018-12-17 14:41:50,GS,168.48,5,BID
2227,2018-12-17 14:41:50,GS,168.47,6,BID
2228,2018-12-17 14:41:44,GS,168.46,5,BID
2229,2018-12-17 14:41:44,GS,168.45,2,BID
2230,2018-12-17 14:41:52,GS,168.57,5,ASK
2231,2018-12-17 14:41:50,GS,168.58,6,ASK
2232,2018-12-17 14:33:26,GS,168.59,6,ASK
2233,2018-12-17 14:33:23,GS,168.61,8,ASK
2234,2018-12-17 14:33:21,GS,168.63,12,ASK
2235,2018-12-17 14:41:52,GS,168.49,5,BID
2236,2018-12-17 14:41:50,GS,168.48,5,BID
2237,2018-12-17 14:41:50,GS,168.47,6,BID
2238,2018-12-17 14:41:44,GS,168.46,5,BID
2239,2018-12-17 14:41:44,GS,168.45,2,BID
2240,2018-12-17 14:41:52,GS,168.57,5,ASK
2241,2018-12-17 14:41:50,GS,168.58,6,ASK
2242,2018-12-17 14:33:26,GS,168.59,6,ASK
2243,2018-12-17 14:33:23,GS,168.61,8,ASK
2244,2018-12-17 14:33:21,GS,168.63,12,ASK
2245,2018-12-17 14:41:54,GS,168.48,3,BID
2246,2018-12-17 14:41:50,GS,168.47,6,BID
2247,2018-12-17 14:41:44,GS,168.46,5,BID
2248,2018-12-17 14:41:44,GS,168.45,2,BID
2249,2018-12-17 14:41:41,GS,168.43,3,BID
2250,2018-12-17 14:41:54,GS,168.51,1,ASK
2251,2018-12-17 14:41:54,GS,168.53,1,ASK
2252,2018-12-17 14:41:54,GS,168.54,3,ASK
2253,2018-12-17 14:41:53,GS,168.56,2,ASK
2254,2018-12-17 14:41:52,GS,168.57,6,ASK
2255,2018-12-17 14:41:54,GS,168.48,3,BID
2256,2018-12-17 14:41:50,GS,168.47,6,BID
2257,2018-12-17 14:41:44,GS,168.46,5,BID
2258,2018-12-17 14:41:44,GS,168.45,2,BID
2259,2018-12-17 14:41:41,GS,168.43,3,BID
2260,2018-12-17 14:41:54,GS,168.51,1,ASK
2261,2018-12-17 14:41:54,GS,168.53,1,ASK
2262,2018-12-17 14:41:54,GS,168.54,3,ASK
2263,2018-12-17 14:41:53,GS,168.56,2,ASK
2264,2018-12-17 14:41:52,GS,168.57,6,ASK
2265,2018-12-17 14:41:56,GS,168.47,7,BID
2266,2018-12-17 14:41:44,GS,168.46,5,BID
2267,2018-12-17 14:41:44,GS,168.45,2,BID
2268,2018-12-17 14:41:41,GS,168.43,3,BID
2269,2018-12-17 14:41:41,GS,168.42,4,BID
2270,2018-12-17 14:41:56,GS,168.51,7,ASK
2271,2018-12-17 14:41:54,GS,168.53,1,ASK
2272,2018-12-17 14:41:54,GS,168.54,3,ASK
2273,2018-12-17 14:41:53,GS,168.56,2,ASK
2274,2018-12-17 14:41:52,GS,168.57,6,ASK
2275,2018-12-17 14:41:56,GS,168.47,7,BID
2276,2018-12-17 14:41:44,GS,168.46,5,BID
2277,2018-12-17 14:41:44,GS,168.45,2,BID
2278,2018-12-17 14:41:41,GS,168.43,3,BID
2279,2018-12-17 14:41:41,GS,168.42,4,BID
2280,2018-12-17 14:41:56,GS,168.51,8,ASK
2281,2018-12-17 14:41:54,GS,168.53,1,ASK
2282,2018-12-17 14:41:54,GS,168.54,3,ASK
2283,2018-12-17 14:41:53,GS,168.56,2,ASK
2284,2018-12-17 14:41:52,GS,168.57,6,ASK
2285,2018-12-17 14:41:56,GS,168.47,9,BID
2286,2018-12-17 14:41:44,GS,168.46,5,BID
2287,2018-12-17 14:41:44,GS,168.45,2,BID
2288,2018-12-17 14:41:41,GS,168.43,3,BID
2289,2018-12-17 14:41:41,GS,168.42,4,BID
2290,2018-12-17 14:41:56,GS,168.51,8,ASK
2291,2018-12-17 14:41:54,GS,168.53,1,ASK
2292,2018-12-17 14:41:54,GS,168.54,3,ASK
2293,2018-12-17 14:41:53,GS,168.56,2,ASK
2294,2018-12-17 14:41:52,GS,168.57,6,ASK
2295,2018-12-17 14:41:56,GS,168.47,9,BID
2296,2018-12-17 14:41:44,GS,168.46,5,BID
2297,2018-12-17 14:41:44,GS,168.45,2,BID
2298,2018-12-17 14:41:41,GS,168.43,3,BID
2299,2018-12-17 14:41:41,GS,168.42,4,BID
2300,2018-12-17 14:41:56,GS,168.51,8,ASK
2301,2018-12-17 14:41:54,GS,168.53,1,ASK
2302,2018-12-17 14:41:54,GS,168.54,3,ASK
2303,2018-12-17 14:41:53,GS,168.56,2,ASK
2304,2018-12-17 14:41:52,GS,168.57,6,ASK
2305,2018-12-17 14:41:56,GS,168.47,8,BID
2306,2018-12-17 14:41:44,GS,168.46,5,BID
2307,2018-12-17 14:41:44,GS,168.45,2,BID
2308,2018-12-17 14:41:41,GS,168.43,3,BID
2309,2018-12-17 14:41:41,GS,168.42,4,BID
2310,2018-12-17 14:41:56,GS,168.51,8,ASK
2311,2018-12-17 14:41:54,GS,168.53,1,ASK
2312,2018-12-17 14:41:54,GS,168.54,3,ASK
2313,2018-12-17 14:41:53,GS,168.56,2,ASK
2314,2018-12-17 14:41:52,GS,168.57,6,ASK
2315,2018-12-17 14:42:00,GS,168.48,3,BID
2316,2018-12-17 14:41:56,GS,168.47,8,BID
2317,2018-12-17 14:41:44,GS,168.46,5,BID
2318,2018-12-17 14:41:44,GS,168.45,2,BID
2319,2018-12-17 14:41:41,GS,168.43,3,BID
2320,2018-12-17 14:41:56,GS,168.51,8,ASK
2321,2018-12-17 14:41:54,GS,168.53,1,ASK
2322,2018-12-17 14:41:54,GS,168.54,3,ASK
2323,2018-12-17 14:41:53,GS,168.56,2,ASK
2324,2018-12-17 14:41:52,GS,168.57,6,ASK
2325,2018-12-17 14:42:00,GS,168.48,3,BID
2326,2018-12-17 14:41:56,GS,168.47,8,BID
2327,2018-12-17 14:41:44,GS,168.46,5,BID
2328,2018-12-17 14:41:44,GS,168.45,2,BID
2329,2018-12-17 14:41:41,GS,168.43,3,BID
2330,2018-12-17 14:41:56,GS,168.51,8,ASK
2331,2018-12-17 14:41:54,GS,168.53,1,ASK
2332,2018-12-17 14:41:54,GS,168.54,3,ASK
2333,2018-12-17 14:41:53,GS,168.56,2,ASK
2334,2018-12-17 14:41:52,GS,168.57,6,ASK
2335,2018-12-17 14:42:00,GS,168.48,3,BID
2336,2018-12-17 14:41:56,GS,168.47,8,BID
2337,2018-12-17 14:41:44,GS,168.46,5,BID
2338,2018-12-17 14:41:44,GS,168.45,2,BID
2339,2018-12-17 14:41:41,GS,168.43,3,BID
2340,2018-12-17 14:41:56,GS,168.51,8,ASK
2341,2018-12-17 14:41:54,GS,168.53,1,ASK
2342,2018-12-17 14:41:54,GS,168.54,3,ASK
2343,2018-12-17 14:41:53,GS,168.56,2,ASK
2344,2018-12-17 14:41:52,GS,168.57,6,ASK
2345,2018-12-17 14:42:00,GS,168.48,3,BID
2346,2018-12-17 14:41:56,GS,168.47,8,BID
2347,2018-12-17 14:41:44,GS,168.46,5,BID
2348,2018-12-17 14:41:44,GS,168.45,2,BID
2349,2018-12-17 14:41:41,GS,168.43,3,BID
2350,2018-12-17 14:41:56,GS,168.51,8,ASK
2351,2018-12-17 14:41:54,GS,168.53,1,ASK
2352,2018-12-17 14:41:54,GS,168.54,3,ASK
2353,2018-12-17 14:41:53,GS,168.56,2,ASK
2354,2018-12-17 14:41:52,GS,168.57,6,ASK
2355,2018-12-17 14:42:05,GS,168.47,9,BID
2356,2018-12-17 14:41:44,GS,168.46,5,BID
2357,2018-12-17 14:41:44,GS,168.45,2,BID
2358,2018-12-17 14:41:41,GS,168.43,3,BID
2359,2018-12-17 14:41:41,GS,168.42,4,BID
2360,2018-12-17 14:42:05,GS,168.5,1,ASK
2361,2018-12-17 14:41:56,GS,168.51,8,ASK
2362,2018-12-17 14:41:54,GS,168.53,1,ASK
2363,2018-12-17 14:41:54,GS,168.54,3,ASK
2364,2018-12-17 14:41:53,GS,168.56,2,ASK
2365,2018-12-17 14:42:05,GS,168.47,9,BID
2366,2018-12-17 14:41:44,GS,168.46,5,BID
2367,2018-12-17 14:41:44,GS,168.45,2,BID
2368,2018-12-17 14:41:41,GS,168.43,3,BID
2369,2018-12-17 14:41:41,GS,168.42,4,BID
2370,2018-12-17 14:41:56,GS,168.51,8,ASK
2371,2018-12-17 14:41:54,GS,168.53,1,ASK
2372,2018-12-17 14:41:54,GS,168.54,3,ASK
2373,2018-12-17 14:41:53,GS,168.56,2,ASK
2374,2018-12-17 14:41:52,GS,168.57,6,ASK
2375,2018-12-17 14:42:06,GS,168.52,1,BID
2376,2018-12-17 14:42:06,GS,168.49,2,BID
2377,2018-12-17 14:42:06,GS,168.48,4,BID
2378,2018-12-17 14:42:05,GS,168.47,9,BID
2379,2018-12-17 14:41:44,GS,168.46,5,BID
2380,2018-12-17 14:41:50,GS,168.58,6,ASK
2381,2018-12-17 14:33:26,GS,168.59,6,ASK
2382,2018-12-17 14:33:23,GS,168.61,8,ASK
2383,2018-12-17 14:33:21,GS,168.63,12,ASK
2384,2018-12-17 14:27:01,GS,168.65,4,ASK
2385,2018-12-17 14:42:08,GS,168.49,6,BID
2386,2018-12-17 14:42:06,GS,168.48,4,BID
2387,2018-12-17 14:42:05,GS,168.47,9,BID
2388,2018-12-17 14:41:44,GS,168.46,5,BID
2389,2018-12-17 14:41:44,GS,168.45,2,BID
2390,2018-12-17 14:41:50,GS,168.58,7,ASK
2391,2018-12-17 14:33:26,GS,168.59,6,ASK
2392,2018-12-17 14:33:23,GS,168.61,8,ASK
2393,2018-12-17 14:33:21,GS,168.63,12,ASK
2394,2018-12-17 14:27:01,GS,168.65,4,ASK
2395,2018-12-17 14:42:08,GS,168.49,6,BID
2396,2018-12-17 14:42:06,GS,168.48,4,BID
2397,2018-12-17 14:42:05,GS,168.47,9,BID
2398,2018-12-17 14:41:44,GS,168.46,5,BID
2399,2018-12-17 14:41:44,GS,168.45,2,BID
2400,2018-12-17 14:42:08,GS,168.58,7,ASK
2401,2018-12-17 14:33:26,GS,168.59,6,ASK
2402,2018-12-17 14:33:23,GS,168.61,8,ASK
2403,2018-12-17 14:33:21,GS,168.63,12,ASK
2404,2018-12-17 14:27:01,GS,168.65,4,ASK
2405,2018-12-17 14:42:09,GS,168.49,6,BID
2406,2018-12-17 14:42:06,GS,168.48,4,BID
2407,2018-12-17 14:42:05,GS,168.47,9,BID
2408,2018-12-17 14:41:44,GS,168.46,5,BID
2409,2018-12-17 14:41:44,GS,168.45,2,BID
2410,2018-12-17 14:42:08,GS,168.58,7,ASK
2411,2018-12-17 14:33:26,GS,168.59,6,ASK
2412,2018-12-17 14:33:23,GS,168.61,8,ASK
2413,2018-12-17 14:33:21,GS,168.63,12,ASK
2414,2018-12-17 14:27:01,GS,168.65,4,ASK
2415,2018-12-17 14:42:11,GS,168.49,6,BID
2416,2018-12-17 14:42:06,GS,168.48,4,BID
2417,2018-12-17 14:42:05,GS,168.47,9,BID
2418,2018-12-17 14:41:44,GS,168.46,5,BID
2419,2018-12-17 14:41:44,GS,168.45,2,BID
2420,2018-12-17 14:42:11,GS,168.58,7,ASK
2421,2018-12-17 14:33:26,GS,168.59,6,ASK
2422,2018-12-17 14:33:23,GS,168.61,8,ASK
2423,2018-12-17 14:33:21,GS,168.63,12,ASK
2424,2018-12-17 14:27:01,GS,168.65,4,ASK
2425,2018-12-17 14:42:12,GS,168.52,2,BID
2426,2018-12-17 14:42:11,GS,168.51,2,BID
2427,2018-12-17 14:42:11,GS,168.49,6,BID
2428,2018-12-17 14:42:06,GS,168.48,4,BID
2429,2018-12-17 14:42:05,GS,168.47,9,BID
2430,2018-12-17 14:42:12,GS,168.6,3,ASK
2431,2018-12-17 14:33:23,GS,168.61,8,ASK
2432,2018-12-17 14:33:21,GS,168.63,12,ASK
2433,2018-12-17 14:27:01,GS,168.65,4,ASK
2434,2018-12-17 14:27:01,GS,168.66,1,ASK
2435,2018-12-17 14:42:12,GS,168.52,3,BID
2436,2018-12-17 14:42:11,GS,168.51,2,BID
2437,2018-12-17 14:42:11,GS,168.49,6,BID
2438,2018-12-17 14:42:06,GS,168.48,4,BID
2439,2018-12-17 14:42:05,GS,168.47,9,BID
2440,2018-12-17 14:42:12,GS,168.6,3,ASK
2441,2018-12-17 14:33:23,GS,168.61,8,ASK
2442,2018-12-17 14:33:21,GS,168.63,12,ASK
2443,2018-12-17 14:27:01,GS,168.65,4,ASK
2444,2018-12-17 14:27:01,GS,168.66,1,ASK
2445,2018-12-17 14:42:13,GS,168.52,4,BID
2446,2018-12-17 14:42:11,GS,168.51,2,BID
2447,2018-12-17 14:42:11,GS,168.49,6,BID
2448,2018-12-17 14:42:06,GS,168.48,4,BID
2449,2018-12-17 14:42:05,GS,168.47,9,BID
2450,2018-12-17 14:42:13,GS,168.58,1,ASK
2451,2018-12-17 14:42:13,GS,168.6,5,ASK
2452,2018-12-17 14:33:23,GS,168.61,8,ASK
2453,2018-12-17 14:33:21,GS,168.63,12,ASK
2454,2018-12-17 14:27:01,GS,168.65,4,ASK
2455,2018-12-17 14:42:14,GS,168.52,4,BID
2456,2018-12-17 14:42:11,GS,168.51,2,BID
2457,2018-12-17 14:42:11,GS,168.49,6,BID
2458,2018-12-17 14:42:06,GS,168.48,4,BID
2459,2018-12-17 14:42:05,GS,168.47,9,BID
2460,2018-12-17 14:42:14,GS,168.58,4,ASK
2461,2018-12-17 14:42:13,GS,168.6,5,ASK
2462,2018-12-17 14:33:23,GS,168.61,8,ASK
2463,2018-12-17 14:33:21,GS,168.63,12,ASK
2464,2018-12-17 14:27:01,GS,168.65,4,ASK
2465,2018-12-17 14:42:14,GS,168.52,4,BID
2466,2018-12-17 14:42:11,GS,168.51,2,BID
2467,2018-12-17 14:42:11,GS,168.49,6,BID
2468,2018-12-17 14:42:06,GS,168.48,4,BID
2469,2018-12-17 14:42:05,GS,168.47,9,BID
2470,2018-12-17 14:42:14,GS,168.58,4,ASK
