,timestamp,ticker,price,volume,bid_ask
0,2018-12-17 14:38:07,MSFT,102.36,21,BID
1,2018-12-17 14:37:56,MSFT,102.35,21,BID
2,2018-12-17 14:37:55,MSFT,102.34,12,BID
3,2018-12-17 14:37:55,MSFT,102.33,19,BID
4,2018-12-17 14:37:52,MSFT,102.32,26,BID
5,2018-12-17 14:38:07,MSFT,102.37,29,ASK
6,2018-12-17 14:38:07,MSFT,102.38,28,ASK
7,2018-12-17 14:38:06,MSFT,102.39,85,ASK
8,2018-12-17 14:38:06,MSFT,102.4,30,ASK
9,2018-12-17 14:38:04,MSFT,102.41,38,ASK
10,2018-12-17 14:38:08,MSFT,102.36,8,BID
11,2018-12-17 14:38:07,MSFT,102.35,28,BID
12,2018-12-17 14:37:55,MSFT,102.34,12,BID
13,2018-12-17 14:37:55,MSFT,102.33,19,BID
14,2018-12-17 14:37:52,MSFT,102.32,26,BID
15,2018-12-17 14:38:07,MSFT,102.37,11,ASK
16,2018-12-17 14:38:07,MSFT,102.38,28,ASK
17,2018-12-17 14:38:06,MSFT,102.39,85,ASK
18,2018-12-17 14:38:06,MSFT,102.4,30,ASK
19,2018-12-17 14:38:04,MSFT,102.41,38,ASK
20,2018-12-17 14:38:09,MSFT,102.36,11,BID
21,2018-12-17 14:38:07,MSFT,102.35,25,BID
22,2018-12-17 14:37:55,MSFT,102.34,12,BID
23,2018-12-17 14:37:55,MSFT,102.33,19,BID
24,2018-12-17 14:37:52,MSFT,102.32,26,BID
25,2018-12-17 14:38:09,MSFT,102.37,11,ASK
26,2018-12-17 14:38:07,MSFT,102.38,28,ASK
27,2018-12-17 14:38:06,MSFT,102.39,85,ASK
28,2018-12-17 14:38:06,MSFT,102.4,30,ASK
29,2018-12-17 14:38:04,MSFT,102.41,38,ASK
30,2018-12-17 14:38:07,MSFT,102.35,28,BID
31,2018-12-17 14:37:55,MSFT,102.34,12,BID
32,2018-12-17 14:37:55,MSFT,102.33,19,BID
33,2018-12-17 14:37:52,MSFT,102.32,26,BID
34,2018-12-17 14:37:50,MSFT,102.31,25,BID
35,2018-12-17 14:38:10,MSFT,102.37,21,ASK
36,2018-12-17 14:38:09,MSFT,102.38,35,ASK
37,2018-12-17 14:38:06,MSFT,102.39,85,ASK
38,2018-12-17 14:38:06,MSFT,102.4,30,ASK
39,2018-12-17 14:38:04,MSFT,102.41,38,ASK
40,2018-12-17 14:38:11,MSFT,102.36,7,BID
41,2018-12-17 14:38:07,MSFT,102.35,26,BID
42,2018-12-17 14:37:55,MSFT,102.34,12,BID
43,2018-12-17 14:37:55,MSFT,102.33,19,BID
44,2018-12-17 14:37:52,MSFT,102.32,26,BID
45,2018-12-17 14:38:10,MSFT,102.37,18,ASK
46,2018-12-17 14:38:09,MSFT,102.38,35,ASK
47,2018-12-17 14:38:06,MSFT,102.39,85,ASK
48,2018-12-17 14:38:06,MSFT,102.4,30,ASK
49,2018-12-17 14:38:04,MSFT,102.41,38,ASK
50,2018-12-17 14:38:12,MSFT,102.37,9,BID
51,2018-12-17 14:38:11,MSFT,102.36,19,BID
52,2018-12-17 14:38:07,MSFT,102.35,26,BID
53,2018-12-17 14:37:55,MSFT,102.34,12,BID
54,2018-12-17 14:37:55,MSFT,102.33,19,BID
55,2018-12-17 14:38:12,MSFT,102.38,28,ASK
56,2018-12-17 14:38:06,MSFT,102.39,85,ASK
57,2018-12-17 14:38:06,MSFT,102.4,30,ASK
58,2018-12-17 14:38:04,MSFT,102.41,38,ASK
59,2018-12-17 14:37:25,MSFT,102.42,33,ASK
60,2018-12-17 14:38:13,MSFT,102.38,16,BID
61,2018-12-17 14:38:12,MSFT,102.37,10,BID
62,2018-12-17 14:38:11,MSFT,102.36,19,BID
63,2018-12-17 14:38:07,MSFT,102.35,26,BID
64,2018-12-17 14:37:55,MSFT,102.34,12,BID
65,2018-12-17 14:38:06,MSFT,102.39,35,ASK
66,2018-12-17 14:38:06,MSFT,102.4,30,ASK
67,2018-12-17 14:38:04,MSFT,102.41,38,ASK
68,2018-12-17 14:37:25,MSFT,102.42,33,ASK
69,2018-12-17 14:37:24,MSFT,102.43,40,ASK
70,2018-12-17 14:38:13,MSFT,102.38,17,BID
71,2018-12-17 14:38:12,MSFT,102.37,10,BID
72,2018-12-17 14:38:11,MSFT,102.36,19,BID
73,2018-12-17 14:38:07,MSFT,102.35,26,BID
74,2018-12-17 14:37:55,MSFT,102.34,12,BID
75,2018-12-17 14:38:06,MSFT,102.39,35,ASK
76,2018-12-17 14:38:06,MSFT,102.4,30,ASK
77,2018-12-17 14:38:04,MSFT,102.41,38,ASK
78,2018-12-17 14:37:25,MSFT,102.42,33,ASK
79,2018-12-17 14:37:24,MSFT,102.43,40,ASK
80,2018-12-17 14:38:15,MSFT,102.35,14,BID
81,2018-12-17 14:37:55,MSFT,102.34,12,BID
82,2018-12-17 14:37:55,MSFT,102.33,19,BID
83,2018-12-17 14:37:52,MSFT,102.32,26,BID
84,2018-12-17 14:37:50,MSFT,102.31,25,BID
85,2018-12-17 14:38:15,MSFT,102.36,9,ASK
86,2018-12-17 14:38:15,MSFT,102.37,32,ASK
87,2018-12-17 14:38:15,MSFT,102.38,28,ASK
88,2018-12-17 14:38:06,MSFT,102.39,40,ASK
89,2018-12-17 14:38:06,MSFT,102.4,30,ASK
90,2018-12-17 14:38:16,MSFT,102.37,21,BID
91,2018-12-17 14:38:15,MSFT,102.36,12,BID
92,2018-12-17 14:38:15,MSFT,102.35,18,BID
93,2018-12-17 14:37:55,MSFT,102.34,12,BID
94,2018-12-17 14:37:55,MSFT,102.33,19,BID
95,2018-12-17 14:38:16,MSFT,102.38,1,ASK
96,2018-12-17 14:38:06,MSFT,102.39,34,ASK
97,2018-12-17 14:38:06,MSFT,102.4,30,ASK
98,2018-12-17 14:38:04,MSFT,102.41,38,ASK
99,2018-12-17 14:37:25,MSFT,102.42,33,ASK
100,2018-12-17 14:38:17,MSFT,102.37,15,BID
101,2018-12-17 14:38:15,MSFT,102.36,12,BID
102,2018-12-17 14:38:15,MSFT,102.35,18,BID
103,2018-12-17 14:37:55,MSFT,102.34,12,BID
104,2018-12-17 14:37:55,MSFT,102.33,19,BID
105,2018-12-17 14:38:17,MSFT,102.38,7,ASK
106,2018-12-17 14:38:06,MSFT,102.39,34,ASK
107,2018-12-17 14:38:06,MSFT,102.4,30,ASK
108,2018-12-17 14:38:04,MSFT,102.41,38,ASK
109,2018-12-17 14:37:25,MSFT,102.42,33,ASK
110,2018-12-17 14:38:17,MSFT,102.37,13,BID
111,2018-12-17 14:38:15,MSFT,102.36,12,BID
112,2018-12-17 14:38:15,MSFT,102.35,18,BID
113,2018-12-17 14:37:55,MSFT,102.34,12,BID
114,2018-12-17 14:37:55,MSFT,102.33,19,BID
115,2018-12-17 14:38:18,MSFT,102.38,12,ASK
116,2018-12-17 14:38:06,MSFT,102.39,34,ASK
117,2018-12-17 14:38:06,MSFT,102.4,30,ASK
118,2018-12-17 14:38:04,MSFT,102.41,38,ASK
119,2018-12-17 14:37:25,MSFT,102.42,33,ASK
120,2018-12-17 14:38:17,MSFT,102.37,17,BID
121,2018-12-17 14:38:15,MSFT,102.36,12,BID
122,2018-12-17 14:38:15,MSFT,102.35,18,BID
123,2018-12-17 14:37:55,MSFT,102.34,12,BID
124,2018-12-17 14:37:55,MSFT,102.33,19,BID
125,2018-12-17 14:38:18,MSFT,102.38,17,ASK
126,2018-12-17 14:38:06,MSFT,102.39,34,ASK
127,2018-12-17 14:38:06,MSFT,102.4,30,ASK
128,2018-12-17 14:38:04,MSFT,102.41,38,ASK
129,2018-12-17 14:37:25,MSFT,102.42,33,ASK
130,2018-12-17 14:38:19,MSFT,102.35,18,BID
131,2018-12-17 14:37:55,MSFT,102.34,12,BID
132,2018-12-17 14:37:55,MSFT,102.33,19,BID
133,2018-12-17 14:37:52,MSFT,102.32,26,BID
134,2018-12-17 14:37:50,MSFT,102.31,25,BID
135,2018-12-17 14:38:19,MSFT,102.36,4,ASK
136,2018-12-17 14:38:19,MSFT,102.37,58,ASK
137,2018-12-17 14:38:19,MSFT,102.38,26,ASK
138,2018-12-17 14:38:06,MSFT,102.39,34,ASK
139,2018-12-17 14:38:06,MSFT,102.4,30,ASK
140,2018-12-17 14:38:20,MSFT,102.33,10,BID
141,2018-12-17 14:38:20,MSFT,102.32,25,BID
142,2018-12-17 14:37:50,MSFT,102.31,25,BID
143,2018-12-17 14:37:38,MSFT,102.3,29,BID
144,2018-12-17 14:32:04,MSFT,102.29,24,BID
145,2018-12-17 14:38:20,MSFT,102.34,19,ASK
146,2018-12-17 14:38:19,MSFT,102.35,24,ASK
147,2018-12-17 14:38:19,MSFT,102.36,11,ASK
148,2018-12-17 14:38:19,MSFT,102.37,57,ASK
149,2018-12-17 14:38:19,MSFT,102.38,26,ASK
150,2018-12-17 14:38:22,MSFT,102.33,20,BID
151,2018-12-17 14:38:21,MSFT,102.32,25,BID
152,2018-12-17 14:37:50,MSFT,102.31,25,BID
153,2018-12-17 14:37:38,MSFT,102.3,29,BID
154,2018-12-17 14:32:04,MSFT,102.29,24,BID
155,2018-12-17 14:38:22,MSFT,102.34,7,ASK
156,2018-12-17 14:38:19,MSFT,102.35,25,ASK
157,2018-12-17 14:38:19,MSFT,102.36,11,ASK
158,2018-12-17 14:38:19,MSFT,102.37,57,ASK
159,2018-12-17 14:38:19,MSFT,102.38,26,ASK
160,2018-12-17 14:38:22,MSFT,102.34,15,BID
161,2018-12-17 14:38:22,MSFT,102.33,20,BID
162,2018-12-17 14:38:21,MSFT,102.32,25,BID
163,2018-12-17 14:37:50,MSFT,102.31,25,BID
164,2018-12-17 14:37:38,MSFT,102.3,29,BID
165,2018-12-17 14:38:23,MSFT,102.35,10,ASK
166,2018-12-17 14:38:23,MSFT,102.36,22,ASK
167,2018-12-17 14:38:19,MSFT,102.37,57,ASK
168,2018-12-17 14:38:19,MSFT,102.38,26,ASK
169,2018-12-17 14:38:06,MSFT,102.39,34,ASK
170,2018-12-17 14:38:24,MSFT,102.34,6,BID
171,2018-12-17 14:38:24,MSFT,102.33,24,BID
172,2018-12-17 14:38:21,MSFT,102.32,25,BID
173,2018-12-17 14:37:50,MSFT,102.31,25,BID
174,2018-12-17 14:37:38,MSFT,102.3,29,BID
175,2018-12-17 14:38:24,MSFT,102.35,11,ASK
176,2018-12-17 14:38:23,MSFT,102.36,22,ASK
177,2018-12-17 14:38:19,MSFT,102.37,57,ASK
178,2018-12-17 14:38:19,MSFT,102.38,26,ASK
179,2018-12-17 14:38:06,MSFT,102.39,34,ASK
180,2018-12-17 14:38:25,MSFT,102.34,8,BID
181,2018-12-17 14:38:24,MSFT,102.33,24,BID
182,2018-12-17 14:38:21,MSFT,102.32,25,BID
183,2018-12-17 14:37:50,MSFT,102.31,25,BID
184,2018-12-17 14:37:38,MSFT,102.3,29,BID
185,2018-12-17 14:38:25,MSFT,102.35,19,ASK
186,2018-12-17 14:38:23,MSFT,102.36,22,ASK
187,2018-12-17 14:38:19,MSFT,102.37,57,ASK
188,2018-12-17 14:38:19,MSFT,102.38,26,ASK
189,2018-12-17 14:38:06,MSFT,102.39,34,ASK
190,2018-12-17 14:38:24,MSFT,102.33,13,BID
191,2018-12-17 14:38:21,MSFT,102.32,25,BID
192,2018-12-17 14:37:50,MSFT,102.31,25,BID
193,2018-12-17 14:37:38,MSFT,102.3,29,BID
194,2018-12-17 14:32:04,MSFT,102.29,24,BID
195,2018-12-17 14:38:26,MSFT,102.34,12,ASK
196,2018-12-17 14:38:25,MSFT,102.35,25,ASK
197,2018-12-17 14:38:23,MSFT,102.36,22,ASK
198,2018-12-17 14:38:19,MSFT,102.37,57,ASK
199,2018-12-17 14:38:19,MSFT,102.38,26,ASK
200,2018-12-17 14:38:26,MSFT,102.33,13,BID
201,2018-12-17 14:38:21,MSFT,102.32,25,BID
202,2018-12-17 14:37:50,MSFT,102.31,25,BID
203,2018-12-17 14:37:38,MSFT,102.3,29,BID
204,2018-12-17 14:32:04,MSFT,102.29,24,BID
205,2018-12-17 14:38:26,MSFT,102.34,27,ASK
206,2018-12-17 14:38:25,MSFT,102.35,25,ASK
207,2018-12-17 14:38:23,MSFT,102.36,22,ASK
208,2018-12-17 14:38:19,MSFT,102.37,57,ASK
209,2018-12-17 14:38:19,MSFT,102.38,26,ASK
210,2018-12-17 14:38:28,MSFT,102.32,14,BID
211,2018-12-17 14:37:50,MSFT,102.31,25,BID
212,2018-12-17 14:37:38,MSFT,102.3,29,BID
213,2018-12-17 14:32:04,MSFT,102.29,24,BID
214,2018-12-17 14:32:03,MSFT,102.28,11,BID
215,2018-12-17 14:38:27,MSFT,102.33,32,ASK
216,2018-12-17 14:38:26,MSFT,102.34,33,ASK
217,2018-12-17 14:38:25,MSFT,102.35,25,ASK
218,2018-12-17 14:38:23,MSFT,102.36,22,ASK
219,2018-12-17 14:38:19,MSFT,102.37,57,ASK
220,2018-12-17 14:38:29,MSFT,102.32,10,BID
221,2018-12-17 14:38:28,MSFT,102.31,23,BID
222,2018-12-17 14:37:38,MSFT,102.3,29,BID
223,2018-12-17 14:32:04,MSFT,102.29,24,BID
224,2018-12-17 14:32:03,MSFT,102.28,11,BID
225,2018-12-17 14:38:27,MSFT,102.33,25,ASK
226,2018-12-17 14:38:26,MSFT,102.34,33,ASK
227,2018-12-17 14:38:25,MSFT,102.35,25,ASK
228,2018-12-17 14:38:23,MSFT,102.36,22,ASK
229,2018-12-17 14:38:19,MSFT,102.37,57,ASK
230,2018-12-17 14:38:30,MSFT,102.32,7,BID
231,2018-12-17 14:38:30,MSFT,102.31,24,BID
232,2018-12-17 14:37:38,MSFT,102.3,29,BID
233,2018-12-17 14:32:04,MSFT,102.29,24,BID
234,2018-12-17 14:32:03,MSFT,102.28,11,BID
235,2018-12-17 14:38:29,MSFT,102.33,29,ASK
236,2018-12-17 14:38:26,MSFT,102.34,33,ASK
237,2018-12-17 14:38:25,MSFT,102.35,25,ASK
238,2018-12-17 14:38:23,MSFT,102.36,22,ASK
239,2018-12-17 14:38:19,MSFT,102.37,57,ASK
240,2018-12-17 14:37:38,MSFT,102.3,35,BID
241,2018-12-17 14:32:04,MSFT,102.29,24,BID
242,2018-12-17 14:32:03,MSFT,102.28,11,BID
243,2018-12-17 14:32:01,MSFT,102.27,30,BID
244,2018-12-17 14:38:31,MSFT,102.32,26,ASK
245,2018-12-17 14:38:30,MSFT,102.33,26,ASK
246,2018-12-17 14:38:26,MSFT,102.34,33,ASK
247,2018-12-17 14:38:25,MSFT,102.35,25,ASK
248,2018-12-17 14:38:23,MSFT,102.36,22,ASK
249,2018-12-17 14:37:38,MSFT,102.3,35,BID
250,2018-12-17 14:32:04,MSFT,102.29,24,BID
251,2018-12-17 14:32:03,MSFT,102.28,11,BID
252,2018-12-17 14:32:01,MSFT,102.27,30,BID
253,2018-12-17 14:38:32,MSFT,102.31,20,ASK
254,2018-12-17 14:38:31,MSFT,102.32,24,ASK
255,2018-12-17 14:38:30,MSFT,102.33,26,ASK
256,2018-12-17 14:38:26,MSFT,102.34,33,ASK
257,2018-12-17 14:38:25,MSFT,102.35,25,ASK
258,2018-12-17 14:38:33,MSFT,102.31,12,BID
259,2018-12-17 14:38:32,MSFT,102.3,42,BID
260,2018-12-17 14:32:04,MSFT,102.29,24,BID
261,2018-12-17 14:32:03,MSFT,102.28,11,BID
262,2018-12-17 14:32:01,MSFT,102.27,30,BID
263,2018-12-17 14:38:33,MSFT,102.32,5,ASK
264,2018-12-17 14:38:30,MSFT,102.33,24,ASK
265,2018-12-17 14:38:26,MSFT,102.34,33,ASK
266,2018-12-17 14:38:25,MSFT,102.35,25,ASK
267,2018-12-17 14:38:23,MSFT,102.36,22,ASK
268,2018-12-17 14:38:33,MSFT,102.31,19,BID
269,2018-12-17 14:38:32,MSFT,102.3,42,BID
270,2018-12-17 14:32:04,MSFT,102.29,24,BID
271,2018-12-17 14:32:03,MSFT,102.28,11,BID
272,2018-12-17 14:32:01,MSFT,102.27,30,BID
273,2018-12-17 14:38:34,MSFT,102.32,5,ASK
274,2018-12-17 14:38:30,MSFT,102.33,25,ASK
275,2018-12-17 14:38:26,MSFT,102.34,33,ASK
276,2018-12-17 14:38:25,MSFT,102.35,25,ASK
277,2018-12-17 14:38:23,MSFT,102.36,22,ASK
278,2018-12-17 14:38:33,MSFT,102.31,22,BID
279,2018-12-17 14:38:32,MSFT,102.3,42,BID
280,2018-12-17 14:32:04,MSFT,102.29,24,BID
281,2018-12-17 14:32:03,MSFT,102.28,11,BID
282,2018-12-17 14:32:01,MSFT,102.27,30,BID
283,2018-12-17 14:38:35,MSFT,102.32,6,ASK
284,2018-12-17 14:38:30,MSFT,102.33,25,ASK
285,2018-12-17 14:38:26,MSFT,102.34,33,ASK
286,2018-12-17 14:38:25,MSFT,102.35,25,ASK
287,2018-12-17 14:38:23,MSFT,102.36,22,ASK
288,2018-12-17 14:38:33,MSFT,102.31,23,BID
289,2018-12-17 14:38:32,MSFT,102.3,42,BID
290,2018-12-17 14:32:04,MSFT,102.29,24,BID
291,2018-12-17 14:32:03,MSFT,102.28,11,BID
292,2018-12-17 14:32:01,MSFT,102.27,30,BID
293,2018-12-17 14:38:36,MSFT,102.32,6,ASK
294,2018-12-17 14:38:30,MSFT,102.33,19,ASK
295,2018-12-17 14:38:26,MSFT,102.34,33,ASK
296,2018-12-17 14:38:25,MSFT,102.35,25,ASK
297,2018-12-17 14:38:23,MSFT,102.36,22,ASK
298,2018-12-17 14:38:33,MSFT,102.31,29,BID
299,2018-12-17 14:38:32,MSFT,102.3,42,BID
300,2018-12-17 14:32:04,MSFT,102.29,24,BID
301,2018-12-17 14:32:03,MSFT,102.28,11,BID
302,2018-12-17 14:32:01,MSFT,102.27,30,BID
303,2018-12-17 14:38:37,MSFT,102.32,5,ASK
304,2018-12-17 14:38:30,MSFT,102.33,19,ASK
305,2018-12-17 14:38:26,MSFT,102.34,33,ASK
306,2018-12-17 14:38:25,MSFT,102.35,25,ASK
307,2018-12-17 14:38:23,MSFT,102.36,22,ASK
308,2018-12-17 14:38:38,MSFT,102.33,2,BID
309,2018-12-17 14:38:37,MSFT,102.32,22,BID
310,2018-12-17 14:38:33,MSFT,102.31,35,BID
311,2018-12-17 14:38:32,MSFT,102.3,42,BID
312,2018-12-17 14:32:04,MSFT,102.29,24,BID
313,2018-12-17 14:38:37,MSFT,102.33,21,ASK
314,2018-12-17 14:38:26,MSFT,102.34,33,ASK
315,2018-12-17 14:38:25,MSFT,102.35,25,ASK
316,2018-12-17 14:38:23,MSFT,102.36,22,ASK
317,2018-12-17 14:38:19,MSFT,102.37,57,ASK
318,2018-12-17 14:38:39,MSFT,102.32,16,BID
319,2018-12-17 14:38:33,MSFT,102.31,35,BID
320,2018-12-17 14:38:32,MSFT,102.3,42,BID
321,2018-12-17 14:32:04,MSFT,102.29,24,BID
322,2018-12-17 14:32:03,MSFT,102.28,11,BID
323,2018-12-17 14:38:39,MSFT,102.33,13,ASK
324,2018-12-17 14:38:26,MSFT,102.34,33,ASK
325,2018-12-17 14:38:25,MSFT,102.35,25,ASK
326,2018-12-17 14:38:23,MSFT,102.36,22,ASK
327,2018-12-17 14:38:19,MSFT,102.37,57,ASK
328,2018-12-17 14:38:39,MSFT,102.32,16,BID
329,2018-12-17 14:38:33,MSFT,102.31,35,BID
330,2018-12-17 14:38:32,MSFT,102.3,42,BID
331,2018-12-17 14:32:04,MSFT,102.29,24,BID
332,2018-12-17 14:32:03,MSFT,102.28,11,BID
333,2018-12-17 14:38:39,MSFT,102.33,7,ASK
334,2018-12-17 14:38:26,MSFT,102.34,33,ASK
335,2018-12-17 14:38:25,MSFT,102.35,25,ASK
336,2018-12-17 14:38:23,MSFT,102.36,22,ASK
337,2018-12-17 14:38:19,MSFT,102.37,57,ASK
338,2018-12-17 14:38:41,MSFT,102.33,6,BID
339,2018-12-17 14:38:39,MSFT,102.32,19,BID
340,2018-12-17 14:38:33,MSFT,102.31,35,BID
341,2018-12-17 14:38:32,MSFT,102.3,42,BID
342,2018-12-17 14:32:04,MSFT,102.29,24,BID
343,2018-12-17 14:38:26,MSFT,102.34,30,ASK
344,2018-12-17 14:38:25,MSFT,102.35,25,ASK
345,2018-12-17 14:38:23,MSFT,102.36,22,ASK
346,2018-12-17 14:38:19,MSFT,102.37,57,ASK
347,2018-12-17 14:38:19,MSFT,102.38,26,ASK
348,2018-12-17 14:38:33,MSFT,102.31,36,BID
349,2018-12-17 14:38:32,MSFT,102.3,42,BID
350,2018-12-17 14:32:04,MSFT,102.29,24,BID
351,2018-12-17 14:32:03,MSFT,102.28,11,BID
352,2018-12-17 14:32:01,MSFT,102.27,30,BID
353,2018-12-17 14:38:42,MSFT,102.32,42,ASK
354,2018-12-17 14:38:42,MSFT,102.33,40,ASK
355,2018-12-17 14:38:26,MSFT,102.34,30,ASK
356,2018-12-17 14:38:25,MSFT,102.35,25,ASK
357,2018-12-17 14:38:23,MSFT,102.36,22,ASK
358,2018-12-17 14:38:33,MSFT,102.31,38,BID
359,2018-12-17 14:38:32,MSFT,102.3,42,BID
360,2018-12-17 14:32:04,MSFT,102.29,24,BID
361,2018-12-17 14:32:03,MSFT,102.28,11,BID
362,2018-12-17 14:32:01,MSFT,102.27,30,BID
363,2018-12-17 14:38:43,MSFT,102.32,6,ASK
364,2018-12-17 14:38:43,MSFT,102.33,25,ASK
365,2018-12-17 14:38:26,MSFT,102.34,30,ASK
366,2018-12-17 14:38:25,MSFT,102.35,25,ASK
367,2018-12-17 14:38:23,MSFT,102.36,22,ASK
368,2018-12-17 14:38:44,MSFT,102.29,17,BID
369,2018-12-17 14:32:03,MSFT,102.28,11,BID
370,2018-12-17 14:32:01,MSFT,102.27,30,BID
371,2018-12-17 14:38:44,MSFT,102.3,7,ASK
372,2018-12-17 14:38:44,MSFT,102.31,35,ASK
373,2018-12-17 14:38:44,MSFT,102.32,31,ASK
374,2018-12-17 14:38:43,MSFT,102.33,37,ASK
375,2018-12-17 14:38:26,MSFT,102.34,31,ASK
376,2018-12-17 14:38:45,MSFT,102.29,12,BID
377,2018-12-17 14:38:45,MSFT,102.28,14,BID
378,2018-12-17 14:32:01,MSFT,102.27,30,BID
379,2018-12-17 14:38:44,MSFT,102.31,22,ASK
380,2018-12-17 14:38:44,MSFT,102.32,31,ASK
381,2018-12-17 14:38:43,MSFT,102.33,37,ASK
382,2018-12-17 14:38:26,MSFT,102.34,31,ASK
383,2018-12-17 14:38:25,MSFT,102.35,25,ASK
384,2018-12-17 14:38:46,MSFT,102.3,10,BID
385,2018-12-17 14:38:45,MSFT,102.29,12,BID
386,2018-12-17 14:38:45,MSFT,102.28,14,BID
387,2018-12-17 14:32:01,MSFT,102.27,30,BID
388,2018-12-17 14:38:46,MSFT,102.31,25,ASK
389,2018-12-17 14:38:44,MSFT,102.32,31,ASK
390,2018-12-17 14:38:43,MSFT,102.33,37,ASK
391,2018-12-17 14:38:43,MSFT,102.34,31,ASK
392,2018-12-17 14:38:25,MSFT,102.35,25,ASK
393,2018-12-17 14:38:47,MSFT,102.3,10,BID
394,2018-12-17 14:38:45,MSFT,102.29,12,BID
395,2018-12-17 14:38:45,MSFT,102.28,14,BID
396,2018-12-17 14:32:01,MSFT,102.27,30,BID
397,2018-12-17 14:38:47,MSFT,102.31,25,ASK
398,2018-12-17 14:38:44,MSFT,102.32,30,ASK
399,2018-12-17 14:38:43,MSFT,102.33,37,ASK
400,2018-12-17 14:38:43,MSFT,102.34,31,ASK
401,2018-12-17 14:38:25,MSFT,102.35,25,ASK
402,2018-12-17 14:38:48,MSFT,102.3,12,BID
403,2018-12-17 14:38:45,MSFT,102.29,12,BID
404,2018-12-17 14:38:45,MSFT,102.28,14,BID
405,2018-12-17 14:32:01,MSFT,102.27,30,BID
406,2018-12-17 14:38:48,MSFT,102.31,21,ASK
407,2018-12-17 14:38:44,MSFT,102.32,30,ASK
408,2018-12-17 14:38:43,MSFT,102.33,37,ASK
409,2018-12-17 14:38:43,MSFT,102.34,31,ASK
410,2018-12-17 14:38:25,MSFT,102.35,25,ASK
411,2018-12-17 14:38:48,MSFT,102.3,18,BID
412,2018-12-17 14:38:45,MSFT,102.29,12,BID
413,2018-12-17 14:38:45,MSFT,102.28,14,BID
414,2018-12-17 14:32:01,MSFT,102.27,30,BID
415,2018-12-17 14:38:44,MSFT,102.32,31,ASK
416,2018-12-17 14:38:43,MSFT,102.33,37,ASK
417,2018-12-17 14:38:43,MSFT,102.34,31,ASK
418,2018-12-17 14:38:25,MSFT,102.35,25,ASK
419,2018-12-17 14:38:23,MSFT,102.36,22,ASK
420,2018-12-17 14:38:48,MSFT,102.3,21,BID
421,2018-12-17 14:38:45,MSFT,102.29,12,BID
422,2018-12-17 14:38:45,MSFT,102.28,14,BID
423,2018-12-17 14:32:01,MSFT,102.27,30,BID
424,2018-12-17 14:38:50,MSFT,102.31,2,ASK
425,2018-12-17 14:38:44,MSFT,102.32,32,ASK
426,2018-12-17 14:38:43,MSFT,102.33,37,ASK
427,2018-12-17 14:38:43,MSFT,102.34,31,ASK
428,2018-12-17 14:38:25,MSFT,102.35,25,ASK
429,2018-12-17 14:38:51,MSFT,102.32,26,BID
430,2018-12-17 14:38:51,MSFT,102.31,19,BID
431,2018-12-17 14:38:48,MSFT,102.3,21,BID
432,2018-12-17 14:38:45,MSFT,102.29,12,BID
433,2018-12-17 14:38:45,MSFT,102.28,14,BID
434,2018-12-17 14:38:51,MSFT,102.33,15,ASK
435,2018-12-17 14:38:43,MSFT,102.34,31,ASK
436,2018-12-17 14:38:25,MSFT,102.35,25,ASK
437,2018-12-17 14:38:23,MSFT,102.36,22,ASK
438,2018-12-17 14:38:19,MSFT,102.37,57,ASK
439,2018-12-17 14:38:52,MSFT,102.33,8,BID
440,2018-12-17 14:38:52,MSFT,102.32,40,BID
441,2018-12-17 14:38:51,MSFT,102.31,19,BID
442,2018-12-17 14:38:48,MSFT,102.3,21,BID
443,2018-12-17 14:38:45,MSFT,102.29,12,BID
444,2018-12-17 14:38:52,MSFT,102.34,25,ASK
445,2018-12-17 14:38:25,MSFT,102.35,25,ASK
446,2018-12-17 14:38:23,MSFT,102.36,22,ASK
447,2018-12-17 14:38:19,MSFT,102.37,57,ASK
448,2018-12-17 14:38:19,MSFT,102.38,26,ASK
449,2018-12-17 14:38:52,MSFT,102.33,17,BID
450,2018-12-17 14:38:52,MSFT,102.32,40,BID
451,2018-12-17 14:38:51,MSFT,102.31,19,BID
452,2018-12-17 14:38:48,MSFT,102.3,21,BID
453,2018-12-17 14:38:45,MSFT,102.29,12,BID
454,2018-12-17 14:38:53,MSFT,102.34,31,ASK
455,2018-12-17 14:38:25,MSFT,102.35,25,ASK
456,2018-12-17 14:38:23,MSFT,102.36,22,ASK
457,2018-12-17 14:38:19,MSFT,102.37,57,ASK
458,2018-12-17 14:38:19,MSFT,102.38,26,ASK
459,2018-12-17 14:38:54,MSFT,102.32,33,BID
460,2018-12-17 14:38:51,MSFT,102.31,19,BID
461,2018-12-17 14:38:48,MSFT,102.3,21,BID
462,2018-12-17 14:38:45,MSFT,102.29,12,BID
463,2018-12-17 14:38:45,MSFT,102.28,14,BID
464,2018-12-17 14:38:54,MSFT,102.33,39,ASK
465,2018-12-17 14:38:53,MSFT,102.34,67,ASK
466,2018-12-17 14:38:25,MSFT,102.35,25,ASK
467,2018-12-17 14:38:23,MSFT,102.36,22,ASK
468,2018-12-17 14:38:19,MSFT,102.37,57,ASK
469,2018-12-17 14:38:55,MSFT,102.33,13,BID
470,2018-12-17 14:38:55,MSFT,102.32,34,BID
471,2018-12-17 14:38:51,MSFT,102.31,19,BID
472,2018-12-17 14:38:48,MSFT,102.3,21,BID
473,2018-12-17 14:38:45,MSFT,102.29,12,BID
474,2018-12-17 14:38:53,MSFT,102.34,59,ASK
475,2018-12-17 14:38:25,MSFT,102.35,25,ASK
476,2018-12-17 14:38:23,MSFT,102.36,22,ASK
477,2018-12-17 14:38:19,MSFT,102.37,57,ASK
478,2018-12-17 14:38:19,MSFT,102.38,26,ASK
479,2018-12-17 14:38:55,MSFT,102.33,9,BID
480,2018-12-17 14:38:55,MSFT,102.32,34,BID
481,2018-12-17 14:38:51,MSFT,102.31,19,BID
482,2018-12-17 14:38:48,MSFT,102.3,21,BID
483,2018-12-17 14:38:45,MSFT,102.29,12,BID
484,2018-12-17 14:38:53,MSFT,102.34,59,ASK
485,2018-12-17 14:38:25,MSFT,102.35,25,ASK
486,2018-12-17 14:38:23,MSFT,102.36,22,ASK
487,2018-12-17 14:38:19,MSFT,102.37,57,ASK
488,2018-12-17 14:38:19,MSFT,102.38,26,ASK
489,2018-12-17 14:38:57,MSFT,102.32,36,BID
490,2018-12-17 14:38:51,MSFT,102.31,19,BID
491,2018-12-17 14:38:48,MSFT,102.3,21,BID
492,2018-12-17 14:38:45,MSFT,102.29,12,BID
493,2018-12-17 14:38:45,MSFT,102.28,14,BID
494,2018-12-17 14:38:57,MSFT,102.33,5,ASK
495,2018-12-17 14:38:57,MSFT,102.34,36,ASK
496,2018-12-17 14:38:25,MSFT,102.35,25,ASK
497,2018-12-17 14:38:23,MSFT,102.36,22,ASK
498,2018-12-17 14:38:19,MSFT,102.37,57,ASK
499,2018-12-17 14:38:57,MSFT,102.32,33,BID
500,2018-12-17 14:38:51,MSFT,102.31,19,BID
501,2018-12-17 14:38:48,MSFT,102.3,21,BID
502,2018-12-17 14:38:45,MSFT,102.29,12,BID
503,2018-12-17 14:38:45,MSFT,102.28,14,BID
504,2018-12-17 14:38:58,MSFT,102.33,2,ASK
505,2018-12-17 14:38:57,MSFT,102.34,45,ASK
506,2018-12-17 14:38:25,MSFT,102.35,25,ASK
507,2018-12-17 14:38:23,MSFT,102.36,22,ASK
508,2018-12-17 14:38:19,MSFT,102.37,57,ASK
509,2018-12-17 14:38:57,MSFT,102.32,25,BID
510,2018-12-17 14:38:51,MSFT,102.31,19,BID
511,2018-12-17 14:38:48,MSFT,102.3,21,BID
512,2018-12-17 14:38:45,MSFT,102.29,12,BID
513,2018-12-17 14:38:45,MSFT,102.28,14,BID
514,2018-12-17 14:38:59,MSFT,102.33,20,ASK
515,2018-12-17 14:38:57,MSFT,102.34,45,ASK
516,2018-12-17 14:38:25,MSFT,102.35,25,ASK
517,2018-12-17 14:38:23,MSFT,102.36,22,ASK
518,2018-12-17 14:38:19,MSFT,102.37,57,ASK
519,2018-12-17 14:38:59,MSFT,102.31,23,BID
520,2018-12-17 14:38:48,MSFT,102.3,21,BID
521,2018-12-17 14:38:45,MSFT,102.29,12,BID
522,2018-12-17 14:38:45,MSFT,102.28,14,BID
523,2018-12-17 14:32:01,MSFT,102.27,30,BID
524,2018-12-17 14:39:00,MSFT,102.32,13,ASK
525,2018-12-17 14:38:59,MSFT,102.33,24,ASK
526,2018-12-17 14:38:57,MSFT,102.34,45,ASK
527,2018-12-17 14:38:25,MSFT,102.35,25,ASK
528,2018-12-17 14:38:23,MSFT,102.36,22,ASK
529,2018-12-17 14:39:01,MSFT,102.3,33,BID
530,2018-12-17 14:38:45,MSFT,102.29,12,BID
531,2018-12-17 14:38:45,MSFT,102.28,14,BID
532,2018-12-17 14:32:01,MSFT,102.27,30,BID
533,2018-12-17 14:39:01,MSFT,102.31,19,ASK
534,2018-12-17 14:39:01,MSFT,102.32,33,ASK
535,2018-12-17 14:38:59,MSFT,102.33,24,ASK
536,2018-12-17 14:38:57,MSFT,102.34,45,ASK
537,2018-12-17 14:38:25,MSFT,102.35,25,ASK
538,2018-12-17 14:39:02,MSFT,102.33,36,BID
539,2018-12-17 14:39:02,MSFT,102.32,27,BID
540,2018-12-17 14:39:02,MSFT,102.31,35,BID
541,2018-12-17 14:39:01,MSFT,102.3,33,BID
542,2018-12-17 14:38:45,MSFT,102.29,12,BID
543,2018-12-17 14:39:02,MSFT,102.34,4,ASK
544,2018-12-17 14:39:02,MSFT,102.35,25,ASK
545,2018-12-17 14:38:23,MSFT,102.36,22,ASK
546,2018-12-17 14:38:19,MSFT,102.37,57,ASK
547,2018-12-17 14:38:19,MSFT,102.38,26,ASK
548,2018-12-17 14:39:03,MSFT,102.34,36,BID
549,2018-12-17 14:39:02,MSFT,102.33,27,BID
550,2018-12-17 14:39:02,MSFT,102.32,27,BID
551,2018-12-17 14:39:02,MSFT,102.31,35,BID
552,2018-12-17 14:39:01,MSFT,102.3,33,BID
553,2018-12-17 14:39:03,MSFT,102.35,16,ASK
554,2018-12-17 14:38:23,MSFT,102.36,22,ASK
555,2018-12-17 14:38:19,MSFT,102.37,57,ASK
556,2018-12-17 14:38:19,MSFT,102.38,26,ASK
557,2018-12-17 14:38:06,MSFT,102.39,34,ASK
558,2018-12-17 14:39:04,MSFT,102.34,30,BID
559,2018-12-17 14:39:02,MSFT,102.33,27,BID
560,2018-12-17 14:39:02,MSFT,102.32,27,BID
561,2018-12-17 14:39:02,MSFT,102.31,35,BID
562,2018-12-17 14:39:01,MSFT,102.3,33,BID
563,2018-12-17 14:39:04,MSFT,102.35,17,ASK
564,2018-12-17 14:38:23,MSFT,102.36,22,ASK
565,2018-12-17 14:38:19,MSFT,102.37,57,ASK
566,2018-12-17 14:38:19,MSFT,102.38,26,ASK
567,2018-12-17 14:38:06,MSFT,102.39,34,ASK
568,2018-12-17 14:39:04,MSFT,102.34,25,BID
569,2018-12-17 14:39:02,MSFT,102.33,27,BID
570,2018-12-17 14:39:02,MSFT,102.32,27,BID
571,2018-12-17 14:39:02,MSFT,102.31,35,BID
572,2018-12-17 14:39:01,MSFT,102.3,33,BID
573,2018-12-17 14:39:04,MSFT,102.35,22,ASK
574,2018-12-17 14:38:23,MSFT,102.36,22,ASK
575,2018-12-17 14:38:19,MSFT,102.37,57,ASK
576,2018-12-17 14:38:19,MSFT,102.38,26,ASK
577,2018-12-17 14:38:06,MSFT,102.39,34,ASK
578,2018-12-17 14:39:06,MSFT,102.33,25,BID
579,2018-12-17 14:39:02,MSFT,102.32,27,BID
580,2018-12-17 14:39:02,MSFT,102.31,35,BID
581,2018-12-17 14:39:01,MSFT,102.3,33,BID
582,2018-12-17 14:38:45,MSFT,102.29,12,BID
583,2018-12-17 14:39:06,MSFT,102.34,10,ASK
584,2018-12-17 14:39:04,MSFT,102.35,33,ASK
585,2018-12-17 14:38:23,MSFT,102.36,22,ASK
586,2018-12-17 14:38:19,MSFT,102.37,57,ASK
587,2018-12-17 14:38:19,MSFT,102.38,26,ASK
588,2018-12-17 14:39:07,MSFT,102.32,10,BID
589,2018-12-17 14:39:02,MSFT,102.31,19,BID
590,2018-12-17 14:39:01,MSFT,102.3,33,BID
591,2018-12-17 14:38:45,MSFT,102.29,12,BID
592,2018-12-17 14:38:45,MSFT,102.28,14,BID
593,2018-12-17 14:39:07,MSFT,102.33,1,ASK
594,2018-12-17 14:39:07,MSFT,102.34,21,ASK
595,2018-12-17 14:39:04,MSFT,102.35,33,ASK
596,2018-12-17 14:38:23,MSFT,102.36,22,ASK
597,2018-12-17 14:38:19,MSFT,102.37,57,ASK
598,2018-12-17 14:39:08,MSFT,102.33,13,BID
599,2018-12-17 14:39:08,MSFT,102.32,27,BID
600,2018-12-17 14:39:02,MSFT,102.31,19,BID
601,2018-12-17 14:39:01,MSFT,102.3,33,BID
602,2018-12-17 14:38:45,MSFT,102.29,12,BID
603,2018-12-17 14:39:08,MSFT,102.34,9,ASK
604,2018-12-17 14:39:04,MSFT,102.35,33,ASK
605,2018-12-17 14:38:23,MSFT,102.36,22,ASK
606,2018-12-17 14:38:19,MSFT,102.37,57,ASK
607,2018-12-17 14:38:19,MSFT,102.38,26,ASK
608,2018-12-17 14:39:09,MSFT,102.33,13,BID
609,2018-12-17 14:39:08,MSFT,102.32,27,BID
610,2018-12-17 14:39:02,MSFT,102.31,19,BID
611,2018-12-17 14:39:01,MSFT,102.3,33,BID
612,2018-12-17 14:38:45,MSFT,102.29,12,BID
613,2018-12-17 14:39:09,MSFT,102.34,17,ASK
614,2018-12-17 14:39:04,MSFT,102.35,33,ASK
615,2018-12-17 14:38:23,MSFT,102.36,22,ASK
616,2018-12-17 14:38:19,MSFT,102.37,57,ASK
617,2018-12-17 14:38:19,MSFT,102.38,26,ASK
618,2018-12-17 14:39:08,MSFT,102.32,16,BID
619,2018-12-17 14:39:02,MSFT,102.31,19,BID
620,2018-12-17 14:39:01,MSFT,102.3,33,BID
621,2018-12-17 14:38:45,MSFT,102.29,12,BID
622,2018-12-17 14:38:45,MSFT,102.28,14,BID
623,2018-12-17 14:39:10,MSFT,102.33,19,ASK
624,2018-12-17 14:39:10,MSFT,102.34,41,ASK
625,2018-12-17 14:39:04,MSFT,102.35,33,ASK
626,2018-12-17 14:38:23,MSFT,102.36,22,ASK
627,2018-12-17 14:38:19,MSFT,102.37,57,ASK
628,2018-12-17 14:39:11,MSFT,102.32,13,BID
629,2018-12-17 14:39:02,MSFT,102.31,18,BID
630,2018-12-17 14:39:01,MSFT,102.3,33,BID
631,2018-12-17 14:38:45,MSFT,102.29,12,BID
632,2018-12-17 14:38:45,MSFT,102.28,14,BID
633,2018-12-17 14:39:10,MSFT,102.34,41,ASK
634,2018-12-17 14:39:04,MSFT,102.35,33,ASK
635,2018-12-17 14:38:23,MSFT,102.36,22,ASK
636,2018-12-17 14:38:19,MSFT,102.37,57,ASK
637,2018-12-17 14:38:19,MSFT,102.38,26,ASK
638,2018-12-17 14:39:12,MSFT,102.33,8,BID
639,2018-12-17 14:39:12,MSFT,102.32,18,BID
640,2018-12-17 14:39:02,MSFT,102.31,18,BID
641,2018-12-17 14:39:01,MSFT,102.3,33,BID
642,2018-12-17 14:38:45,MSFT,102.29,12,BID
643,2018-12-17 14:39:10,MSFT,102.34,40,ASK
644,2018-12-17 14:39:04,MSFT,102.35,33,ASK
645,2018-12-17 14:38:23,MSFT,102.36,22,ASK
646,2018-12-17 14:38:19,MSFT,102.37,57,ASK
647,2018-12-17 14:38:19,MSFT,102.38,26,ASK
648,2018-12-17 14:39:12,MSFT,102.32,8,BID
649,2018-12-17 14:39:02,MSFT,102.31,18,BID
650,2018-12-17 14:39:01,MSFT,102.3,33,BID
651,2018-12-17 14:38:45,MSFT,102.29,12,BID
652,2018-12-17 14:38:45,MSFT,102.28,14,BID
653,2018-12-17 14:39:12,MSFT,102.33,17,ASK
654,2018-12-17 14:39:10,MSFT,102.34,41,ASK
655,2018-12-17 14:39:04,MSFT,102.35,33,ASK
656,2018-12-17 14:38:23,MSFT,102.36,22,ASK
657,2018-12-17 14:38:19,MSFT,102.37,57,ASK
658,2018-12-17 14:39:12,MSFT,102.32,12,BID
659,2018-12-17 14:39:02,MSFT,102.31,18,BID
660,2018-12-17 14:39:01,MSFT,102.3,33,BID
661,2018-12-17 14:38:45,MSFT,102.29,12,BID
662,2018-12-17 14:38:45,MSFT,102.28,14,BID
663,2018-12-17 14:39:14,MSFT,102.33,5,ASK
664,2018-12-17 14:39:14,MSFT,102.34,43,ASK
665,2018-12-17 14:39:04,MSFT,102.35,33,ASK
666,2018-12-17 14:38:23,MSFT,102.36,22,ASK
667,2018-12-17 14:38:19,MSFT,102.37,57,ASK
668,2018-12-17 14:39:15,MSFT,102.32,13,BID
669,2018-12-17 14:39:02,MSFT,102.31,18,BID
670,2018-12-17 14:39:01,MSFT,102.3,33,BID
671,2018-12-17 14:38:45,MSFT,102.29,12,BID
672,2018-12-17 14:38:45,MSFT,102.28,14,BID
673,2018-12-17 14:39:15,MSFT,102.33,11,ASK
674,2018-12-17 14:39:14,MSFT,102.34,43,ASK
675,2018-12-17 14:39:04,MSFT,102.35,33,ASK
676,2018-12-17 14:38:23,MSFT,102.36,22,ASK
677,2018-12-17 14:38:19,MSFT,102.37,57,ASK
678,2018-12-17 14:39:15,MSFT,102.32,10,BID
679,2018-12-17 14:39:02,MSFT,102.31,18,BID
680,2018-12-17 14:39:01,MSFT,102.3,33,BID
681,2018-12-17 14:38:45,MSFT,102.29,12,BID
682,2018-12-17 14:38:45,MSFT,102.28,14,BID
683,2018-12-17 14:39:16,MSFT,102.33,18,ASK
684,2018-12-17 14:39:14,MSFT,102.34,43,ASK
685,2018-12-17 14:39:04,MSFT,102.35,33,ASK
686,2018-12-17 14:38:23,MSFT,102.36,22,ASK
687,2018-12-17 14:38:19,MSFT,102.37,57,ASK
688,2018-12-17 14:39:17,MSFT,102.33,41,BID
689,2018-12-17 14:39:15,MSFT,102.32,20,BID
690,2018-12-17 14:39:02,MSFT,102.31,18,BID
691,2018-12-17 14:39:01,MSFT,102.3,33,BID
692,2018-12-17 14:38:45,MSFT,102.29,12,BID
693,2018-12-17 14:39:17,MSFT,102.35,26,ASK
694,2018-12-17 14:38:23,MSFT,102.36,22,ASK
695,2018-12-17 14:38:19,MSFT,102.37,57,ASK
696,2018-12-17 14:38:19,MSFT,102.38,26,ASK
697,2018-12-17 14:38:06,MSFT,102.39,34,ASK
698,2018-12-17 14:39:18,MSFT,102.34,6,BID
699,2018-12-17 14:39:17,MSFT,102.33,41,BID
700,2018-12-17 14:39:15,MSFT,102.32,20,BID
701,2018-12-17 14:39:02,MSFT,102.31,18,BID
702,2018-12-17 14:39:01,MSFT,102.3,33,BID
703,2018-12-17 14:39:18,MSFT,102.35,28,ASK
704,2018-12-17 14:39:17,MSFT,102.36,25,ASK
705,2018-12-17 14:38:19,MSFT,102.37,57,ASK
706,2018-12-17 14:38:19,MSFT,102.38,26,ASK
707,2018-12-17 14:38:06,MSFT,102.39,34,ASK
708,2018-12-17 14:39:19,MSFT,102.33,8,BID
709,2018-12-17 14:39:18,MSFT,102.32,92,BID
710,2018-12-17 14:39:02,MSFT,102.31,18,BID
711,2018-12-17 14:39:01,MSFT,102.3,33,BID
712,2018-12-17 14:38:45,MSFT,102.29,12,BID
713,2018-12-17 14:39:19,MSFT,102.34,13,ASK
714,2018-12-17 14:39:18,MSFT,102.35,25,ASK
715,2018-12-17 14:39:17,MSFT,102.36,25,ASK
716,2018-12-17 14:38:19,MSFT,102.37,57,ASK
717,2018-12-17 14:38:19,MSFT,102.38,26,ASK
718,2018-12-17 14:39:20,MSFT,102.33,13,BID
719,2018-12-17 14:39:19,MSFT,102.32,110,BID
720,2018-12-17 14:39:02,MSFT,102.31,18,BID
721,2018-12-17 14:39:01,MSFT,102.3,33,BID
722,2018-12-17 14:38:45,MSFT,102.29,12,BID
723,2018-12-17 14:39:20,MSFT,102.34,4,ASK
724,2018-12-17 14:39:20,MSFT,102.35,25,ASK
725,2018-12-17 14:39:17,MSFT,102.36,25,ASK
726,2018-12-17 14:38:19,MSFT,102.37,57,ASK
727,2018-12-17 14:38:19,MSFT,102.38,26,ASK
728,2018-12-17 14:39:21,MSFT,102.34,7,BID
729,2018-12-17 14:39:20,MSFT,102.33,13,BID
730,2018-12-17 14:39:19,MSFT,102.32,110,BID
731,2018-12-17 14:39:02,MSFT,102.31,18,BID
732,2018-12-17 14:39:01,MSFT,102.3,33,BID
733,2018-12-17 14:39:21,MSFT,102.35,29,ASK
734,2018-12-17 14:39:17,MSFT,102.36,25,ASK
735,2018-12-17 14:38:19,MSFT,102.37,57,ASK
736,2018-12-17 14:38:19,MSFT,102.38,26,ASK
737,2018-12-17 14:38:06,MSFT,102.39,34,ASK
738,2018-12-17 14:39:22,MSFT,102.34,2,BID
739,2018-12-17 14:39:22,MSFT,102.33,12,BID
740,2018-12-17 14:39:19,MSFT,102.32,110,BID
741,2018-12-17 14:39:02,MSFT,102.31,18,BID
742,2018-12-17 14:39:01,MSFT,102.3,33,BID
743,2018-12-17 14:39:22,MSFT,102.35,26,ASK
744,2018-12-17 14:39:17,MSFT,102.36,25,ASK
745,2018-12-17 14:38:19,MSFT,102.37,57,ASK
746,2018-12-17 14:38:19,MSFT,102.38,26,ASK
747,2018-12-17 14:38:06,MSFT,102.39,34,ASK
748,2018-12-17 14:39:22,MSFT,102.34,12,BID
749,2018-12-17 14:39:22,MSFT,102.33,12,BID
750,2018-12-17 14:39:19,MSFT,102.32,110,BID
751,2018-12-17 14:39:02,MSFT,102.31,18,BID
752,2018-12-17 14:39:01,MSFT,102.3,33,BID
753,2018-12-17 14:39:22,MSFT,102.35,22,ASK
754,2018-12-17 14:39:17,MSFT,102.36,25,ASK
755,2018-12-17 14:38:19,MSFT,102.37,57,ASK
756,2018-12-17 14:38:19,MSFT,102.38,26,ASK
757,2018-12-17 14:38:06,MSFT,102.39,34,ASK
758,2018-12-17 14:39:23,MSFT,102.33,21,BID
759,2018-12-17 14:39:19,MSFT,102.32,110,BID
760,2018-12-17 14:39:02,MSFT,102.31,18,BID
761,2018-12-17 14:39:01,MSFT,102.3,33,BID
762,2018-12-17 14:38:45,MSFT,102.29,12,BID
763,2018-12-17 14:39:24,MSFT,102.34,27,ASK
764,2018-12-17 14:39:22,MSFT,102.35,38,ASK
765,2018-12-17 14:39:17,MSFT,102.36,25,ASK
766,2018-12-17 14:38:19,MSFT,102.37,57,ASK
767,2018-12-17 14:38:19,MSFT,102.38,26,ASK
768,2018-12-17 14:39:23,MSFT,102.33,22,BID
769,2018-12-17 14:39:19,MSFT,102.32,110,BID
770,2018-12-17 14:39:02,MSFT,102.31,18,BID
771,2018-12-17 14:39:01,MSFT,102.3,33,BID
772,2018-12-17 14:38:45,MSFT,102.29,12,BID
773,2018-12-17 14:39:24,MSFT,102.34,15,ASK
774,2018-12-17 14:39:22,MSFT,102.35,38,ASK
775,2018-12-17 14:39:17,MSFT,102.36,25,ASK
776,2018-12-17 14:38:19,MSFT,102.37,57,ASK
777,2018-12-17 14:38:19,MSFT,102.38,26,ASK
778,2018-12-17 14:39:26,MSFT,102.34,12,BID
779,2018-12-17 14:39:23,MSFT,102.33,24,BID
780,2018-12-17 14:39:19,MSFT,102.32,110,BID
781,2018-12-17 14:39:02,MSFT,102.31,18,BID
782,2018-12-17 14:39:01,MSFT,102.3,33,BID
783,2018-12-17 14:39:22,MSFT,102.35,24,ASK
784,2018-12-17 14:39:17,MSFT,102.36,25,ASK
785,2018-12-17 14:38:19,MSFT,102.37,57,ASK
786,2018-12-17 14:38:19,MSFT,102.38,26,ASK
787,2018-12-17 14:38:06,MSFT,102.39,34,ASK
788,2018-12-17 14:39:23,MSFT,102.33,26,BID
789,2018-12-17 14:39:19,MSFT,102.32,110,BID
790,2018-12-17 14:39:02,MSFT,102.31,18,BID
791,2018-12-17 14:39:01,MSFT,102.3,33,BID
792,2018-12-17 14:38:45,MSFT,102.29,12,BID
793,2018-12-17 14:39:22,MSFT,102.35,37,ASK
794,2018-12-17 14:39:17,MSFT,102.36,25,ASK
795,2018-12-17 14:38:19,MSFT,102.37,57,ASK
796,2018-12-17 14:38:19,MSFT,102.38,26,ASK
797,2018-12-17 14:38:06,MSFT,102.39,34,ASK
798,2018-12-17 14:39:28,MSFT,102.34,10,BID
799,2018-12-17 14:39:23,MSFT,102.33,37,BID
800,2018-12-17 14:39:19,MSFT,102.32,110,BID
801,2018-12-17 14:39:02,MSFT,102.31,18,BID
802,2018-12-17 14:39:01,MSFT,102.3,33,BID
803,2018-12-17 14:39:22,MSFT,102.35,38,ASK
804,2018-12-17 14:39:17,MSFT,102.36,25,ASK
805,2018-12-17 14:38:19,MSFT,102.37,57,ASK
806,2018-12-17 14:38:19,MSFT,102.38,26,ASK
807,2018-12-17 14:38:06,MSFT,102.39,34,ASK
808,2018-12-17 14:39:23,MSFT,102.33,31,BID
809,2018-12-17 14:39:19,MSFT,102.32,110,BID
810,2018-12-17 14:39:02,MSFT,102.31,18,BID
811,2018-12-17 14:39:01,MSFT,102.3,33,BID
812,2018-12-17 14:38:45,MSFT,102.29,12,BID
813,2018-12-17 14:39:28,MSFT,102.34,10,ASK
814,2018-12-17 14:39:22,MSFT,102.35,41,ASK
815,2018-12-17 14:39:17,MSFT,102.36,25,ASK
816,2018-12-17 14:38:19,MSFT,102.37,57,ASK
817,2018-12-17 14:38:19,MSFT,102.38,26,ASK
818,2018-12-17 14:39:30,MSFT,102.34,11,BID
819,2018-12-17 14:39:23,MSFT,102.33,39,BID
820,2018-12-17 14:39:19,MSFT,102.32,110,BID
821,2018-12-17 14:39:02,MSFT,102.31,18,BID
822,2018-12-17 14:39:01,MSFT,102.3,33,BID
823,2018-12-17 14:39:22,MSFT,102.35,39,ASK
824,2018-12-17 14:39:17,MSFT,102.36,25,ASK
825,2018-12-17 14:38:19,MSFT,102.37,57,ASK
826,2018-12-17 14:38:19,MSFT,102.38,26,ASK
827,2018-12-17 14:38:06,MSFT,102.39,34,ASK
828,2018-12-17 14:39:31,MSFT,102.36,12,BID
829,2018-12-17 14:39:30,MSFT,102.35,44,BID
830,2018-12-17 14:39:30,MSFT,102.34,15,BID
831,2018-12-17 14:39:23,MSFT,102.33,39,BID
832,2018-12-17 14:39:19,MSFT,102.32,110,BID
833,2018-12-17 14:39:31,MSFT,102.37,12,ASK
834,2018-12-17 14:38:19,MSFT,102.38,26,ASK
835,2018-12-17 14:38:06,MSFT,102.39,34,ASK
836,2018-12-17 14:38:06,MSFT,102.4,30,ASK
837,2018-12-17 14:38:04,MSFT,102.41,38,ASK
838,2018-12-17 14:39:32,MSFT,102.36,14,BID
839,2018-12-17 14:39:30,MSFT,102.35,44,BID
840,2018-12-17 14:39:30,MSFT,102.34,15,BID
841,2018-12-17 14:39:23,MSFT,102.33,39,BID
842,2018-12-17 14:39:19,MSFT,102.32,110,BID
843,2018-12-17 14:39:32,MSFT,102.37,6,ASK
844,2018-12-17 14:39:32,MSFT,102.38,23,ASK
845,2018-12-17 14:38:06,MSFT,102.39,34,ASK
846,2018-12-17 14:38:06,MSFT,102.4,30,ASK
847,2018-12-17 14:38:04,MSFT,102.41,38,ASK
848,2018-12-17 14:39:33,MSFT,102.37,5,BID
849,2018-12-17 14:39:33,MSFT,102.36,16,BID
850,2018-12-17 14:39:30,MSFT,102.35,44,BID
851,2018-12-17 14:39:30,MSFT,102.34,15,BID
852,2018-12-17 14:39:23,MSFT,102.33,39,BID
853,2018-12-17 14:39:33,MSFT,102.38,23,ASK
854,2018-12-17 14:38:06,MSFT,102.39,34,ASK
855,2018-12-17 14:38:06,MSFT,102.4,30,ASK
856,2018-12-17 14:38:04,MSFT,102.41,38,ASK
857,2018-12-17 14:37:25,MSFT,102.42,33,ASK
858,2018-12-17 14:39:33,MSFT,102.37,13,BID
859,2018-12-17 14:39:33,MSFT,102.36,16,BID
860,2018-12-17 14:39:30,MSFT,102.35,44,BID
861,2018-12-17 14:39:30,MSFT,102.34,15,BID
862,2018-12-17 14:39:23,MSFT,102.33,39,BID
863,2018-12-17 14:39:33,MSFT,102.38,22,ASK
864,2018-12-17 14:38:06,MSFT,102.39,34,ASK
865,2018-12-17 14:38:06,MSFT,102.4,30,ASK
866,2018-12-17 14:38:04,MSFT,102.41,38,ASK
867,2018-12-17 14:37:25,MSFT,102.42,33,ASK
868,2018-12-17 14:39:34,MSFT,102.38,9,BID
869,2018-12-17 14:39:33,MSFT,102.37,16,BID
870,2018-12-17 14:39:33,MSFT,102.36,16,BID
871,2018-12-17 14:39:30,MSFT,102.35,44,BID
872,2018-12-17 14:39:30,MSFT,102.34,15,BID
873,2018-12-17 14:39:34,MSFT,102.39,13,ASK
874,2018-12-17 14:38:06,MSFT,102.4,30,ASK
875,2018-12-17 14:38:04,MSFT,102.41,38,ASK
876,2018-12-17 14:37:25,MSFT,102.42,33,ASK
877,2018-12-17 14:37:24,MSFT,102.43,40,ASK
878,2018-12-17 14:39:36,MSFT,102.4,3,BID
879,2018-12-17 14:39:36,MSFT,102.39,22,BID
880,2018-12-17 14:39:35,MSFT,102.38,16,BID
881,2018-12-17 14:39:33,MSFT,102.37,16,BID
882,2018-12-17 14:39:33,MSFT,102.36,16,BID
883,2018-12-17 14:39:36,MSFT,102.4,1,ASK
884,2018-12-17 14:39:36,MSFT,102.41,34,ASK
885,2018-12-17 14:37:25,MSFT,102.42,33,ASK
886,2018-12-17 14:37:24,MSFT,102.43,40,ASK
887,2018-12-17 14:36:24,MSFT,102.44,27,ASK
888,2018-12-17 14:39:37,MSFT,102.39,17,BID
889,2018-12-17 14:39:35,MSFT,102.38,16,BID
890,2018-12-17 14:39:33,MSFT,102.37,16,BID
891,2018-12-17 14:39:33,MSFT,102.36,16,BID
892,2018-12-17 14:39:30,MSFT,102.35,44,BID
893,2018-12-17 14:39:37,MSFT,102.4,11,ASK
894,2018-12-17 14:39:36,MSFT,102.41,39,ASK
895,2018-12-17 14:37:25,MSFT,102.42,33,ASK
896,2018-12-17 14:37:24,MSFT,102.43,40,ASK
897,2018-12-17 14:36:24,MSFT,102.44,27,ASK
898,2018-12-17 14:39:38,MSFT,102.39,16,BID
899,2018-12-17 14:39:35,MSFT,102.38,16,BID
900,2018-12-17 14:39:33,MSFT,102.37,16,BID
901,2018-12-17 14:39:33,MSFT,102.36,16,BID
902,2018-12-17 14:39:30,MSFT,102.35,44,BID
903,2018-12-17 14:39:37,MSFT,102.4,9,ASK
904,2018-12-17 14:39:36,MSFT,102.41,39,ASK
905,2018-12-17 14:37:25,MSFT,102.42,33,ASK
906,2018-12-17 14:37:24,MSFT,102.43,40,ASK
907,2018-12-17 14:36:24,MSFT,102.44,27,ASK
908,2018-12-17 14:39:39,MSFT,102.39,19,BID
909,2018-12-17 14:39:35,MSFT,102.38,16,BID
910,2018-12-17 14:39:33,MSFT,102.37,16,BID
911,2018-12-17 14:39:33,MSFT,102.36,16,BID
912,2018-12-17 14:39:30,MSFT,102.35,44,BID
913,2018-12-17 14:39:39,MSFT,102.4,17,ASK
914,2018-12-17 14:39:36,MSFT,102.41,39,ASK
915,2018-12-17 14:37:25,MSFT,102.42,33,ASK
916,2018-12-17 14:37:24,MSFT,102.43,40,ASK
917,2018-12-17 14:36:24,MSFT,102.44,27,ASK
918,2018-12-17 14:39:40,MSFT,102.4,7,BID
919,2018-12-17 14:39:40,MSFT,102.39,24,BID
920,2018-12-17 14:39:35,MSFT,102.38,16,BID
921,2018-12-17 14:39:33,MSFT,102.37,16,BID
922,2018-12-17 14:39:33,MSFT,102.36,16,BID
923,2018-12-17 14:39:40,MSFT,102.41,31,ASK
924,2018-12-17 14:37:25,MSFT,102.42,33,ASK
925,2018-12-17 14:37:24,MSFT,102.43,40,ASK
926,2018-12-17 14:36:24,MSFT,102.44,27,ASK
927,2018-12-17 14:36:18,MSFT,102.45,47,ASK
928,2018-12-17 14:39:41,MSFT,102.41,42,BID
929,2018-12-17 14:39:41,MSFT,102.4,18,BID
930,2018-12-17 14:39:40,MSFT,102.39,24,BID
931,2018-12-17 14:39:35,MSFT,102.38,16,BID
932,2018-12-17 14:39:33,MSFT,102.37,16,BID
933,2018-12-17 14:39:41,MSFT,102.42,25,ASK
934,2018-12-17 14:37:24,MSFT,102.43,40,ASK
935,2018-12-17 14:36:24,MSFT,102.44,27,ASK
936,2018-12-17 14:36:18,MSFT,102.45,47,ASK
937,2018-12-17 14:36:16,MSFT,102.46,52,ASK
938,2018-12-17 14:39:41,MSFT,102.44,5,BID
939,2018-12-17 14:39:41,MSFT,102.43,18,BID
940,2018-12-17 14:39:41,MSFT,102.42,30,BID
941,2018-12-17 14:39:41,MSFT,102.41,52,BID
942,2018-12-17 14:39:41,MSFT,102.4,18,BID
943,2018-12-17 14:39:41,MSFT,102.45,13,ASK
944,2018-12-17 14:39:41,MSFT,102.46,29,ASK
945,2018-12-17 14:36:16,MSFT,102.47,63,ASK
946,2018-12-17 14:36:12,MSFT,102.48,13,ASK
947,2018-12-17 14:36:11,MSFT,102.49,29,ASK
948,2018-12-17 14:39:41,MSFT,102.42,10,BID
949,2018-12-17 14:39:41,MSFT,102.41,52,BID
950,2018-12-17 14:39:41,MSFT,102.4,18,BID
951,2018-12-17 14:39:40,MSFT,102.39,24,BID
952,2018-12-17 14:39:35,MSFT,102.38,16,BID
953,2018-12-17 14:39:43,MSFT,102.43,13,ASK
954,2018-12-17 14:39:41,MSFT,102.44,34,ASK
955,2018-12-17 14:39:41,MSFT,102.45,19,ASK
956,2018-12-17 14:39:41,MSFT,102.46,32,ASK
957,2018-12-17 14:36:16,MSFT,102.47,63,ASK
958,2018-12-17 14:39:43,MSFT,102.41,9,BID
959,2018-12-17 14:39:43,MSFT,102.4,22,BID
960,2018-12-17 14:39:40,MSFT,102.39,24,BID
961,2018-12-17 14:39:35,MSFT,102.38,16,BID
962,2018-12-17 14:39:33,MSFT,102.37,16,BID
963,2018-12-17 14:39:44,MSFT,102.42,22,ASK
964,2018-12-17 14:39:43,MSFT,102.43,21,ASK
965,2018-12-17 14:39:41,MSFT,102.44,34,ASK
966,2018-12-17 14:39:41,MSFT,102.45,19,ASK
967,2018-12-17 14:39:41,MSFT,102.46,32,ASK
968,2018-12-17 14:39:44,MSFT,102.41,14,BID
969,2018-12-17 14:39:43,MSFT,102.4,22,BID
970,2018-12-17 14:39:40,MSFT,102.39,24,BID
971,2018-12-17 14:39:35,MSFT,102.38,16,BID
972,2018-12-17 14:39:33,MSFT,102.37,16,BID
973,2018-12-17 14:39:45,MSFT,102.42,13,ASK
974,2018-12-17 14:39:43,MSFT,102.43,21,ASK
975,2018-12-17 14:39:41,MSFT,102.44,34,ASK
976,2018-12-17 14:39:41,MSFT,102.45,19,ASK
977,2018-12-17 14:39:41,MSFT,102.46,32,ASK
978,2018-12-17 14:39:46,MSFT,102.41,14,BID
979,2018-12-17 14:39:43,MSFT,102.4,22,BID
980,2018-12-17 14:39:40,MSFT,102.39,24,BID
981,2018-12-17 14:39:36,MSFT,102.38,16,BID
982,2018-12-17 14:39:34,MSFT,102.37,16,BID
983,2018-12-17 14:39:46,MSFT,102.42,26,ASK
984,2018-12-17 14:39:46,MSFT,102.43,31,ASK
985,2018-12-17 14:39:41,MSFT,102.44,34,ASK
986,2018-12-17 14:39:41,MSFT,102.45,19,ASK
987,2018-12-17 14:39:41,MSFT,102.46,32,ASK
988,2018-12-17 14:39:47,MSFT,102.38,1,BID
989,2018-12-17 14:39:47,MSFT,102.37,15,BID
990,2018-12-17 14:39:33,MSFT,102.36,16,BID
991,2018-12-17 14:39:30,MSFT,102.35,44,BID
992,2018-12-17 14:39:30,MSFT,102.34,15,BID
993,2018-12-17 14:39:47,MSFT,102.39,28,ASK
994,2018-12-17 14:39:47,MSFT,102.4,49,ASK
995,2018-12-17 14:39:47,MSFT,102.41,19,ASK
996,2018-12-17 14:39:46,MSFT,102.42,40,ASK
997,2018-12-17 14:39:46,MSFT,102.43,31,ASK
998,2018-12-17 14:39:48,MSFT,102.38,22,BID
999,2018-12-17 14:39:47,MSFT,102.37,18,BID
1000,2018-12-17 14:39:47,MSFT,102.36,20,BID
1001,2018-12-17 14:39:30,MSFT,102.35,44,BID
1002,2018-12-17 14:39:30,MSFT,102.34,15,BID
1003,2018-12-17 14:39:48,MSFT,102.39,1,ASK
1004,2018-12-17 14:39:48,MSFT,102.4,49,ASK
1005,2018-12-17 14:39:47,MSFT,102.41,19,ASK
1006,2018-12-17 14:39:46,MSFT,102.42,40,ASK
1007,2018-12-17 14:39:46,MSFT,102.43,31,ASK
1008,2018-12-17 14:39:48,MSFT,102.38,19,BID
1009,2018-12-17 14:39:47,MSFT,102.37,18,BID
1010,2018-12-17 14:39:47,MSFT,102.36,20,BID
1011,2018-12-17 14:39:30,MSFT,102.35,44,BID
1012,2018-12-17 14:39:30,MSFT,102.34,15,BID
1013,2018-12-17 14:39:49,MSFT,102.39,10,ASK
1014,2018-12-17 14:39:48,MSFT,102.4,49,ASK
1015,2018-12-17 14:39:47,MSFT,102.41,19,ASK
1016,2018-12-17 14:39:46,MSFT,102.42,40,ASK
1017,2018-12-17 14:39:46,MSFT,102.43,31,ASK
1018,2018-12-17 14:39:48,MSFT,102.38,20,BID
1019,2018-12-17 14:39:47,MSFT,102.37,18,BID
1020,2018-12-17 14:39:47,MSFT,102.36,20,BID
1021,2018-12-17 14:39:30,MSFT,102.35,44,BID
1022,2018-12-17 14:39:30,MSFT,102.34,15,BID
1023,2018-12-17 14:39:49,MSFT,102.39,22,ASK
1024,2018-12-17 14:39:48,MSFT,102.4,49,ASK
1025,2018-12-17 14:39:47,MSFT,102.41,19,ASK
1026,2018-12-17 14:39:46,MSFT,102.42,40,ASK
1027,2018-12-17 14:39:46,MSFT,102.43,31,ASK
1028,2018-12-17 14:39:48,MSFT,102.38,23,BID
1029,2018-12-17 14:39:47,MSFT,102.37,18,BID
1030,2018-12-17 14:39:47,MSFT,102.36,20,BID
1031,2018-12-17 14:39:30,MSFT,102.35,44,BID
1032,2018-12-17 14:39:30,MSFT,102.34,15,BID
1033,2018-12-17 14:39:51,MSFT,102.39,11,ASK
1034,2018-12-17 14:39:48,MSFT,102.4,33,ASK
1035,2018-12-17 14:39:47,MSFT,102.41,19,ASK
1036,2018-12-17 14:39:46,MSFT,102.42,40,ASK
1037,2018-12-17 14:39:46,MSFT,102.43,31,ASK
1038,2018-12-17 14:39:48,MSFT,102.38,25,BID
1039,2018-12-17 14:39:47,MSFT,102.37,18,BID
1040,2018-12-17 14:39:47,MSFT,102.36,20,BID
1041,2018-12-17 14:39:30,MSFT,102.35,44,BID
1042,2018-12-17 14:39:30,MSFT,102.34,15,BID
1043,2018-12-17 14:39:52,MSFT,102.39,17,ASK
1044,2018-12-17 14:39:48,MSFT,102.4,33,ASK
1045,2018-12-17 14:39:47,MSFT,102.41,19,ASK
1046,2018-12-17 14:39:46,MSFT,102.42,40,ASK
1047,2018-12-17 14:39:46,MSFT,102.43,31,ASK
1048,2018-12-17 14:39:53,MSFT,102.37,9,BID
1049,2018-12-17 14:39:53,MSFT,102.36,17,BID
1050,2018-12-17 14:39:30,MSFT,102.35,44,BID
1051,2018-12-17 14:39:30,MSFT,102.34,15,BID
1052,2018-12-17 14:39:28,MSFT,102.33,39,BID
1053,2018-12-17 14:39:53,MSFT,102.38,23,ASK
1054,2018-12-17 14:39:52,MSFT,102.39,49,ASK
1055,2018-12-17 14:39:48,MSFT,102.4,33,ASK
1056,2018-12-17 14:39:47,MSFT,102.41,19,ASK
1057,2018-12-17 14:39:46,MSFT,102.42,40,ASK
1058,2018-12-17 14:39:54,MSFT,102.36,21,BID
1059,2018-12-17 14:39:30,MSFT,102.35,44,BID
1060,2018-12-17 14:39:30,MSFT,102.34,15,BID
1061,2018-12-17 14:39:28,MSFT,102.33,39,BID
1062,2018-12-17 14:39:19,MSFT,102.32,110,BID
1063,2018-12-17 14:39:54,MSFT,102.37,19,ASK
1064,2018-12-17 14:39:54,MSFT,102.38,23,ASK
1065,2018-12-17 14:39:52,MSFT,102.39,49,ASK
1066,2018-12-17 14:39:48,MSFT,102.4,33,ASK
1067,2018-12-17 14:39:47,MSFT,102.41,19,ASK
1068,2018-12-17 14:39:54,MSFT,102.36,20,BID
1069,2018-12-17 14:39:30,MSFT,102.35,44,BID
1070,2018-12-17 14:39:30,MSFT,102.34,15,BID
1071,2018-12-17 14:39:28,MSFT,102.33,39,BID
1072,2018-12-17 14:39:19,MSFT,102.32,110,BID
1073,2018-12-17 14:39:55,MSFT,102.37,19,ASK
1074,2018-12-17 14:39:54,MSFT,102.38,23,ASK
1075,2018-12-17 14:39:52,MSFT,102.39,49,ASK
1076,2018-12-17 14:39:48,MSFT,102.4,33,ASK
1077,2018-12-17 14:39:47,MSFT,102.41,19,ASK
1078,2018-12-17 14:39:54,MSFT,102.36,21,BID
1079,2018-12-17 14:39:30,MSFT,102.35,44,BID
1080,2018-12-17 14:39:30,MSFT,102.34,15,BID
1081,2018-12-17 14:39:28,MSFT,102.33,39,BID
1082,2018-12-17 14:39:19,MSFT,102.32,110,BID
1083,2018-12-17 14:39:56,MSFT,102.37,18,ASK
1084,2018-12-17 14:39:54,MSFT,102.38,23,ASK
1085,2018-12-17 14:39:52,MSFT,102.39,49,ASK
1086,2018-12-17 14:39:48,MSFT,102.4,33,ASK
1087,2018-12-17 14:39:47,MSFT,102.41,19,ASK
1088,2018-12-17 14:39:54,MSFT,102.36,30,BID
1089,2018-12-17 14:39:30,MSFT,102.35,44,BID
1090,2018-12-17 14:39:30,MSFT,102.34,15,BID
1091,2018-12-17 14:39:28,MSFT,102.33,39,BID
1092,2018-12-17 14:39:19,MSFT,102.32,110,BID
1093,2018-12-17 14:39:57,MSFT,102.37,17,ASK
1094,2018-12-17 14:39:54,MSFT,102.38,23,ASK
1095,2018-12-17 14:39:52,MSFT,102.39,49,ASK
1096,2018-12-17 14:39:48,MSFT,102.4,33,ASK
1097,2018-12-17 14:39:47,MSFT,102.41,19,ASK
1098,2018-12-17 14:39:58,MSFT,102.39,7,BID
1099,2018-12-17 14:39:58,MSFT,102.38,17,BID
1100,2018-12-17 14:39:58,MSFT,102.37,12,BID
1101,2018-12-17 14:39:54,MSFT,102.36,26,BID
1102,2018-12-17 14:39:30,MSFT,102.35,44,BID
1103,2018-12-17 14:39:58,MSFT,102.4,39,ASK
1104,2018-12-17 14:39:47,MSFT,102.41,19,ASK
1105,2018-12-17 14:39:46,MSFT,102.42,40,ASK
1106,2018-12-17 14:39:46,MSFT,102.43,31,ASK
1107,2018-12-17 14:39:41,MSFT,102.44,34,ASK
1108,2018-12-17 14:39:59,MSFT,102.39,5,BID
1109,2018-12-17 14:39:59,MSFT,102.38,34,BID
1110,2018-12-17 14:39:58,MSFT,102.37,12,BID
1111,2018-12-17 14:39:54,MSFT,102.36,26,BID
1112,2018-12-17 14:39:30,MSFT,102.35,44,BID
1113,2018-12-17 14:39:59,MSFT,102.4,27,ASK
1114,2018-12-17 14:39:47,MSFT,102.41,19,ASK
1115,2018-12-17 14:39:46,MSFT,102.42,40,ASK
1116,2018-12-17 14:39:46,MSFT,102.43,31,ASK
1117,2018-12-17 14:39:41,MSFT,102.44,34,ASK
1118,2018-12-17 14:40:00,MSFT,102.39,9,BID
1119,2018-12-17 14:39:59,MSFT,102.38,34,BID
1120,2018-12-17 14:39:58,MSFT,102.37,12,BID
1121,2018-12-17 14:39:54,MSFT,102.36,26,BID
1122,2018-12-17 14:39:30,MSFT,102.35,44,BID
1123,2018-12-17 14:39:59,MSFT,102.4,21,ASK
1124,2018-12-17 14:39:47,MSFT,102.41,19,ASK
1125,2018-12-17 14:39:46,MSFT,102.42,40,ASK
1126,2018-12-17 14:39:46,MSFT,102.43,31,ASK
1127,2018-12-17 14:39:41,MSFT,102.44,34,ASK
1128,2018-12-17 14:39:59,MSFT,102.38,28,BID
1129,2018-12-17 14:39:58,MSFT,102.37,12,BID
1130,2018-12-17 14:39:54,MSFT,102.36,26,BID
1131,2018-12-17 14:39:30,MSFT,102.35,44,BID
1132,2018-12-17 14:39:30,MSFT,102.34,15,BID
1133,2018-12-17 14:40:01,MSFT,102.39,1,ASK
1134,2018-12-17 14:39:59,MSFT,102.4,25,ASK
1135,2018-12-17 14:39:47,MSFT,102.41,19,ASK
1136,2018-12-17 14:39:46,MSFT,102.42,40,ASK
1137,2018-12-17 14:39:46,MSFT,102.43,31,ASK
1138,2018-12-17 14:40:02,MSFT,102.39,4,BID
1139,2018-12-17 14:39:59,MSFT,102.38,29,BID
1140,2018-12-17 14:39:58,MSFT,102.37,12,BID
1141,2018-12-17 14:39:54,MSFT,102.36,26,BID
1142,2018-12-17 14:39:30,MSFT,102.35,44,BID
1143,2018-12-17 14:39:59,MSFT,102.4,26,ASK
1144,2018-12-17 14:39:47,MSFT,102.41,19,ASK
1145,2018-12-17 14:39:46,MSFT,102.42,40,ASK
1146,2018-12-17 14:39:46,MSFT,102.43,31,ASK
1147,2018-12-17 14:39:41,MSFT,102.44,34,ASK
1148,2018-12-17 14:39:59,MSFT,102.38,22,BID
1149,2018-12-17 14:39:58,MSFT,102.37,12,BID
1150,2018-12-17 14:39:54,MSFT,102.36,26,BID
1151,2018-12-17 14:39:30,MSFT,102.35,44,BID
1152,2018-12-17 14:39:30,MSFT,102.34,15,BID
1153,2018-12-17 14:40:03,MSFT,102.39,8,ASK
1154,2018-12-17 14:39:59,MSFT,102.4,26,ASK
1155,2018-12-17 14:39:47,MSFT,102.41,19,ASK
1156,2018-12-17 14:39:46,MSFT,102.42,40,ASK
1157,2018-12-17 14:39:46,MSFT,102.43,31,ASK
1158,2018-12-17 14:40:04,MSFT,102.38,29,BID
1159,2018-12-17 14:39:58,MSFT,102.37,12,BID
1160,2018-12-17 14:39:54,MSFT,102.36,26,BID
1161,2018-12-17 14:39:30,MSFT,102.35,44,BID
1162,2018-12-17 14:39:30,MSFT,102.34,15,BID
1163,2018-12-17 14:40:03,MSFT,102.39,10,ASK
1164,2018-12-17 14:39:59,MSFT,102.4,26,ASK
1165,2018-12-17 14:39:47,MSFT,102.41,19,ASK
1166,2018-12-17 14:39:46,MSFT,102.42,40,ASK
1167,2018-12-17 14:39:46,MSFT,102.43,31,ASK
1168,2018-12-17 14:40:05,MSFT,102.39,12,BID
1169,2018-12-17 14:40:04,MSFT,102.38,34,BID
1170,2018-12-17 14:39:58,MSFT,102.37,12,BID
1171,2018-12-17 14:39:54,MSFT,102.36,26,BID
1172,2018-12-17 14:39:30,MSFT,102.35,44,BID
1173,2018-12-17 14:40:05,MSFT,102.4,25,ASK
1174,2018-12-17 14:39:47,MSFT,102.41,19,ASK
1175,2018-12-17 14:39:46,MSFT,102.42,40,ASK
1176,2018-12-17 14:39:46,MSFT,102.43,31,ASK
1177,2018-12-17 14:39:41,MSFT,102.44,34,ASK
1178,2018-12-17 14:40:06,MSFT,102.39,5,BID
1179,2018-12-17 14:40:06,MSFT,102.38,18,BID
1180,2018-12-17 14:39:58,MSFT,102.37,12,BID
1181,2018-12-17 14:39:54,MSFT,102.36,26,BID
1182,2018-12-17 14:39:30,MSFT,102.35,44,BID
1183,2018-12-17 14:40:05,MSFT,102.4,19,ASK
1184,2018-12-17 14:39:47,MSFT,102.41,19,ASK
1185,2018-12-17 14:39:46,MSFT,102.42,40,ASK
1186,2018-12-17 14:39:46,MSFT,102.43,31,ASK
1187,2018-12-17 14:39:41,MSFT,102.44,34,ASK
1188,2018-12-17 14:40:07,MSFT,102.42,2,BID
1189,2018-12-17 14:40:07,MSFT,102.41,33,BID
1190,2018-12-17 14:40:07,MSFT,102.4,39,BID
1191,2018-12-17 14:40:07,MSFT,102.39,15,BID
1192,2018-12-17 14:40:07,MSFT,102.38,15,BID
1193,2018-12-17 14:40:07,MSFT,102.42,2,ASK
1194,2018-12-17 14:40:07,MSFT,102.43,26,ASK
1195,2018-12-17 14:39:41,MSFT,102.44,34,ASK
1196,2018-12-17 14:39:41,MSFT,102.45,19,ASK
1197,2018-12-17 14:39:41,MSFT,102.46,32,ASK
1198,2018-12-17 14:40:08,MSFT,102.41,7,BID
1199,2018-12-17 14:40:07,MSFT,102.4,35,BID
1200,2018-12-17 14:40:07,MSFT,102.39,15,BID
1201,2018-12-17 14:40:07,MSFT,102.38,15,BID
1202,2018-12-17 14:39:58,MSFT,102.37,12,BID
1203,2018-12-17 14:40:08,MSFT,102.42,6,ASK
1204,2018-12-17 14:40:08,MSFT,102.43,37,ASK
1205,2018-12-17 14:39:41,MSFT,102.44,34,ASK
1206,2018-12-17 14:39:41,MSFT,102.45,19,ASK
1207,2018-12-17 14:39:41,MSFT,102.46,32,ASK
1208,2018-12-17 14:40:09,MSFT,102.4,21,BID
1209,2018-12-17 14:40:07,MSFT,102.39,15,BID
1210,2018-12-17 14:40:07,MSFT,102.38,15,BID
1211,2018-12-17 14:39:58,MSFT,102.37,12,BID
1212,2018-12-17 14:39:54,MSFT,102.36,26,BID
1213,2018-12-17 14:40:09,MSFT,102.41,1,ASK
1214,2018-12-17 14:40:09,MSFT,102.42,9,ASK
1215,2018-12-17 14:40:08,MSFT,102.43,37,ASK
1216,2018-12-17 14:39:41,MSFT,102.44,34,ASK
1217,2018-12-17 14:39:41,MSFT,102.45,19,ASK
1218,2018-12-17 14:40:10,MSFT,102.39,23,BID
1219,2018-12-17 14:40:07,MSFT,102.38,15,BID
1220,2018-12-17 14:39:58,MSFT,102.37,12,BID
1221,2018-12-17 14:39:54,MSFT,102.36,26,BID
1222,2018-12-17 14:39:30,MSFT,102.35,44,BID
1223,2018-12-17 14:40:10,MSFT,102.4,7,ASK
1224,2018-12-17 14:40:10,MSFT,102.41,15,ASK
1225,2018-12-17 14:40:09,MSFT,102.42,9,ASK
1226,2018-12-17 14:40:08,MSFT,102.43,37,ASK
1227,2018-12-17 14:39:41,MSFT,102.44,34,ASK
1228,2018-12-17 14:40:11,MSFT,102.4,21,BID
1229,2018-12-17 14:40:11,MSFT,102.39,23,BID
1230,2018-12-17 14:40:07,MSFT,102.38,15,BID
1231,2018-12-17 14:39:58,MSFT,102.37,12,BID
1232,2018-12-17 14:39:54,MSFT,102.36,26,BID
1233,2018-12-17 14:40:11,MSFT,102.41,18,ASK
1234,2018-12-17 14:40:09,MSFT,102.42,9,ASK
1235,2018-12-17 14:40:08,MSFT,102.43,37,ASK
1236,2018-12-17 14:39:41,MSFT,102.44,34,ASK
1237,2018-12-17 14:39:41,MSFT,102.45,19,ASK
1238,2018-12-17 14:40:11,MSFT,102.4,22,BID
1239,2018-12-17 14:40:11,MSFT,102.39,23,BID
1240,2018-12-17 14:40:07,MSFT,102.38,15,BID
1241,2018-12-17 14:39:58,MSFT,102.37,12,BID
1242,2018-12-17 14:39:54,MSFT,102.36,26,BID
1243,2018-12-17 14:40:12,MSFT,102.41,18,ASK
1244,2018-12-17 14:40:09,MSFT,102.42,9,ASK
1245,2018-12-17 14:40:08,MSFT,102.43,37,ASK
1246,2018-12-17 14:39:41,MSFT,102.44,34,ASK
1247,2018-12-17 14:39:41,MSFT,102.45,19,ASK
1248,2018-12-17 14:40:11,MSFT,102.4,16,BID
1249,2018-12-17 14:40:11,MSFT,102.39,23,BID
1250,2018-12-17 14:40:07,MSFT,102.38,15,BID
1251,2018-12-17 14:39:58,MSFT,102.37,12,BID
1252,2018-12-17 14:39:54,MSFT,102.36,26,BID
1253,2018-12-17 14:40:13,MSFT,102.41,17,ASK
1254,2018-12-17 14:40:09,MSFT,102.42,9,ASK
1255,2018-12-17 14:40:08,MSFT,102.43,37,ASK
1256,2018-12-17 14:39:41,MSFT,102.44,34,ASK
1257,2018-12-17 14:39:41,MSFT,102.45,19,ASK
1258,2018-12-17 14:40:14,MSFT,102.4,28,BID
1259,2018-12-17 14:40:11,MSFT,102.39,23,BID
1260,2018-12-17 14:40:07,MSFT,102.38,15,BID
1261,2018-12-17 14:39:58,MSFT,102.37,12,BID
1262,2018-12-17 14:39:54,MSFT,102.36,26,BID
1263,2018-12-17 14:40:14,MSFT,102.41,19,ASK
1264,2018-12-17 14:40:09,MSFT,102.42,9,ASK
1265,2018-12-17 14:40:08,MSFT,102.43,37,ASK
1266,2018-12-17 14:39:41,MSFT,102.44,34,ASK
1267,2018-12-17 14:39:41,MSFT,102.45,19,ASK
1268,2018-12-17 14:40:15,MSFT,102.4,18,BID
1269,2018-12-17 14:40:11,MSFT,102.39,23,BID
1270,2018-12-17 14:40:07,MSFT,102.38,15,BID
1271,2018-12-17 14:39:58,MSFT,102.37,12,BID
1272,2018-12-17 14:39:54,MSFT,102.36,26,BID
1273,2018-12-17 14:40:14,MSFT,102.41,21,ASK
1274,2018-12-17 14:40:09,MSFT,102.42,9,ASK
1275,2018-12-17 14:40:08,MSFT,102.43,37,ASK
1276,2018-12-17 14:39:41,MSFT,102.44,34,ASK
1277,2018-12-17 14:39:41,MSFT,102.45,19,ASK
1278,2018-12-17 14:40:16,MSFT,102.39,21,BID
1279,2018-12-17 14:40:07,MSFT,102.38,15,BID
1280,2018-12-17 14:39:58,MSFT,102.37,12,BID
1281,2018-12-17 14:39:54,MSFT,102.36,26,BID
1282,2018-12-17 14:39:30,MSFT,102.35,44,BID
1283,2018-12-17 14:40:16,MSFT,102.4,15,ASK
1284,2018-12-17 14:40:14,MSFT,102.41,28,ASK
1285,2018-12-17 14:40:09,MSFT,102.42,9,ASK
1286,2018-12-17 14:40:08,MSFT,102.43,37,ASK
1287,2018-12-17 14:39:41,MSFT,102.44,34,ASK
1288,2018-12-17 14:40:16,MSFT,102.39,21,BID
1289,2018-12-17 14:40:07,MSFT,102.38,15,BID
1290,2018-12-17 14:39:58,MSFT,102.37,12,BID
1291,2018-12-17 14:39:54,MSFT,102.36,26,BID
1292,2018-12-17 14:39:30,MSFT,102.35,44,BID
1293,2018-12-17 14:40:17,MSFT,102.4,14,ASK
1294,2018-12-17 14:40:14,MSFT,102.41,25,ASK
1295,2018-12-17 14:40:09,MSFT,102.42,9,ASK
1296,2018-12-17 14:40:08,MSFT,102.43,37,ASK
1297,2018-12-17 14:39:41,MSFT,102.44,34,ASK
1298,2018-12-17 14:40:16,MSFT,102.39,20,BID
1299,2018-12-17 14:40:07,MSFT,102.38,15,BID
1300,2018-12-17 14:39:58,MSFT,102.37,12,BID
1301,2018-12-17 14:39:54,MSFT,102.36,26,BID
1302,2018-12-17 14:39:30,MSFT,102.35,44,BID
1303,2018-12-17 14:40:17,MSFT,102.4,14,ASK
1304,2018-12-17 14:40:14,MSFT,102.41,25,ASK
1305,2018-12-17 14:40:09,MSFT,102.42,9,ASK
1306,2018-12-17 14:40:08,MSFT,102.43,37,ASK
1307,2018-12-17 14:39:41,MSFT,102.44,34,ASK
1308,2018-12-17 14:40:19,MSFT,102.39,7,BID
1309,2018-12-17 14:40:19,MSFT,102.38,16,BID
1310,2018-12-17 14:40:19,MSFT,102.37,24,BID
1311,2018-12-17 14:39:54,MSFT,102.36,26,BID
1312,2018-12-17 14:39:30,MSFT,102.35,44,BID
1313,2018-12-17 14:40:19,MSFT,102.4,2,ASK
1314,2018-12-17 14:40:14,MSFT,102.41,25,ASK
1315,2018-12-17 14:40:09,MSFT,102.42,9,ASK
1316,2018-12-17 14:40:08,MSFT,102.43,37,ASK
1317,2018-12-17 14:39:41,MSFT,102.44,34,ASK
1318,2018-12-17 14:40:20,MSFT,102.39,17,BID
1319,2018-12-17 14:40:19,MSFT,102.38,16,BID
1320,2018-12-17 14:40:19,MSFT,102.37,24,BID
1321,2018-12-17 14:39:54,MSFT,102.36,26,BID
1322,2018-12-17 14:39:30,MSFT,102.35,44,BID
1323,2018-12-17 14:40:14,MSFT,102.41,25,ASK
1324,2018-12-17 14:40:09,MSFT,102.42,9,ASK
1325,2018-12-17 14:40:08,MSFT,102.43,37,ASK
1326,2018-12-17 14:39:41,MSFT,102.44,34,ASK
1327,2018-12-17 14:39:41,MSFT,102.45,19,ASK
1328,2018-12-17 14:40:20,MSFT,102.39,18,BID
1329,2018-12-17 14:40:19,MSFT,102.38,16,BID
1330,2018-12-17 14:40:19,MSFT,102.37,24,BID
1331,2018-12-17 14:39:54,MSFT,102.36,26,BID
1332,2018-12-17 14:39:30,MSFT,102.35,44,BID
1333,2018-12-17 14:40:21,MSFT,102.4,7,ASK
1334,2018-12-17 14:40:14,MSFT,102.41,25,ASK
1335,2018-12-17 14:40:09,MSFT,102.42,9,ASK
1336,2018-12-17 14:40:08,MSFT,102.43,37,ASK
1337,2018-12-17 14:39:41,MSFT,102.44,34,ASK
1338,2018-12-17 14:40:22,MSFT,102.38,10,BID
1339,2018-12-17 14:40:22,MSFT,102.37,24,BID
1340,2018-12-17 14:39:54,MSFT,102.36,26,BID
1341,2018-12-17 14:39:30,MSFT,102.35,44,BID
1342,2018-12-17 14:39:30,MSFT,102.34,15,BID
1343,2018-12-17 14:40:22,MSFT,102.39,17,ASK
1344,2018-12-17 14:40:21,MSFT,102.4,28,ASK
1345,2018-12-17 14:40:14,MSFT,102.41,25,ASK
1346,2018-12-17 14:40:09,MSFT,102.42,9,ASK
1347,2018-12-17 14:40:08,MSFT,102.43,37,ASK
1348,2018-12-17 14:40:23,MSFT,102.38,9,BID
1349,2018-12-17 14:40:22,MSFT,102.37,24,BID
1350,2018-12-17 14:39:54,MSFT,102.36,26,BID
1351,2018-12-17 14:39:30,MSFT,102.35,44,BID
1352,2018-12-17 14:39:30,MSFT,102.34,15,BID
1353,2018-12-17 14:40:22,MSFT,102.39,21,ASK
1354,2018-12-17 14:40:21,MSFT,102.4,28,ASK
1355,2018-12-17 14:40:14,MSFT,102.41,25,ASK
1356,2018-12-17 14:40:09,MSFT,102.42,9,ASK
1357,2018-12-17 14:40:08,MSFT,102.43,37,ASK
1358,2018-12-17 14:40:24,MSFT,102.38,23,BID
1359,2018-12-17 14:40:22,MSFT,102.37,24,BID
1360,2018-12-17 14:39:54,MSFT,102.36,26,BID
1361,2018-12-17 14:39:30,MSFT,102.35,44,BID
1362,2018-12-17 14:39:30,MSFT,102.34,15,BID
1363,2018-12-17 14:40:22,MSFT,102.39,21,ASK
1364,2018-12-17 14:40:21,MSFT,102.4,28,ASK
1365,2018-12-17 14:40:14,MSFT,102.41,25,ASK
1366,2018-12-17 14:40:09,MSFT,102.42,9,ASK
1367,2018-12-17 14:40:08,MSFT,102.43,37,ASK
1368,2018-12-17 14:40:25,MSFT,102.38,19,BID
1369,2018-12-17 14:40:22,MSFT,102.37,24,BID
1370,2018-12-17 14:39:54,MSFT,102.36,26,BID
1371,2018-12-17 14:39:30,MSFT,102.35,44,BID
1372,2018-12-17 14:39:30,MSFT,102.34,15,BID
1373,2018-12-17 14:40:25,MSFT,102.39,4,ASK
1374,2018-12-17 14:40:25,MSFT,102.4,23,ASK
1375,2018-12-17 14:40:14,MSFT,102.41,25,ASK
1376,2018-12-17 14:40:09,MSFT,102.42,9,ASK
1377,2018-12-17 14:40:08,MSFT,102.43,37,ASK
1378,2018-12-17 14:40:26,MSFT,102.37,21,BID
1379,2018-12-17 14:39:54,MSFT,102.36,26,BID
1380,2018-12-17 14:39:30,MSFT,102.35,44,BID
1381,2018-12-17 14:39:30,MSFT,102.34,15,BID
1382,2018-12-17 14:39:28,MSFT,102.33,39,BID
1383,2018-12-17 14:40:26,MSFT,102.38,11,ASK
1384,2018-12-17 14:40:25,MSFT,102.39,21,ASK
1385,2018-12-17 14:40:25,MSFT,102.4,23,ASK
1386,2018-12-17 14:40:14,MSFT,102.41,25,ASK
1387,2018-12-17 14:40:09,MSFT,102.42,9,ASK
1388,2018-12-17 14:40:27,MSFT,102.38,10,BID
1389,2018-12-17 14:40:26,MSFT,102.37,29,BID
1390,2018-12-17 14:39:54,MSFT,102.36,26,BID
1391,2018-12-17 14:39:30,MSFT,102.35,44,BID
1392,2018-12-17 14:39:30,MSFT,102.34,15,BID
1393,2018-12-17 14:40:27,MSFT,102.39,10,ASK
1394,2018-12-17 14:40:25,MSFT,102.4,23,ASK
1395,2018-12-17 14:40:14,MSFT,102.41,25,ASK
1396,2018-12-17 14:40:09,MSFT,102.42,9,ASK
1397,2018-12-17 14:40:08,MSFT,102.43,37,ASK
1398,2018-12-17 14:40:28,MSFT,102.4,45,BID
1399,2018-12-17 14:40:28,MSFT,102.39,7,BID
1400,2018-12-17 14:40:27,MSFT,102.38,8,BID
1401,2018-12-17 14:40:26,MSFT,102.37,29,BID
1402,2018-12-17 14:39:54,MSFT,102.36,26,BID
1403,2018-12-17 14:40:28,MSFT,102.41,26,ASK
1404,2018-12-17 14:40:09,MSFT,102.42,9,ASK
1405,2018-12-17 14:40:08,MSFT,102.43,37,ASK
1406,2018-12-17 14:39:41,MSFT,102.44,34,ASK
1407,2018-12-17 14:39:41,MSFT,102.45,19,ASK
1408,2018-12-17 14:40:29,MSFT,102.4,28,BID
1409,2018-12-17 14:40:28,MSFT,102.39,7,BID
1410,2018-12-17 14:40:27,MSFT,102.38,8,BID
1411,2018-12-17 14:40:26,MSFT,102.37,29,BID
1412,2018-12-17 14:39:54,MSFT,102.36,26,BID
1413,2018-12-17 14:40:29,MSFT,102.41,27,ASK
1414,2018-12-17 14:40:09,MSFT,102.42,9,ASK
1415,2018-12-17 14:40:08,MSFT,102.43,37,ASK
1416,2018-12-17 14:39:41,MSFT,102.44,34,ASK
1417,2018-12-17 14:39:41,MSFT,102.45,19,ASK
1418,2018-12-17 14:40:29,MSFT,102.4,28,BID
1419,2018-12-17 14:40:28,MSFT,102.39,7,BID
1420,2018-12-17 14:40:27,MSFT,102.38,8,BID
1421,2018-12-17 14:40:26,MSFT,102.37,29,BID
1422,2018-12-17 14:39:54,MSFT,102.36,26,BID
1423,2018-12-17 14:40:30,MSFT,102.41,27,ASK
1424,2018-12-17 14:40:09,MSFT,102.42,9,ASK
1425,2018-12-17 14:40:08,MSFT,102.43,37,ASK
1426,2018-12-17 14:39:41,MSFT,102.44,34,ASK
1427,2018-12-17 14:39:41,MSFT,102.45,19,ASK
1428,2018-12-17 14:40:29,MSFT,102.4,21,BID
1429,2018-12-17 14:40:28,MSFT,102.39,7,BID
1430,2018-12-17 14:40:27,MSFT,102.38,8,BID
1431,2018-12-17 14:40:26,MSFT,102.37,29,BID
1432,2018-12-17 14:39:54,MSFT,102.36,26,BID
1433,2018-12-17 14:40:31,MSFT,102.41,42,ASK
1434,2018-12-17 14:40:09,MSFT,102.42,9,ASK
1435,2018-12-17 14:40:08,MSFT,102.43,37,ASK
1436,2018-12-17 14:39:41,MSFT,102.44,34,ASK
1437,2018-12-17 14:39:41,MSFT,102.45,19,ASK
1438,2018-12-17 14:40:32,MSFT,102.4,20,BID
1439,2018-12-17 14:40:32,MSFT,102.39,31,BID
1440,2018-12-17 14:40:27,MSFT,102.38,8,BID
1441,2018-12-17 14:40:26,MSFT,102.37,29,BID
1442,2018-12-17 14:39:54,MSFT,102.36,26,BID
1443,2018-12-17 14:40:32,MSFT,102.41,50,ASK
1444,2018-12-17 14:40:09,MSFT,102.42,9,ASK
1445,2018-12-17 14:40:08,MSFT,102.43,37,ASK
1446,2018-12-17 14:39:41,MSFT,102.44,34,ASK
1447,2018-12-17 14:39:41,MSFT,102.45,19,ASK
1448,2018-12-17 14:40:33,MSFT,102.42,10,BID
1449,2018-12-17 14:40:32,MSFT,102.41,22,BID
1450,2018-12-17 14:40:32,MSFT,102.4,28,BID
1451,2018-12-17 14:40:32,MSFT,102.39,31,BID
1452,2018-12-17 14:40:27,MSFT,102.38,8,BID
1453,2018-12-17 14:40:33,MSFT,102.43,31,ASK
1454,2018-12-17 14:39:41,MSFT,102.44,34,ASK
1455,2018-12-17 14:39:41,MSFT,102.45,19,ASK
1456,2018-12-17 14:39:41,MSFT,102.46,32,ASK
1457,2018-12-17 14:36:16,MSFT,102.47,63,ASK
1458,2018-12-17 14:40:33,MSFT,102.45,23,BID
1459,2018-12-17 14:40:33,MSFT,102.44,10,BID
1460,2018-12-17 14:40:33,MSFT,102.43,7,BID
1461,2018-12-17 14:40:33,MSFT,102.42,20,BID
1462,2018-12-17 14:40:32,MSFT,102.41,22,BID
1463,2018-12-17 14:40:33,MSFT,102.46,4,ASK
1464,2018-12-17 14:40:33,MSFT,102.47,56,ASK
1465,2018-12-17 14:36:12,MSFT,102.48,13,ASK
1466,2018-12-17 14:36:11,MSFT,102.49,29,ASK
1467,2018-12-17 14:36:00,MSFT,102.5,17,ASK
1468,2018-12-17 14:40:34,MSFT,102.47,11,BID
1469,2018-12-17 14:40:34,MSFT,102.46,35,BID
1470,2018-12-17 14:40:34,MSFT,102.45,11,BID
1471,2018-12-17 14:40:33,MSFT,102.44,13,BID
1472,2018-12-17 14:40:33,MSFT,102.43,7,BID
1473,2018-12-17 14:40:34,MSFT,102.48,10,ASK
1474,2018-12-17 14:36:11,MSFT,102.49,29,ASK
1475,2018-12-17 14:36:00,MSFT,102.5,17,ASK
1476,2018-12-17 14:35:59,MSFT,102.51,28,ASK
1477,2018-12-17 14:35:56,MSFT,102.52,45,ASK
1478,2018-12-17 14:40:36,MSFT,102.48,14,BID
1479,2018-12-17 14:40:35,MSFT,102.47,30,BID
1480,2018-12-17 14:40:34,MSFT,102.46,35,BID
1481,2018-12-17 14:40:34,MSFT,102.45,11,BID
1482,2018-12-17 14:40:33,MSFT,102.44,13,BID
1483,2018-12-17 14:40:37,MSFT,102.49,14,ASK
1484,2018-12-17 14:36:00,MSFT,102.5,17,ASK
1485,2018-12-17 14:35:59,MSFT,102.51,28,ASK
1486,2018-12-17 14:35:56,MSFT,102.52,45,ASK
1487,2018-12-17 14:35:55,MSFT,102.53,42,ASK
1488,2018-12-17 14:40:37,MSFT,102.48,13,BID
1489,2018-12-17 14:40:35,MSFT,102.47,30,BID
1490,2018-12-17 14:40:34,MSFT,102.46,35,BID
1491,2018-12-17 14:40:34,MSFT,102.45,11,BID
1492,2018-12-17 14:40:33,MSFT,102.44,13,BID
1493,2018-12-17 14:40:37,MSFT,102.49,19,ASK
1494,2018-12-17 14:36:00,MSFT,102.5,17,ASK
1495,2018-12-17 14:35:59,MSFT,102.51,28,ASK
1496,2018-12-17 14:35:56,MSFT,102.52,45,ASK
1497,2018-12-17 14:35:55,MSFT,102.53,42,ASK
1498,2018-12-17 14:40:39,MSFT,102.49,6,BID
1499,2018-12-17 14:40:39,MSFT,102.48,28,BID
1500,2018-12-17 14:40:35,MSFT,102.47,30,BID
1501,2018-12-17 14:40:34,MSFT,102.46,35,BID
1502,2018-12-17 14:40:34,MSFT,102.45,11,BID
1503,2018-12-17 14:36:00,MSFT,102.5,26,ASK
1504,2018-12-17 14:35:59,MSFT,102.51,28,ASK
1505,2018-12-17 14:35:56,MSFT,102.52,45,ASK
1506,2018-12-17 14:35:55,MSFT,102.53,42,ASK
1507,2018-12-17 14:35:54,MSFT,102.54,36,ASK
1508,2018-12-17 14:40:39,MSFT,102.48,31,BID
1509,2018-12-17 14:40:35,MSFT,102.47,30,BID
1510,2018-12-17 14:40:34,MSFT,102.46,35,BID
1511,2018-12-17 14:40:34,MSFT,102.45,11,BID
1512,2018-12-17 14:40:33,MSFT,102.44,13,BID
1513,2018-12-17 14:40:39,MSFT,102.49,9,ASK
1514,2018-12-17 14:36:00,MSFT,102.5,26,ASK
1515,2018-12-17 14:35:59,MSFT,102.51,28,ASK
1516,2018-12-17 14:35:56,MSFT,102.52,45,ASK
1517,2018-12-17 14:35:55,MSFT,102.53,42,ASK
1518,2018-12-17 14:40:40,MSFT,102.48,33,BID
1519,2018-12-17 14:40:35,MSFT,102.47,30,BID
1520,2018-12-17 14:40:34,MSFT,102.46,35,BID
1521,2018-12-17 14:40:34,MSFT,102.45,11,BID
1522,2018-12-17 14:40:33,MSFT,102.44,13,BID
1523,2018-12-17 14:40:40,MSFT,102.49,7,ASK
1524,2018-12-17 14:36:00,MSFT,102.5,26,ASK
1525,2018-12-17 14:35:59,MSFT,102.51,28,ASK
1526,2018-12-17 14:35:56,MSFT,102.52,45,ASK
1527,2018-12-17 14:35:55,MSFT,102.53,42,ASK
1528,2018-12-17 14:40:40,MSFT,102.48,33,BID
1529,2018-12-17 14:40:35,MSFT,102.47,30,BID
1530,2018-12-17 14:40:34,MSFT,102.46,35,BID
1531,2018-12-17 14:40:34,MSFT,102.45,11,BID
1532,2018-12-17 14:40:33,MSFT,102.44,13,BID
1533,2018-12-17 14:40:41,MSFT,102.49,18,ASK
1534,2018-12-17 14:36:00,MSFT,102.5,26,ASK
1535,2018-12-17 14:35:59,MSFT,102.51,28,ASK
1536,2018-12-17 14:35:56,MSFT,102.52,45,ASK
1537,2018-12-17 14:35:55,MSFT,102.53,42,ASK
1538,2018-12-17 14:40:42,MSFT,102.49,41,BID
1539,2018-12-17 14:40:42,MSFT,102.48,28,BID
1540,2018-12-17 14:40:35,MSFT,102.47,30,BID
1541,2018-12-17 14:40:34,MSFT,102.46,35,BID
1542,2018-12-17 14:40:34,MSFT,102.45,11,BID
1543,2018-12-17 14:40:42,MSFT,102.5,21,ASK
1544,2018-12-17 14:35:59,MSFT,102.51,28,ASK
1545,2018-12-17 14:35:56,MSFT,102.52,45,ASK
1546,2018-12-17 14:35:55,MSFT,102.53,42,ASK
1547,2018-12-17 14:35:54,MSFT,102.54,36,ASK
1548,2018-12-17 14:40:43,MSFT,102.48,29,BID
1549,2018-12-17 14:40:35,MSFT,102.47,30,BID
1550,2018-12-17 14:40:34,MSFT,102.46,35,BID
1551,2018-12-17 14:40:34,MSFT,102.45,11,BID
1552,2018-12-17 14:40:33,MSFT,102.44,13,BID
1553,2018-12-17 14:40:44,MSFT,102.49,6,ASK
1554,2018-12-17 14:40:43,MSFT,102.5,37,ASK
1555,2018-12-17 14:40:43,MSFT,102.51,31,ASK
1556,2018-12-17 14:35:56,MSFT,102.52,45,ASK
1557,2018-12-17 14:35:55,MSFT,102.53,42,ASK
1558,2018-12-17 14:40:44,MSFT,102.5,31,BID
1559,2018-12-17 14:40:44,MSFT,102.49,25,BID
1560,2018-12-17 14:40:43,MSFT,102.48,46,BID
1561,2018-12-17 14:40:35,MSFT,102.47,30,BID
1562,2018-12-17 14:40:34,MSFT,102.46,35,BID
1563,2018-12-17 14:40:44,MSFT,102.51,24,ASK
1564,2018-12-17 14:35:56,MSFT,102.52,45,ASK
1565,2018-12-17 14:35:55,MSFT,102.53,42,ASK
1566,2018-12-17 14:35:54,MSFT,102.54,36,ASK
1567,2018-12-17 14:35:52,MSFT,102.55,19,ASK
1568,2018-12-17 14:40:45,MSFT,102.51,30,BID
1569,2018-12-17 14:40:45,MSFT,102.5,22,BID
1570,2018-12-17 14:40:44,MSFT,102.49,25,BID
1571,2018-12-17 14:40:43,MSFT,102.48,46,BID
1572,2018-12-17 14:40:35,MSFT,102.47,30,BID
1573,2018-12-17 14:35:56,MSFT,102.52,51,ASK
1574,2018-12-17 14:35:55,MSFT,102.53,42,ASK
1575,2018-12-17 14:35:54,MSFT,102.54,36,ASK
1576,2018-12-17 14:35:52,MSFT,102.55,19,ASK
1577,2018-12-17 14:35:52,MSFT,102.56,26,ASK
1578,2018-12-17 14:40:46,MSFT,102.5,21,BID
1579,2018-12-17 14:40:44,MSFT,102.49,25,BID
1580,2018-12-17 14:40:44,MSFT,102.48,46,BID
1581,2018-12-17 14:40:36,MSFT,102.47,30,BID
1582,2018-12-17 14:40:34,MSFT,102.46,35,BID
1583,2018-12-17 14:40:45,MSFT,102.51,8,ASK
1584,2018-12-17 14:40:45,MSFT,102.52,48,ASK
1585,2018-12-17 14:35:55,MSFT,102.53,42,ASK
1586,2018-12-17 14:35:54,MSFT,102.54,36,ASK
1587,2018-12-17 14:35:52,MSFT,102.55,19,ASK
1588,2018-12-17 14:40:47,MSFT,102.51,13,BID
1589,2018-12-17 14:40:47,MSFT,102.5,18,BID
1590,2018-12-17 14:40:44,MSFT,102.49,25,BID
1591,2018-12-17 14:40:44,MSFT,102.48,46,BID
1592,2018-12-17 14:40:36,MSFT,102.47,30,BID
1593,2018-12-17 14:40:47,MSFT,102.51,11,ASK
1594,2018-12-17 14:40:47,MSFT,102.52,20,ASK
1595,2018-12-17 14:40:47,MSFT,102.53,27,ASK
1596,2018-12-17 14:35:54,MSFT,102.54,36,ASK
1597,2018-12-17 14:35:52,MSFT,102.55,19,ASK
1598,2018-12-17 14:40:48,MSFT,102.48,34,BID
1599,2018-12-17 14:40:36,MSFT,102.47,30,BID
1600,2018-12-17 14:40:34,MSFT,102.46,35,BID
1601,2018-12-17 14:40:34,MSFT,102.45,11,BID
1602,2018-12-17 14:40:34,MSFT,102.44,13,BID
1603,2018-12-17 14:40:48,MSFT,102.49,6,ASK
1604,2018-12-17 14:40:48,MSFT,102.5,28,ASK
1605,2018-12-17 14:40:48,MSFT,102.51,44,ASK
1606,2018-12-17 14:40:47,MSFT,102.52,20,ASK
1607,2018-12-17 14:40:47,MSFT,102.53,27,ASK
1608,2018-12-17 14:40:48,MSFT,102.48,37,BID
1609,2018-12-17 14:40:36,MSFT,102.47,30,BID
1610,2018-12-17 14:40:34,MSFT,102.46,35,BID
1611,2018-12-17 14:40:34,MSFT,102.45,11,BID
1612,2018-12-17 14:40:34,MSFT,102.44,13,BID
1613,2018-12-17 14:40:49,MSFT,102.5,18,ASK
1614,2018-12-17 14:40:48,MSFT,102.51,44,ASK
1615,2018-12-17 14:40:47,MSFT,102.52,20,ASK
1616,2018-12-17 14:40:47,MSFT,102.53,27,ASK
1617,2018-12-17 14:35:54,MSFT,102.54,36,ASK
1618,2018-12-17 14:40:48,MSFT,102.48,37,BID
1619,2018-12-17 14:40:36,MSFT,102.47,30,BID
1620,2018-12-17 14:40:34,MSFT,102.46,35,BID
1621,2018-12-17 14:40:34,MSFT,102.45,11,BID
1622,2018-12-17 14:40:34,MSFT,102.44,13,BID
1623,2018-12-17 14:40:50,MSFT,102.49,5,ASK
1624,2018-12-17 14:40:49,MSFT,102.5,18,ASK
1625,2018-12-17 14:40:48,MSFT,102.51,44,ASK
1626,2018-12-17 14:40:47,MSFT,102.52,20,ASK
1627,2018-12-17 14:40:47,MSFT,102.53,27,ASK
1628,2018-12-17 14:40:52,MSFT,102.49,15,BID
1629,2018-12-17 14:40:48,MSFT,102.48,26,BID
1630,2018-12-17 14:40:36,MSFT,102.47,30,BID
1631,2018-12-17 14:40:34,MSFT,102.46,35,BID
1632,2018-12-17 14:40:34,MSFT,102.45,11,BID
1633,2018-12-17 14:40:49,MSFT,102.5,16,ASK
1634,2018-12-17 14:40:48,MSFT,102.51,44,ASK
1635,2018-12-17 14:40:47,MSFT,102.52,20,ASK
1636,2018-12-17 14:40:47,MSFT,102.53,27,ASK
1637,2018-12-17 14:35:54,MSFT,102.54,36,ASK
1638,2018-12-17 14:40:52,MSFT,102.48,25,BID
1639,2018-12-17 14:40:36,MSFT,102.47,30,BID
1640,2018-12-17 14:40:34,MSFT,102.46,35,BID
1641,2018-12-17 14:40:34,MSFT,102.45,11,BID
1642,2018-12-17 14:40:34,MSFT,102.44,13,BID
1643,2018-12-17 14:40:52,MSFT,102.5,36,ASK
1644,2018-12-17 14:40:48,MSFT,102.51,44,ASK
1645,2018-12-17 14:40:47,MSFT,102.52,20,ASK
1646,2018-12-17 14:40:47,MSFT,102.53,27,ASK
1647,2018-12-17 14:35:54,MSFT,102.54,36,ASK
1648,2018-12-17 14:40:53,MSFT,102.48,23,BID
1649,2018-12-17 14:40:36,MSFT,102.47,30,BID
1650,2018-12-17 14:40:34,MSFT,102.46,35,BID
1651,2018-12-17 14:40:34,MSFT,102.45,11,BID
1652,2018-12-17 14:40:34,MSFT,102.44,13,BID
1653,2018-12-17 14:40:53,MSFT,102.49,5,ASK
1654,2018-12-17 14:40:52,MSFT,102.5,39,ASK
1655,2018-12-17 14:40:48,MSFT,102.51,44,ASK
1656,2018-12-17 14:40:47,MSFT,102.52,20,ASK
1657,2018-12-17 14:40:47,MSFT,102.53,27,ASK
1658,2018-12-17 14:40:54,MSFT,102.49,5,BID
1659,2018-12-17 14:40:53,MSFT,102.48,40,BID
1660,2018-12-17 14:40:36,MSFT,102.47,30,BID
1661,2018-12-17 14:40:34,MSFT,102.46,35,BID
1662,2018-12-17 14:40:34,MSFT,102.45,11,BID
1663,2018-12-17 14:40:54,MSFT,102.5,16,ASK
1664,2018-12-17 14:40:48,MSFT,102.51,44,ASK
1665,2018-12-17 14:40:47,MSFT,102.52,20,ASK
1666,2018-12-17 14:40:47,MSFT,102.53,27,ASK
1667,2018-12-17 14:35:54,MSFT,102.54,36,ASK
1668,2018-12-17 14:40:55,MSFT,102.48,21,BID
1669,2018-12-17 14:40:36,MSFT,102.47,30,BID
1670,2018-12-17 14:40:34,MSFT,102.46,35,BID
1671,2018-12-17 14:40:34,MSFT,102.45,11,BID
1672,2018-12-17 14:40:34,MSFT,102.44,13,BID
1673,2018-12-17 14:40:56,MSFT,102.49,3,ASK
1674,2018-12-17 14:40:55,MSFT,102.5,28,ASK
1675,2018-12-17 14:40:48,MSFT,102.51,44,ASK
1676,2018-12-17 14:40:47,MSFT,102.52,20,ASK
1677,2018-12-17 14:40:47,MSFT,102.53,27,ASK
1678,2018-12-17 14:40:56,MSFT,102.49,13,BID
1679,2018-12-17 14:40:56,MSFT,102.48,26,BID
1680,2018-12-17 14:40:36,MSFT,102.47,30,BID
1681,2018-12-17 14:40:34,MSFT,102.46,35,BID
1682,2018-12-17 14:40:34,MSFT,102.45,11,BID
1683,2018-12-17 14:40:55,MSFT,102.5,20,ASK
1684,2018-12-17 14:40:48,MSFT,102.51,44,ASK
1685,2018-12-17 14:40:47,MSFT,102.52,20,ASK
1686,2018-12-17 14:40:47,MSFT,102.53,27,ASK
1687,2018-12-17 14:35:54,MSFT,102.54,36,ASK
1688,2018-12-17 14:40:56,MSFT,102.48,26,BID
1689,2018-12-17 14:40:36,MSFT,102.47,30,BID
1690,2018-12-17 14:40:34,MSFT,102.46,35,BID
1691,2018-12-17 14:40:34,MSFT,102.45,11,BID
1692,2018-12-17 14:40:34,MSFT,102.44,13,BID
1693,2018-12-17 14:40:55,MSFT,102.5,21,ASK
1694,2018-12-17 14:40:48,MSFT,102.51,44,ASK
1695,2018-12-17 14:40:47,MSFT,102.52,20,ASK
1696,2018-12-17 14:40:47,MSFT,102.53,27,ASK
1697,2018-12-17 14:35:54,MSFT,102.54,36,ASK
1698,2018-12-17 14:40:56,MSFT,102.48,27,BID
1699,2018-12-17 14:40:36,MSFT,102.47,30,BID
1700,2018-12-17 14:40:34,MSFT,102.46,35,BID
1701,2018-12-17 14:40:34,MSFT,102.45,11,BID
1702,2018-12-17 14:40:34,MSFT,102.44,13,BID
1703,2018-12-17 14:40:55,MSFT,102.5,21,ASK
1704,2018-12-17 14:40:48,MSFT,102.51,44,ASK
1705,2018-12-17 14:40:47,MSFT,102.52,20,ASK
1706,2018-12-17 14:40:47,MSFT,102.53,27,ASK
1707,2018-12-17 14:35:54,MSFT,102.54,36,ASK
1708,2018-12-17 14:40:59,MSFT,102.5,12,BID
1709,2018-12-17 14:40:59,MSFT,102.49,23,BID
1710,2018-12-17 14:40:56,MSFT,102.48,25,BID
1711,2018-12-17 14:40:36,MSFT,102.47,30,BID
1712,2018-12-17 14:40:34,MSFT,102.46,35,BID
1713,2018-12-17 14:40:59,MSFT,102.51,28,ASK
1714,2018-12-17 14:40:47,MSFT,102.52,20,ASK
1715,2018-12-17 14:40:47,MSFT,102.53,27,ASK
1716,2018-12-17 14:35:54,MSFT,102.54,36,ASK
1717,2018-12-17 14:35:52,MSFT,102.55,19,ASK
1718,2018-12-17 14:41:00,MSFT,102.5,22,BID
1719,2018-12-17 14:40:59,MSFT,102.49,23,BID
1720,2018-12-17 14:40:56,MSFT,102.48,25,BID
1721,2018-12-17 14:40:36,MSFT,102.47,30,BID
1722,2018-12-17 14:40:34,MSFT,102.46,35,BID
1723,2018-12-17 14:40:59,MSFT,102.51,27,ASK
1724,2018-12-17 14:40:47,MSFT,102.52,20,ASK
1725,2018-12-17 14:40:47,MSFT,102.53,27,ASK
1726,2018-12-17 14:35:54,MSFT,102.54,36,ASK
1727,2018-12-17 14:35:52,MSFT,102.55,19,ASK
1728,2018-12-17 14:41:02,MSFT,102.5,37,BID
1729,2018-12-17 14:41:01,MSFT,102.49,18,BID
1730,2018-12-17 14:40:56,MSFT,102.48,25,BID
1731,2018-12-17 14:40:36,MSFT,102.47,30,BID
1732,2018-12-17 14:40:34,MSFT,102.46,35,BID
1733,2018-12-17 14:40:59,MSFT,102.51,17,ASK
1734,2018-12-17 14:40:47,MSFT,102.52,20,ASK
1735,2018-12-17 14:40:47,MSFT,102.53,27,ASK
1736,2018-12-17 14:35:54,MSFT,102.54,36,ASK
1737,2018-12-17 14:35:52,MSFT,102.55,19,ASK
1738,2018-12-17 14:41:03,MSFT,102.5,28,BID
1739,2018-12-17 14:41:01,MSFT,102.49,18,BID
1740,2018-12-17 14:40:56,MSFT,102.48,25,BID
1741,2018-12-17 14:40:36,MSFT,102.47,30,BID
1742,2018-12-17 14:40:34,MSFT,102.46,35,BID
1743,2018-12-17 14:40:59,MSFT,102.51,18,ASK
1744,2018-12-17 14:40:47,MSFT,102.52,20,ASK
1745,2018-12-17 14:40:47,MSFT,102.53,27,ASK
1746,2018-12-17 14:35:54,MSFT,102.54,36,ASK
1747,2018-12-17 14:35:52,MSFT,102.55,19,ASK
1748,2018-12-17 14:41:03,MSFT,102.5,25,BID
1749,2018-12-17 14:41:01,MSFT,102.49,18,BID
1750,2018-12-17 14:40:56,MSFT,102.48,25,BID
1751,2018-12-17 14:40:36,MSFT,102.47,30,BID
1752,2018-12-17 14:40:34,MSFT,102.46,35,BID
1753,2018-12-17 14:40:59,MSFT,102.51,18,ASK
1754,2018-12-17 14:40:47,MSFT,102.52,20,ASK
1755,2018-12-17 14:40:47,MSFT,102.53,27,ASK
1756,2018-12-17 14:35:54,MSFT,102.54,36,ASK
1757,2018-12-17 14:35:52,MSFT,102.55,19,ASK
1758,2018-12-17 14:41:04,MSFT,102.51,3,BID
1759,2018-12-17 14:41:04,MSFT,102.5,36,BID
1760,2018-12-17 14:41:01,MSFT,102.49,18,BID
1761,2018-12-17 14:40:56,MSFT,102.48,25,BID
1762,2018-12-17 14:40:36,MSFT,102.47,30,BID
1763,2018-12-17 14:41:04,MSFT,102.51,1,ASK
1764,2018-12-17 14:41:04,MSFT,102.52,19,ASK
1765,2018-12-17 14:40:47,MSFT,102.53,27,ASK
1766,2018-12-17 14:35:54,MSFT,102.54,36,ASK
1767,2018-12-17 14:35:52,MSFT,102.55,19,ASK
1768,2018-12-17 14:41:04,MSFT,102.51,18,BID
1769,2018-12-17 14:41:04,MSFT,102.5,32,BID
1770,2018-12-17 14:41:01,MSFT,102.49,18,BID
1771,2018-12-17 14:40:56,MSFT,102.48,25,BID
1772,2018-12-17 14:40:36,MSFT,102.47,30,BID
1773,2018-12-17 14:41:04,MSFT,102.52,21,ASK
1774,2018-12-17 14:40:47,MSFT,102.53,27,ASK
1775,2018-12-17 14:35:54,MSFT,102.54,36,ASK
1776,2018-12-17 14:35:52,MSFT,102.55,19,ASK
1777,2018-12-17 14:35:52,MSFT,102.56,26,ASK
1778,2018-12-17 14:41:07,MSFT,102.49,22,BID
1779,2018-12-17 14:40:56,MSFT,102.48,25,BID
1780,2018-12-17 14:40:36,MSFT,102.47,30,BID
1781,2018-12-17 14:40:34,MSFT,102.46,35,BID
1782,2018-12-17 14:40:34,MSFT,102.45,11,BID
1783,2018-12-17 14:41:07,MSFT,102.5,13,ASK
1784,2018-12-17 14:41:06,MSFT,102.51,24,ASK
1785,2018-12-17 14:41:04,MSFT,102.52,47,ASK
1786,2018-12-17 14:40:47,MSFT,102.53,27,ASK
1787,2018-12-17 14:35:54,MSFT,102.54,36,ASK
1788,2018-12-17 14:41:07,MSFT,102.5,28,BID
1789,2018-12-17 14:41:07,MSFT,102.49,38,BID
1790,2018-12-17 14:40:56,MSFT,102.48,25,BID
1791,2018-12-17 14:40:36,MSFT,102.47,30,BID
1792,2018-12-17 14:40:34,MSFT,102.46,35,BID
1793,2018-12-17 14:41:04,MSFT,102.52,46,ASK
1794,2018-12-17 14:40:47,MSFT,102.53,27,ASK
1795,2018-12-17 14:35:54,MSFT,102.54,36,ASK
1796,2018-12-17 14:35:52,MSFT,102.55,19,ASK
1797,2018-12-17 14:35:52,MSFT,102.56,26,ASK
1798,2018-12-17 14:41:08,MSFT,102.51,17,BID
1799,2018-12-17 14:41:07,MSFT,102.5,27,BID
1800,2018-12-17 14:41:07,MSFT,102.49,38,BID
1801,2018-12-17 14:40:56,MSFT,102.48,25,BID
1802,2018-12-17 14:40:36,MSFT,102.47,30,BID
1803,2018-12-17 14:41:04,MSFT,102.52,22,ASK
1804,2018-12-17 14:40:47,MSFT,102.53,27,ASK
1805,2018-12-17 14:35:54,MSFT,102.54,36,ASK
1806,2018-12-17 14:35:52,MSFT,102.55,19,ASK
1807,2018-12-17 14:35:52,MSFT,102.56,26,ASK
1808,2018-12-17 14:41:10,MSFT,102.51,5,BID
1809,2018-12-17 14:41:07,MSFT,102.5,27,BID
1810,2018-12-17 14:41:07,MSFT,102.49,38,BID
1811,2018-12-17 14:40:56,MSFT,102.48,25,BID
1812,2018-12-17 14:40:36,MSFT,102.47,30,BID
1813,2018-12-17 14:41:04,MSFT,102.52,28,ASK
1814,2018-12-17 14:40:47,MSFT,102.53,27,ASK
1815,2018-12-17 14:35:54,MSFT,102.54,36,ASK
1816,2018-12-17 14:35:52,MSFT,102.55,19,ASK
1817,2018-12-17 14:35:52,MSFT,102.56,26,ASK
1818,2018-12-17 14:41:10,MSFT,102.49,27,BID
1819,2018-12-17 14:40:56,MSFT,102.48,33,BID
1820,2018-12-17 14:40:36,MSFT,102.47,30,BID
1821,2018-12-17 14:40:34,MSFT,102.46,35,BID
1822,2018-12-17 14:40:34,MSFT,102.45,11,BID
1823,2018-12-17 14:41:10,MSFT,102.5,10,ASK
1824,2018-12-17 14:41:10,MSFT,102.51,46,ASK
1825,2018-12-17 14:41:04,MSFT,102.52,33,ASK
1826,2018-12-17 14:40:47,MSFT,102.53,27,ASK
1827,2018-12-17 14:35:54,MSFT,102.54,36,ASK
1828,2018-12-17 14:41:11,MSFT,102.49,14,BID
1829,2018-12-17 14:40:56,MSFT,102.48,29,BID
1830,2018-12-17 14:40:36,MSFT,102.47,30,BID
1831,2018-12-17 14:40:34,MSFT,102.46,35,BID
1832,2018-12-17 14:40:34,MSFT,102.45,11,BID
1833,2018-12-17 14:41:10,MSFT,102.5,10,ASK
1834,2018-12-17 14:41:10,MSFT,102.51,46,ASK
1835,2018-12-17 14:41:04,MSFT,102.52,33,ASK
1836,2018-12-17 14:40:47,MSFT,102.53,27,ASK
1837,2018-12-17 14:35:54,MSFT,102.54,36,ASK
1838,2018-12-17 14:41:13,MSFT,102.49,14,BID
1839,2018-12-17 14:40:56,MSFT,102.48,29,BID
1840,2018-12-17 14:40:36,MSFT,102.47,30,BID
1841,2018-12-17 14:40:34,MSFT,102.46,35,BID
1842,2018-12-17 14:40:34,MSFT,102.45,11,BID
1843,2018-12-17 14:41:12,MSFT,102.5,15,ASK
1844,2018-12-17 14:41:10,MSFT,102.51,35,ASK
1845,2018-12-17 14:41:04,MSFT,102.52,33,ASK
1846,2018-12-17 14:40:47,MSFT,102.53,27,ASK
1847,2018-12-17 14:35:54,MSFT,102.54,36,ASK
1848,2018-12-17 14:41:13,MSFT,102.49,38,BID
1849,2018-12-17 14:40:56,MSFT,102.48,46,BID
1850,2018-12-17 14:40:36,MSFT,102.47,30,BID
1851,2018-12-17 14:40:34,MSFT,102.46,35,BID
1852,2018-12-17 14:40:34,MSFT,102.45,11,BID
1853,2018-12-17 14:41:12,MSFT,102.5,16,ASK
1854,2018-12-17 14:41:10,MSFT,102.51,35,ASK
1855,2018-12-17 14:41:04,MSFT,102.52,33,ASK
1856,2018-12-17 14:40:47,MSFT,102.53,27,ASK
1857,2018-12-17 14:35:54,MSFT,102.54,36,ASK
1858,2018-12-17 14:41:13,MSFT,102.49,36,BID
1859,2018-12-17 14:40:56,MSFT,102.48,46,BID
1860,2018-12-17 14:40:36,MSFT,102.47,30,BID
1861,2018-12-17 14:40:34,MSFT,102.46,35,BID
1862,2018-12-17 14:40:34,MSFT,102.45,11,BID
1863,2018-12-17 14:41:12,MSFT,102.5,18,ASK
1864,2018-12-17 14:41:10,MSFT,102.51,35,ASK
1865,2018-12-17 14:41:04,MSFT,102.52,33,ASK
1866,2018-12-17 14:40:47,MSFT,102.53,27,ASK
1867,2018-12-17 14:35:54,MSFT,102.54,36,ASK
1868,2018-12-17 14:41:15,MSFT,102.5,17,BID
1869,2018-12-17 14:41:15,MSFT,102.49,77,BID
1870,2018-12-17 14:40:56,MSFT,102.48,46,BID
1871,2018-12-17 14:40:36,MSFT,102.47,30,BID
1872,2018-12-17 14:40:34,MSFT,102.46,35,BID
1873,2018-12-17 14:41:15,MSFT,102.51,21,ASK
1874,2018-12-17 14:41:04,MSFT,102.52,33,ASK
1875,2018-12-17 14:40:47,MSFT,102.53,27,ASK
1876,2018-12-17 14:35:54,MSFT,102.54,36,ASK
1877,2018-12-17 14:35:52,MSFT,102.55,19,ASK
1878,2018-12-17 14:41:16,MSFT,102.5,18,BID
1879,2018-12-17 14:41:15,MSFT,102.49,77,BID
1880,2018-12-17 14:40:56,MSFT,102.48,46,BID
1881,2018-12-17 14:40:36,MSFT,102.47,30,BID
1882,2018-12-17 14:40:34,MSFT,102.46,35,BID
1883,2018-12-17 14:41:17,MSFT,102.51,14,ASK
1884,2018-12-17 14:41:04,MSFT,102.52,33,ASK
1885,2018-12-17 14:40:47,MSFT,102.53,27,ASK
1886,2018-12-17 14:35:54,MSFT,102.54,36,ASK
1887,2018-12-17 14:35:52,MSFT,102.55,19,ASK
1888,2018-12-17 14:41:16,MSFT,102.5,18,BID
1889,2018-12-17 14:41:15,MSFT,102.49,77,BID
1890,2018-12-17 14:40:56,MSFT,102.48,46,BID
1891,2018-12-17 14:40:36,MSFT,102.47,30,BID
1892,2018-12-17 14:40:34,MSFT,102.46,35,BID
1893,2018-12-17 14:41:18,MSFT,102.51,14,ASK
1894,2018-12-17 14:41:04,MSFT,102.52,33,ASK
1895,2018-12-17 14:40:47,MSFT,102.53,27,ASK
1896,2018-12-17 14:35:54,MSFT,102.54,36,ASK
1897,2018-12-17 14:35:52,MSFT,102.55,19,ASK
1898,2018-12-17 14:41:16,MSFT,102.5,18,BID
1899,2018-12-17 14:41:15,MSFT,102.49,77,BID
1900,2018-12-17 14:40:56,MSFT,102.48,46,BID
1901,2018-12-17 14:40:36,MSFT,102.47,30,BID
1902,2018-12-17 14:40:34,MSFT,102.46,35,BID
1903,2018-12-17 14:41:18,MSFT,102.51,13,ASK
1904,2018-12-17 14:41:04,MSFT,102.52,33,ASK
1905,2018-12-17 14:40:47,MSFT,102.53,27,ASK
1906,2018-12-17 14:35:54,MSFT,102.54,36,ASK
1907,2018-12-17 14:35:52,MSFT,102.55,19,ASK
1908,2018-12-17 14:41:19,MSFT,102.5,23,BID
1909,2018-12-17 14:41:15,MSFT,102.49,78,BID
1910,2018-12-17 14:40:56,MSFT,102.48,46,BID
1911,2018-12-17 14:40:36,MSFT,102.47,30,BID
1912,2018-12-17 14:40:34,MSFT,102.46,35,BID
1913,2018-12-17 14:41:18,MSFT,102.51,28,ASK
1914,2018-12-17 14:41:04,MSFT,102.52,33,ASK
1915,2018-12-17 14:40:47,MSFT,102.53,27,ASK
1916,2018-12-17 14:35:54,MSFT,102.54,36,ASK
1917,2018-12-17 14:35:52,MSFT,102.55,19,ASK
1918,2018-12-17 14:41:20,MSFT,102.5,27,BID
1919,2018-12-17 14:41:15,MSFT,102.49,78,BID
1920,2018-12-17 14:40:56,MSFT,102.48,46,BID
1921,2018-12-17 14:40:36,MSFT,102.47,30,BID
1922,2018-12-17 14:40:34,MSFT,102.46,35,BID
1923,2018-12-17 14:41:18,MSFT,102.51,26,ASK
1924,2018-12-17 14:41:04,MSFT,102.52,33,ASK
1925,2018-12-17 14:40:47,MSFT,102.53,27,ASK
1926,2018-12-17 14:35:54,MSFT,102.54,36,ASK
1927,2018-12-17 14:35:52,MSFT,102.55,19,ASK
1928,2018-12-17 14:41:20,MSFT,102.5,27,BID
1929,2018-12-17 14:41:15,MSFT,102.49,78,BID
1930,2018-12-17 14:40:56,MSFT,102.48,46,BID
1931,2018-12-17 14:40:36,MSFT,102.47,30,BID
1932,2018-12-17 14:40:34,MSFT,102.46,35,BID
1933,2018-12-17 14:41:18,MSFT,102.51,30,ASK
1934,2018-12-17 14:41:04,MSFT,102.52,33,ASK
1935,2018-12-17 14:40:47,MSFT,102.53,27,ASK
1936,2018-12-17 14:35:54,MSFT,102.54,36,ASK
1937,2018-12-17 14:35:52,MSFT,102.55,19,ASK
1938,2018-12-17 14:41:22,MSFT,102.5,2,BID
1939,2018-12-17 14:41:15,MSFT,102.49,72,BID
1940,2018-12-17 14:40:56,MSFT,102.48,46,BID
1941,2018-12-17 14:40:36,MSFT,102.47,30,BID
1942,2018-12-17 14:40:34,MSFT,102.46,35,BID
1943,2018-12-17 14:41:18,MSFT,102.51,47,ASK
1944,2018-12-17 14:41:04,MSFT,102.52,33,ASK
1945,2018-12-17 14:40:47,MSFT,102.53,27,ASK
1946,2018-12-17 14:35:54,MSFT,102.54,36,ASK
1947,2018-12-17 14:35:52,MSFT,102.55,19,ASK
1948,2018-12-17 14:41:23,MSFT,102.5,25,BID
1949,2018-12-17 14:41:15,MSFT,102.49,67,BID
1950,2018-12-17 14:40:56,MSFT,102.48,46,BID
1951,2018-12-17 14:40:36,MSFT,102.47,30,BID
1952,2018-12-17 14:40:34,MSFT,102.46,35,BID
1953,2018-12-17 14:41:23,MSFT,102.51,14,ASK
1954,2018-12-17 14:41:04,MSFT,102.52,27,ASK
1955,2018-12-17 14:40:47,MSFT,102.53,27,ASK
1956,2018-12-17 14:35:54,MSFT,102.54,36,ASK
1957,2018-12-17 14:35:52,MSFT,102.55,19,ASK
1958,2018-12-17 14:41:25,MSFT,102.51,9,BID
1959,2018-12-17 14:41:24,MSFT,102.5,27,BID
1960,2018-12-17 14:41:15,MSFT,102.49,67,BID
1961,2018-12-17 14:40:56,MSFT,102.48,46,BID
1962,2018-12-17 14:40:36,MSFT,102.47,30,BID
1963,2018-12-17 14:41:04,MSFT,102.52,23,ASK
1964,2018-12-17 14:40:47,MSFT,102.53,27,ASK
1965,2018-12-17 14:35:54,MSFT,102.54,36,ASK
1966,2018-12-17 14:35:52,MSFT,102.55,19,ASK
1967,2018-12-17 14:35:52,MSFT,102.56,26,ASK
1968,2018-12-17 14:41:25,MSFT,102.51,20,BID
1969,2018-12-17 14:41:24,MSFT,102.5,27,BID
1970,2018-12-17 14:41:15,MSFT,102.49,67,BID
1971,2018-12-17 14:40:56,MSFT,102.48,46,BID
1972,2018-12-17 14:40:36,MSFT,102.47,30,BID
1973,2018-12-17 14:41:04,MSFT,102.52,31,ASK
1974,2018-12-17 14:40:47,MSFT,102.53,27,ASK
1975,2018-12-17 14:35:54,MSFT,102.54,36,ASK
1976,2018-12-17 14:35:52,MSFT,102.55,19,ASK
1977,2018-12-17 14:35:52,MSFT,102.56,26,ASK
1978,2018-12-17 14:41:27,MSFT,102.52,26,BID
1979,2018-12-17 14:41:26,MSFT,102.51,25,BID
1980,2018-12-17 14:41:24,MSFT,102.5,27,BID
1981,2018-12-17 14:41:15,MSFT,102.49,67,BID
1982,2018-12-17 14:40:56,MSFT,102.48,46,BID
1983,2018-12-17 14:41:27,MSFT,102.53,24,ASK
1984,2018-12-17 14:35:54,MSFT,102.54,36,ASK
1985,2018-12-17 14:35:52,MSFT,102.55,19,ASK
1986,2018-12-17 14:35:52,MSFT,102.56,26,ASK
1987,2018-12-17 14:35:49,MSFT,102.57,59,ASK
1988,2018-12-17 14:41:27,MSFT,102.52,37,BID
1989,2018-12-17 14:41:26,MSFT,102.51,25,BID
1990,2018-12-17 14:41:24,MSFT,102.5,27,BID
1991,2018-12-17 14:41:15,MSFT,102.49,67,BID
1992,2018-12-17 14:40:56,MSFT,102.48,46,BID
1993,2018-12-17 14:41:28,MSFT,102.53,26,ASK
1994,2018-12-17 14:35:54,MSFT,102.54,36,ASK
1995,2018-12-17 14:35:52,MSFT,102.55,19,ASK
1996,2018-12-17 14:35:52,MSFT,102.56,26,ASK
1997,2018-12-17 14:35:49,MSFT,102.57,59,ASK
1998,2018-12-17 14:41:29,MSFT,102.52,4,BID
1999,2018-12-17 14:41:26,MSFT,102.51,28,BID
2000,2018-12-17 14:41:24,MSFT,102.5,27,BID
2001,2018-12-17 14:41:15,MSFT,102.49,67,BID
2002,2018-12-17 14:40:56,MSFT,102.48,46,BID
2003,2018-12-17 14:41:28,MSFT,102.53,44,ASK
2004,2018-12-17 14:35:54,MSFT,102.54,36,ASK
2005,2018-12-17 14:35:52,MSFT,102.55,19,ASK
2006,2018-12-17 14:35:52,MSFT,102.56,26,ASK
2007,2018-12-17 14:35:49,MSFT,102.57,59,ASK
2008,2018-12-17 14:41:29,MSFT,102.52,8,BID
2009,2018-12-17 14:41:26,MSFT,102.51,28,BID
2010,2018-12-17 14:41:24,MSFT,102.5,27,BID
2011,2018-12-17 14:41:15,MSFT,102.49,67,BID
2012,2018-12-17 14:40:56,MSFT,102.48,46,BID
2013,2018-12-17 14:41:30,MSFT,102.53,23,ASK
2014,2018-12-17 14:35:54,MSFT,102.54,36,ASK
2015,2018-12-17 14:35:52,MSFT,102.55,19,ASK
2016,2018-12-17 14:35:52,MSFT,102.56,26,ASK
2017,2018-12-17 14:35:49,MSFT,102.57,59,ASK
2018,2018-12-17 14:41:31,MSFT,102.52,16,BID
2019,2018-12-17 14:41:26,MSFT,102.51,28,BID
2020,2018-12-17 14:41:24,MSFT,102.5,27,BID
2021,2018-12-17 14:41:15,MSFT,102.49,67,BID
2022,2018-12-17 14:40:56,MSFT,102.48,46,BID
2023,2018-12-17 14:41:31,MSFT,102.53,29,ASK
2024,2018-12-17 14:35:54,MSFT,102.54,36,ASK
2025,2018-12-17 14:35:52,MSFT,102.55,19,ASK
2026,2018-12-17 14:35:52,MSFT,102.56,26,ASK
2027,2018-12-17 14:35:49,MSFT,102.57,59,ASK
2028,2018-12-17 14:41:32,MSFT,102.52,3,BID
2029,2018-12-17 14:41:31,MSFT,102.51,16,BID
2030,2018-12-17 14:41:24,MSFT,102.5,27,BID
2031,2018-12-17 14:41:15,MSFT,102.49,67,BID
2032,2018-12-17 14:40:56,MSFT,102.48,46,BID
2033,2018-12-17 14:41:32,MSFT,102.53,26,ASK
2034,2018-12-17 14:35:54,MSFT,102.54,36,ASK
2035,2018-12-17 14:35:52,MSFT,102.55,19,ASK
2036,2018-12-17 14:35:52,MSFT,102.56,26,ASK
2037,2018-12-17 14:35:49,MSFT,102.57,59,ASK
2038,2018-12-17 14:41:33,MSFT,102.52,5,BID
2039,2018-12-17 14:41:31,MSFT,102.51,16,BID
2040,2018-12-17 14:41:24,MSFT,102.5,27,BID
2041,2018-12-17 14:41:15,MSFT,102.49,67,BID
2042,2018-12-17 14:40:56,MSFT,102.48,46,BID
2043,2018-12-17 14:41:33,MSFT,102.53,27,ASK
2044,2018-12-17 14:35:54,MSFT,102.54,36,ASK
2045,2018-12-17 14:35:52,MSFT,102.55,19,ASK
2046,2018-12-17 14:35:52,MSFT,102.56,26,ASK
2047,2018-12-17 14:35:49,MSFT,102.57,59,ASK
2048,2018-12-17 14:41:33,MSFT,102.52,9,BID
2049,2018-12-17 14:41:31,MSFT,102.51,16,BID
2050,2018-12-17 14:41:24,MSFT,102.5,27,BID
2051,2018-12-17 14:41:15,MSFT,102.49,67,BID
2052,2018-12-17 14:40:56,MSFT,102.48,46,BID
2053,2018-12-17 14:41:34,MSFT,102.53,24,ASK
2054,2018-12-17 14:35:54,MSFT,102.54,36,ASK
2055,2018-12-17 14:35:52,MSFT,102.55,19,ASK
2056,2018-12-17 14:35:52,MSFT,102.56,26,ASK
2057,2018-12-17 14:35:49,MSFT,102.57,59,ASK
2058,2018-12-17 14:41:34,MSFT,102.52,15,BID
2059,2018-12-17 14:41:31,MSFT,102.51,16,BID
2060,2018-12-17 14:41:24,MSFT,102.5,27,BID
2061,2018-12-17 14:41:15,MSFT,102.49,67,BID
2062,2018-12-17 14:40:56,MSFT,102.48,46,BID
2063,2018-12-17 14:41:34,MSFT,102.53,15,ASK
2064,2018-12-17 14:41:34,MSFT,102.54,24,ASK
2065,2018-12-17 14:35:52,MSFT,102.55,19,ASK
2066,2018-12-17 14:35:52,MSFT,102.56,26,ASK
2067,2018-12-17 14:35:49,MSFT,102.57,59,ASK
2068,2018-12-17 14:41:36,MSFT,102.51,14,BID
2069,2018-12-17 14:41:24,MSFT,102.5,27,BID
2070,2018-12-17 14:41:15,MSFT,102.49,67,BID
2071,2018-12-17 14:40:56,MSFT,102.48,46,BID
2072,2018-12-17 14:40:36,MSFT,102.47,30,BID
2073,2018-12-17 14:41:36,MSFT,102.52,19,ASK
2074,2018-12-17 14:41:34,MSFT,102.53,33,ASK
2075,2018-12-17 14:41:34,MSFT,102.54,24,ASK
2076,2018-12-17 14:35:52,MSFT,102.55,19,ASK
2077,2018-12-17 14:35:52,MSFT,102.56,26,ASK
2078,2018-12-17 14:41:37,MSFT,102.51,15,BID
2079,2018-12-17 14:41:24,MSFT,102.5,27,BID
2080,2018-12-17 14:41:15,MSFT,102.49,67,BID
2081,2018-12-17 14:40:56,MSFT,102.48,46,BID
2082,2018-12-17 14:40:36,MSFT,102.47,30,BID
2083,2018-12-17 14:41:37,MSFT,102.52,17,ASK
2084,2018-12-17 14:41:34,MSFT,102.53,33,ASK
2085,2018-12-17 14:41:34,MSFT,102.54,24,ASK
2086,2018-12-17 14:35:52,MSFT,102.55,19,ASK
2087,2018-12-17 14:35:52,MSFT,102.56,26,ASK
2088,2018-12-17 14:41:37,MSFT,102.51,15,BID
2089,2018-12-17 14:41:24,MSFT,102.5,27,BID
2090,2018-12-17 14:41:15,MSFT,102.49,67,BID
2091,2018-12-17 14:40:56,MSFT,102.48,46,BID
2092,2018-12-17 14:40:36,MSFT,102.47,30,BID
2093,2018-12-17 14:41:37,MSFT,102.52,21,ASK
2094,2018-12-17 14:41:34,MSFT,102.53,33,ASK
2095,2018-12-17 14:41:34,MSFT,102.54,24,ASK
2096,2018-12-17 14:35:52,MSFT,102.55,19,ASK
2097,2018-12-17 14:35:52,MSFT,102.56,26,ASK
2098,2018-12-17 14:41:38,MSFT,102.49,12,BID
2099,2018-12-17 14:40:56,MSFT,102.48,46,BID
2100,2018-12-17 14:40:36,MSFT,102.47,30,BID
2101,2018-12-17 14:40:34,MSFT,102.46,35,BID
2102,2018-12-17 14:40:34,MSFT,102.45,11,BID
2103,2018-12-17 14:41:38,MSFT,102.5,18,ASK
2104,2018-12-17 14:41:38,MSFT,102.51,28,ASK
2105,2018-12-17 14:41:37,MSFT,102.52,52,ASK
2106,2018-12-17 14:41:34,MSFT,102.53,33,ASK
2107,2018-12-17 14:41:34,MSFT,102.54,24,ASK
2108,2018-12-17 14:41:39,MSFT,102.5,6,BID
2109,2018-12-17 14:41:38,MSFT,102.49,35,BID
2110,2018-12-17 14:40:56,MSFT,102.48,46,BID
2111,2018-12-17 14:40:36,MSFT,102.47,30,BID
2112,2018-12-17 14:40:34,MSFT,102.46,35,BID
2113,2018-12-17 14:41:40,MSFT,102.51,19,ASK
2114,2018-12-17 14:41:37,MSFT,102.52,52,ASK
2115,2018-12-17 14:41:34,MSFT,102.53,33,ASK
2116,2018-12-17 14:41:34,MSFT,102.54,24,ASK
2117,2018-12-17 14:35:52,MSFT,102.55,19,ASK
2118,2018-12-17 14:41:41,MSFT,102.52,24,BID
2119,2018-12-17 14:41:41,MSFT,102.51,28,BID
2120,2018-12-17 14:41:40,MSFT,102.5,7,BID
2121,2018-12-17 14:41:38,MSFT,102.49,35,BID
2122,2018-12-17 14:40:56,MSFT,102.48,46,BID
2123,2018-12-17 14:41:41,MSFT,102.53,25,ASK
2124,2018-12-17 14:41:34,MSFT,102.54,24,ASK
2125,2018-12-17 14:35:52,MSFT,102.55,19,ASK
2126,2018-12-17 14:35:52,MSFT,102.56,26,ASK
2127,2018-12-17 14:35:49,MSFT,102.57,59,ASK
2128,2018-12-17 14:41:41,MSFT,102.54,1,BID
2129,2018-12-17 14:41:41,MSFT,102.53,14,BID
2130,2018-12-17 14:41:41,MSFT,102.52,29,BID
2131,2018-12-17 14:41:41,MSFT,102.51,28,BID
2132,2018-12-17 14:41:40,MSFT,102.5,7,BID
2133,2018-12-17 14:41:41,MSFT,102.54,9,ASK
2134,2018-12-17 14:41:41,MSFT,102.55,28,ASK
2135,2018-12-17 14:35:52,MSFT,102.56,26,ASK
2136,2018-12-17 14:35:49,MSFT,102.57,59,ASK
2137,2018-12-17 14:35:36,MSFT,102.58,28,ASK
2138,2018-12-17 14:41:42,MSFT,102.54,19,BID
2139,2018-12-17 14:41:41,MSFT,102.53,14,BID
2140,2018-12-17 14:41:41,MSFT,102.52,29,BID
2141,2018-12-17 14:41:41,MSFT,102.51,28,BID
2142,2018-12-17 14:41:40,MSFT,102.5,7,BID
2143,2018-12-17 14:41:42,MSFT,102.55,18,ASK
2144,2018-12-17 14:35:52,MSFT,102.56,26,ASK
2145,2018-12-17 14:35:49,MSFT,102.57,59,ASK
2146,2018-12-17 14:35:36,MSFT,102.58,28,ASK
2147,2018-12-17 14:35:35,MSFT,102.59,49,ASK
2148,2018-12-17 14:41:42,MSFT,102.54,9,BID
2149,2018-12-17 14:41:41,MSFT,102.53,14,BID
2150,2018-12-17 14:41:41,MSFT,102.52,29,BID
2151,2018-12-17 14:41:41,MSFT,102.51,28,BID
2152,2018-12-17 14:41:40,MSFT,102.5,7,BID
2153,2018-12-17 14:41:44,MSFT,102.55,31,ASK
2154,2018-12-17 14:41:43,MSFT,102.56,39,ASK
2155,2018-12-17 14:35:49,MSFT,102.57,59,ASK
2156,2018-12-17 14:35:36,MSFT,102.58,28,ASK
2157,2018-12-17 14:35:35,MSFT,102.59,49,ASK
2158,2018-12-17 14:41:45,MSFT,102.57,3,BID
2159,2018-12-17 14:41:45,MSFT,102.56,22,BID
2160,2018-12-17 14:41:44,MSFT,102.55,34,BID
2161,2018-12-17 14:41:44,MSFT,102.54,19,BID
2162,2018-12-17 14:41:41,MSFT,102.53,25,BID
2163,2018-12-17 14:41:45,MSFT,102.58,37,ASK
2164,2018-12-17 14:35:35,MSFT,102.59,49,ASK
2165,2018-12-17 14:35:35,MSFT,102.6,39,ASK
2166,2018-12-17 14:35:03,MSFT,102.61,37,ASK
2167,2018-12-17 14:35:03,MSFT,102.62,35,ASK
2168,2018-12-17 14:41:46,MSFT,102.59,8,BID
2169,2018-12-17 14:41:45,MSFT,102.58,13,BID
2170,2018-12-17 14:41:45,MSFT,102.57,32,BID
2171,2018-12-17 14:41:45,MSFT,102.56,22,BID
2172,2018-12-17 14:41:44,MSFT,102.55,34,BID
2173,2018-12-17 14:41:45,MSFT,102.6,29,ASK
2174,2018-12-17 14:35:03,MSFT,102.61,37,ASK
2175,2018-12-17 14:35:03,MSFT,102.62,35,ASK
2176,2018-12-17 14:35:02,MSFT,102.63,24,ASK
2177,2018-12-17 14:26:52,MSFT,102.64,39,ASK
2178,2018-12-17 14:41:47,MSFT,102.6,22,BID
2179,2018-12-17 14:41:46,MSFT,102.59,33,BID
2180,2018-12-17 14:41:45,MSFT,102.58,13,BID
2181,2018-12-17 14:41:45,MSFT,102.57,32,BID
2182,2018-12-17 14:41:45,MSFT,102.56,22,BID
2183,2018-12-17 14:41:47,MSFT,102.61,19,ASK
2184,2018-12-17 14:35:03,MSFT,102.62,35,ASK
2185,2018-12-17 14:35:02,MSFT,102.63,24,ASK
2186,2018-12-17 14:26:52,MSFT,102.64,39,ASK
2187,2018-12-17 14:24:49,MSFT,102.65,23,ASK
2188,2018-12-17 14:41:47,MSFT,102.59,21,BID
2189,2018-12-17 14:41:45,MSFT,102.58,13,BID
2190,2018-12-17 14:41:45,MSFT,102.57,32,BID
2191,2018-12-17 14:41:45,MSFT,102.56,22,BID
2192,2018-12-17 14:41:45,MSFT,102.55,34,BID
2193,2018-12-17 14:41:48,MSFT,102.61,19,ASK
2194,2018-12-17 14:35:03,MSFT,102.62,35,ASK
2195,2018-12-17 14:35:02,MSFT,102.63,24,ASK
2196,2018-12-17 14:26:52,MSFT,102.64,39,ASK
2197,2018-12-17 14:24:49,MSFT,102.65,23,ASK
2198,2018-12-17 14:41:49,MSFT,102.61,6,BID
2199,2018-12-17 14:41:48,MSFT,102.6,8,BID
2200,2018-12-17 14:41:47,MSFT,102.59,23,BID
2201,2018-12-17 14:41:45,MSFT,102.58,13,BID
2202,2018-12-17 14:41:45,MSFT,102.57,32,BID
2203,2018-12-17 14:41:49,MSFT,102.62,27,ASK
2204,2018-12-17 14:35:02,MSFT,102.63,24,ASK
2205,2018-12-17 14:26:52,MSFT,102.64,39,ASK
2206,2018-12-17 14:24:49,MSFT,102.65,23,ASK
2207,2018-12-17 14:24:45,MSFT,102.66,27,ASK
2208,2018-12-17 14:41:50,MSFT,102.61,14,BID
2209,2018-12-17 14:41:48,MSFT,102.6,8,BID
2210,2018-12-17 14:41:47,MSFT,102.59,23,BID
2211,2018-12-17 14:41:45,MSFT,102.58,13,BID
2212,2018-12-17 14:41:45,MSFT,102.57,32,BID
2213,2018-12-17 14:41:50,MSFT,102.62,17,ASK
2214,2018-12-17 14:35:02,MSFT,102.63,24,ASK
2215,2018-12-17 14:26:52,MSFT,102.64,39,ASK
2216,2018-12-17 14:24:49,MSFT,102.65,23,ASK
2217,2018-12-17 14:24:45,MSFT,102.66,27,ASK
2218,2018-12-17 14:41:51,MSFT,102.62,11,BID
2219,2018-12-17 14:41:50,MSFT,102.61,14,BID
2220,2018-12-17 14:41:48,MSFT,102.6,8,BID
2221,2018-12-17 14:41:47,MSFT,102.59,23,BID
2222,2018-12-17 14:41:45,MSFT,102.58,13,BID
2223,2018-12-17 14:41:50,MSFT,102.63,22,ASK
2224,2018-12-17 14:26:52,MSFT,102.64,39,ASK
2225,2018-12-17 14:24:49,MSFT,102.65,23,ASK
2226,2018-12-17 14:24:45,MSFT,102.66,27,ASK
2227,2018-12-17 14:24:38,MSFT,102.67,30,ASK
2228,2018-12-17 14:41:52,MSFT,102.61,15,BID
2229,2018-12-17 14:41:48,MSFT,102.6,8,BID
2230,2018-12-17 14:41:47,MSFT,102.59,23,BID
2231,2018-12-17 14:41:45,MSFT,102.58,13,BID
2232,2018-12-17 14:41:45,MSFT,102.57,32,BID
2233,2018-12-17 14:41:52,MSFT,102.62,17,ASK
2234,2018-12-17 14:41:51,MSFT,102.63,37,ASK
2235,2018-12-17 14:26:52,MSFT,102.64,39,ASK
2236,2018-12-17 14:24:49,MSFT,102.65,23,ASK
2237,2018-12-17 14:24:45,MSFT,102.66,27,ASK
2238,2018-12-17 14:41:52,MSFT,102.61,14,BID
2239,2018-12-17 14:41:48,MSFT,102.6,8,BID
2240,2018-12-17 14:41:47,MSFT,102.59,23,BID
2241,2018-12-17 14:41:45,MSFT,102.58,13,BID
2242,2018-12-17 14:41:45,MSFT,102.57,32,BID
2243,2018-12-17 14:41:52,MSFT,102.62,14,ASK
2244,2018-12-17 14:41:51,MSFT,102.63,37,ASK
2245,2018-12-17 14:26:52,MSFT,102.64,39,ASK
2246,2018-12-17 14:24:49,MSFT,102.65,23,ASK
2247,2018-12-17 14:24:45,MSFT,102.66,27,ASK
2248,2018-12-17 14:41:54,MSFT,102.59,26,BID
2249,2018-12-17 14:41:45,MSFT,102.58,13,BID
2250,2018-12-17 14:41:45,MSFT,102.57,32,BID
2251,2018-12-17 14:41:45,MSFT,102.56,22,BID
2252,2018-12-17 14:41:45,MSFT,102.55,34,BID
2253,2018-12-17 14:41:54,MSFT,102.6,16,ASK
2254,2018-12-17 14:41:53,MSFT,102.61,56,ASK
2255,2018-12-17 14:41:52,MSFT,102.62,17,ASK
2256,2018-12-17 14:41:51,MSFT,102.63,37,ASK
2257,2018-12-17 14:26:52,MSFT,102.64,39,ASK
2258,2018-12-17 14:41:54,MSFT,102.59,23,BID
2259,2018-12-17 14:41:45,MSFT,102.58,13,BID
2260,2018-12-17 14:41:45,MSFT,102.57,32,BID
2261,2018-12-17 14:41:45,MSFT,102.56,22,BID
2262,2018-12-17 14:41:45,MSFT,102.55,34,BID
2263,2018-12-17 14:41:55,MSFT,102.6,18,ASK
2264,2018-12-17 14:41:53,MSFT,102.61,56,ASK
2265,2018-12-17 14:41:52,MSFT,102.62,17,ASK
2266,2018-12-17 14:41:51,MSFT,102.63,37,ASK
2267,2018-12-17 14:26:52,MSFT,102.64,39,ASK
2268,2018-12-17 14:41:56,MSFT,102.57,15,BID
2269,2018-12-17 14:41:56,MSFT,102.56,27,BID
2270,2018-12-17 14:41:45,MSFT,102.55,34,BID
2271,2018-12-17 14:41:44,MSFT,102.54,19,BID
2272,2018-12-17 14:41:44,MSFT,102.53,25,BID
2273,2018-12-17 14:41:56,MSFT,102.58,10,ASK
2274,2018-12-17 14:41:56,MSFT,102.59,20,ASK
2275,2018-12-17 14:41:55,MSFT,102.6,32,ASK
2276,2018-12-17 14:41:53,MSFT,102.61,56,ASK
2277,2018-12-17 14:41:52,MSFT,102.62,17,ASK
2278,2018-12-17 14:41:56,MSFT,102.56,29,BID
2279,2018-12-17 14:41:56,MSFT,102.55,18,BID
2280,2018-12-17 14:41:44,MSFT,102.54,19,BID
2281,2018-12-17 14:41:44,MSFT,102.53,25,BID
2282,2018-12-17 14:41:41,MSFT,102.52,29,BID
2283,2018-12-17 14:41:56,MSFT,102.58,25,ASK
2284,2018-12-17 14:41:56,MSFT,102.59,29,ASK
2285,2018-12-17 14:41:55,MSFT,102.6,32,ASK
2286,2018-12-17 14:41:53,MSFT,102.61,56,ASK
2287,2018-12-17 14:41:52,MSFT,102.62,17,ASK
2288,2018-12-17 14:41:58,MSFT,102.53,18,BID
2289,2018-12-17 14:41:57,MSFT,102.52,33,BID
2290,2018-12-17 14:41:41,MSFT,102.51,28,BID
2291,2018-12-17 14:41:40,MSFT,102.5,7,BID
2292,2018-12-17 14:41:39,MSFT,102.49,35,BID
2293,2018-12-17 14:41:58,MSFT,102.54,4,ASK
2294,2018-12-17 14:41:57,MSFT,102.55,23,ASK
2295,2018-12-17 14:41:57,MSFT,102.56,16,ASK
2296,2018-12-17 14:41:57,MSFT,102.57,15,ASK
2297,2018-12-17 14:41:56,MSFT,102.58,25,ASK
2298,2018-12-17 14:41:58,MSFT,102.53,18,BID
2299,2018-12-17 14:41:57,MSFT,102.52,33,BID
2300,2018-12-17 14:41:41,MSFT,102.51,28,BID
2301,2018-12-17 14:41:40,MSFT,102.5,7,BID
2302,2018-12-17 14:41:39,MSFT,102.49,35,BID
2303,2018-12-17 14:41:59,MSFT,102.54,14,ASK
2304,2018-12-17 14:41:57,MSFT,102.55,23,ASK
