,timestamp,ticker,price,volume,bid_ask
0,2018-12-17 14:38:07,WMT,90.75,9,BID
1,2018-12-17 14:37:55,WMT,90.74,12,BID
2,2018-12-17 14:37:54,WMT,90.73,20,BID
3,2018-12-17 14:37:51,WMT,90.72,13,BID
4,2018-12-17 14:20:30,WMT,90.71,15,BID
5,2018-12-17 14:38:07,WMT,90.76,14,ASK
6,2018-12-17 14:37:59,WMT,90.77,9,ASK
7,2018-12-17 14:37:32,WMT,90.78,19,ASK
8,2018-12-17 14:37:28,WMT,90.79,7,ASK
9,2018-12-17 14:37:20,WMT,90.8,18,ASK
10,2018-12-17 14:38:07,WMT,90.74,13,BID
11,2018-12-17 14:37:54,WMT,90.73,20,BID
12,2018-12-17 14:37:51,WMT,90.72,13,BID
13,2018-12-17 14:20:30,WMT,90.71,15,BID
14,2018-12-17 14:16:22,WMT,90.7,7,BID
15,2018-12-17 14:38:08,WMT,90.76,14,ASK
16,2018-12-17 14:37:59,WMT,90.77,9,ASK
17,2018-12-17 14:37:32,WMT,90.78,19,ASK
18,2018-12-17 14:37:28,WMT,90.79,7,ASK
19,2018-12-17 14:37:20,WMT,90.8,18,ASK
20,2018-12-17 14:38:09,WMT,90.74,7,BID
21,2018-12-17 14:37:54,WMT,90.73,20,BID
22,2018-12-17 14:37:51,WMT,90.72,13,BID
23,2018-12-17 14:20:30,WMT,90.71,15,BID
24,2018-12-17 14:16:22,WMT,90.7,7,BID
25,2018-12-17 14:38:09,WMT,90.75,7,ASK
26,2018-12-17 14:38:08,WMT,90.76,14,ASK
27,2018-12-17 14:37:59,WMT,90.77,9,ASK
28,2018-12-17 14:37:32,WMT,90.78,19,ASK
29,2018-12-17 14:37:28,WMT,90.79,7,ASK
30,2018-12-17 14:38:09,WMT,90.73,13,BID
31,2018-12-17 14:37:51,WMT,90.72,13,BID
32,2018-12-17 14:20:30,WMT,90.71,15,BID
33,2018-12-17 14:16:22,WMT,90.7,7,BID
34,2018-12-17 14:16:22,WMT,90.69,6,BID
35,2018-12-17 14:38:09,WMT,90.74,8,ASK
36,2018-12-17 14:38:09,WMT,90.75,8,ASK
37,2018-12-17 14:38:08,WMT,90.76,14,ASK
38,2018-12-17 14:37:59,WMT,90.77,9,ASK
39,2018-12-17 14:37:32,WMT,90.78,19,ASK
40,2018-12-17 14:38:10,WMT,90.73,12,BID
41,2018-12-17 14:37:51,WMT,90.72,13,BID
42,2018-12-17 14:20:30,WMT,90.71,15,BID
43,2018-12-17 14:16:22,WMT,90.7,7,BID
44,2018-12-17 14:16:22,WMT,90.69,6,BID
45,2018-12-17 14:38:09,WMT,90.74,10,ASK
46,2018-12-17 14:38:09,WMT,90.75,8,ASK
47,2018-12-17 14:38:08,WMT,90.76,14,ASK
48,2018-12-17 14:37:59,WMT,90.77,9,ASK
49,2018-12-17 14:37:32,WMT,90.78,19,ASK
50,2018-12-17 14:38:11,WMT,90.74,13,BID
51,2018-12-17 14:38:10,WMT,90.73,12,BID
52,2018-12-17 14:37:51,WMT,90.72,13,BID
53,2018-12-17 14:20:30,WMT,90.71,15,BID
54,2018-12-17 14:16:22,WMT,90.7,7,BID
55,2018-12-17 14:38:11,WMT,90.75,5,ASK
56,2018-12-17 14:38:08,WMT,90.76,14,ASK
57,2018-12-17 14:37:59,WMT,90.77,9,ASK
58,2018-12-17 14:37:32,WMT,90.78,19,ASK
59,2018-12-17 14:37:28,WMT,90.79,7,ASK
60,2018-12-17 14:38:12,WMT,90.75,16,BID
61,2018-12-17 14:38:11,WMT,90.74,13,BID
62,2018-12-17 14:38:10,WMT,90.73,12,BID
63,2018-12-17 14:37:51,WMT,90.72,13,BID
64,2018-12-17 14:20:30,WMT,90.71,15,BID
65,2018-12-17 14:38:12,WMT,90.76,7,ASK
66,2018-12-17 14:37:59,WMT,90.77,9,ASK
67,2018-12-17 14:37:32,WMT,90.78,19,ASK
68,2018-12-17 14:37:28,WMT,90.79,7,ASK
69,2018-12-17 14:37:20,WMT,90.8,18,ASK
70,2018-12-17 14:38:12,WMT,90.75,16,BID
71,2018-12-17 14:38:11,WMT,90.74,13,BID
72,2018-12-17 14:38:10,WMT,90.73,12,BID
73,2018-12-17 14:37:51,WMT,90.72,13,BID
74,2018-12-17 14:20:30,WMT,90.71,15,BID
75,2018-12-17 14:38:12,WMT,90.76,7,ASK
76,2018-12-17 14:37:59,WMT,90.77,9,ASK
77,2018-12-17 14:37:32,WMT,90.78,19,ASK
78,2018-12-17 14:37:28,WMT,90.79,7,ASK
79,2018-12-17 14:37:20,WMT,90.8,18,ASK
80,2018-12-17 14:38:11,WMT,90.74,10,BID
81,2018-12-17 14:38:10,WMT,90.73,12,BID
82,2018-12-17 14:37:51,WMT,90.72,13,BID
83,2018-12-17 14:20:30,WMT,90.71,15,BID
84,2018-12-17 14:16:22,WMT,90.7,7,BID
85,2018-12-17 14:38:15,WMT,90.75,2,ASK
86,2018-12-17 14:38:14,WMT,90.76,12,ASK
87,2018-12-17 14:37:59,WMT,90.77,9,ASK
88,2018-12-17 14:37:32,WMT,90.78,19,ASK
89,2018-12-17 14:37:28,WMT,90.79,7,ASK
90,2018-12-17 14:38:16,WMT,90.75,3,BID
91,2018-12-17 14:38:15,WMT,90.74,16,BID
92,2018-12-17 14:38:10,WMT,90.73,12,BID
93,2018-12-17 14:37:51,WMT,90.72,13,BID
94,2018-12-17 14:20:30,WMT,90.71,15,BID
95,2018-12-17 14:38:16,WMT,90.76,9,ASK
96,2018-12-17 14:37:59,WMT,90.77,9,ASK
97,2018-12-17 14:37:32,WMT,90.78,19,ASK
98,2018-12-17 14:37:28,WMT,90.79,7,ASK
99,2018-12-17 14:37:20,WMT,90.8,18,ASK
100,2018-12-17 14:38:16,WMT,90.75,5,BID
101,2018-12-17 14:38:15,WMT,90.74,16,BID
102,2018-12-17 14:38:10,WMT,90.73,12,BID
103,2018-12-17 14:37:51,WMT,90.72,13,BID
104,2018-12-17 14:20:30,WMT,90.71,15,BID
105,2018-12-17 14:38:16,WMT,90.76,9,ASK
106,2018-12-17 14:37:59,WMT,90.77,9,ASK
107,2018-12-17 14:37:32,WMT,90.78,19,ASK
108,2018-12-17 14:37:28,WMT,90.79,7,ASK
109,2018-12-17 14:37:20,WMT,90.8,18,ASK
110,2018-12-17 14:38:16,WMT,90.75,5,BID
111,2018-12-17 14:38:15,WMT,90.74,16,BID
112,2018-12-17 14:38:10,WMT,90.73,12,BID
113,2018-12-17 14:37:51,WMT,90.72,13,BID
114,2018-12-17 14:20:30,WMT,90.71,15,BID
115,2018-12-17 14:38:16,WMT,90.76,9,ASK
116,2018-12-17 14:37:59,WMT,90.77,9,ASK
117,2018-12-17 14:37:32,WMT,90.78,19,ASK
118,2018-12-17 14:37:28,WMT,90.79,7,ASK
119,2018-12-17 14:37:20,WMT,90.8,18,ASK
120,2018-12-17 14:38:18,WMT,90.75,10,BID
121,2018-12-17 14:38:18,WMT,90.74,9,BID
122,2018-12-17 14:38:10,WMT,90.73,12,BID
123,2018-12-17 14:37:51,WMT,90.72,13,BID
124,2018-12-17 14:20:30,WMT,90.71,15,BID
125,2018-12-17 14:38:18,WMT,90.76,10,ASK
126,2018-12-17 14:37:59,WMT,90.77,9,ASK
127,2018-12-17 14:37:32,WMT,90.78,19,ASK
128,2018-12-17 14:37:28,WMT,90.79,7,ASK
129,2018-12-17 14:37:20,WMT,90.8,18,ASK
130,2018-12-17 14:38:10,WMT,90.73,14,BID
131,2018-12-17 14:37:51,WMT,90.72,13,BID
132,2018-12-17 14:20:30,WMT,90.71,15,BID
133,2018-12-17 14:16:22,WMT,90.7,7,BID
134,2018-12-17 14:16:22,WMT,90.69,6,BID
135,2018-12-17 14:38:19,WMT,90.74,3,ASK
136,2018-12-17 14:38:19,WMT,90.75,11,ASK
137,2018-12-17 14:38:19,WMT,90.76,10,ASK
138,2018-12-17 14:37:59,WMT,90.77,9,ASK
139,2018-12-17 14:37:32,WMT,90.78,19,ASK
140,2018-12-17 14:38:10,WMT,90.73,10,BID
141,2018-12-17 14:37:51,WMT,90.72,13,BID
142,2018-12-17 14:20:30,WMT,90.71,15,BID
143,2018-12-17 14:16:22,WMT,90.7,7,BID
144,2018-12-17 14:16:22,WMT,90.69,6,BID
145,2018-12-17 14:38:19,WMT,90.74,10,ASK
146,2018-12-17 14:38:19,WMT,90.75,11,ASK
147,2018-12-17 14:38:19,WMT,90.76,10,ASK
148,2018-12-17 14:37:59,WMT,90.77,9,ASK
149,2018-12-17 14:37:32,WMT,90.78,19,ASK
150,2018-12-17 14:38:10,WMT,90.73,11,BID
151,2018-12-17 14:37:51,WMT,90.72,13,BID
152,2018-12-17 14:20:30,WMT,90.71,15,BID
153,2018-12-17 14:16:22,WMT,90.7,7,BID
154,2018-12-17 14:16:22,WMT,90.69,6,BID
155,2018-12-17 14:38:19,WMT,90.74,10,ASK
156,2018-12-17 14:38:19,WMT,90.75,11,ASK
157,2018-12-17 14:38:19,WMT,90.76,10,ASK
158,2018-12-17 14:37:59,WMT,90.77,9,ASK
159,2018-12-17 14:37:32,WMT,90.78,19,ASK
160,2018-12-17 14:38:23,WMT,90.74,3,BID
161,2018-12-17 14:38:10,WMT,90.73,17,BID
162,2018-12-17 14:37:51,WMT,90.72,13,BID
163,2018-12-17 14:20:30,WMT,90.71,15,BID
164,2018-12-17 14:16:22,WMT,90.7,7,BID
165,2018-12-17 14:38:23,WMT,90.75,5,ASK
166,2018-12-17 14:38:23,WMT,90.76,12,ASK
167,2018-12-17 14:37:59,WMT,90.77,9,ASK
168,2018-12-17 14:37:32,WMT,90.78,19,ASK
169,2018-12-17 14:37:28,WMT,90.79,7,ASK
170,2018-12-17 14:38:23,WMT,90.74,3,BID
171,2018-12-17 14:38:10,WMT,90.73,17,BID
172,2018-12-17 14:37:51,WMT,90.72,13,BID
173,2018-12-17 14:20:30,WMT,90.71,15,BID
174,2018-12-17 14:16:22,WMT,90.7,7,BID
175,2018-12-17 14:38:23,WMT,90.75,5,ASK
176,2018-12-17 14:38:23,WMT,90.76,12,ASK
177,2018-12-17 14:37:59,WMT,90.77,9,ASK
178,2018-12-17 14:37:32,WMT,90.78,19,ASK
179,2018-12-17 14:37:28,WMT,90.79,7,ASK
180,2018-12-17 14:38:23,WMT,90.74,3,BID
181,2018-12-17 14:38:10,WMT,90.73,17,BID
182,2018-12-17 14:37:51,WMT,90.72,13,BID
183,2018-12-17 14:20:30,WMT,90.71,15,BID
184,2018-12-17 14:16:22,WMT,90.7,7,BID
185,2018-12-17 14:38:23,WMT,90.75,5,ASK
186,2018-12-17 14:38:23,WMT,90.76,12,ASK
187,2018-12-17 14:37:59,WMT,90.77,9,ASK
188,2018-12-17 14:37:32,WMT,90.78,19,ASK
189,2018-12-17 14:37:28,WMT,90.79,7,ASK
190,2018-12-17 14:38:26,WMT,90.73,14,BID
191,2018-12-17 14:37:51,WMT,90.72,13,BID
192,2018-12-17 14:20:30,WMT,90.71,15,BID
193,2018-12-17 14:16:22,WMT,90.7,7,BID
194,2018-12-17 14:16:22,WMT,90.69,6,BID
195,2018-12-17 14:38:26,WMT,90.74,13,ASK
196,2018-12-17 14:38:23,WMT,90.75,5,ASK
197,2018-12-17 14:38:23,WMT,90.76,12,ASK
198,2018-12-17 14:37:59,WMT,90.77,9,ASK
199,2018-12-17 14:37:32,WMT,90.78,19,ASK
200,2018-12-17 14:38:26,WMT,90.73,14,BID
201,2018-12-17 14:37:51,WMT,90.72,13,BID
202,2018-12-17 14:20:30,WMT,90.71,15,BID
203,2018-12-17 14:16:22,WMT,90.7,7,BID
204,2018-12-17 14:16:22,WMT,90.69,6,BID
205,2018-12-17 14:38:26,WMT,90.74,13,ASK
206,2018-12-17 14:38:23,WMT,90.75,5,ASK
207,2018-12-17 14:38:23,WMT,90.76,12,ASK
208,2018-12-17 14:37:59,WMT,90.77,9,ASK
209,2018-12-17 14:37:32,WMT,90.78,19,ASK
210,2018-12-17 14:38:26,WMT,90.73,14,BID
211,2018-12-17 14:37:51,WMT,90.72,13,BID
212,2018-12-17 14:20:30,WMT,90.71,15,BID
213,2018-12-17 14:16:22,WMT,90.7,7,BID
214,2018-12-17 14:16:22,WMT,90.69,6,BID
215,2018-12-17 14:38:26,WMT,90.74,13,ASK
216,2018-12-17 14:38:23,WMT,90.75,5,ASK
217,2018-12-17 14:38:23,WMT,90.76,12,ASK
218,2018-12-17 14:37:59,WMT,90.77,9,ASK
219,2018-12-17 14:37:32,WMT,90.78,19,ASK
220,2018-12-17 14:38:28,WMT,90.73,14,BID
221,2018-12-17 14:37:51,WMT,90.72,13,BID
222,2018-12-17 14:20:30,WMT,90.71,15,BID
223,2018-12-17 14:16:22,WMT,90.7,7,BID
224,2018-12-17 14:16:22,WMT,90.69,6,BID
225,2018-12-17 14:38:28,WMT,90.74,14,ASK
226,2018-12-17 14:38:23,WMT,90.75,5,ASK
227,2018-12-17 14:38:23,WMT,90.76,12,ASK
228,2018-12-17 14:37:59,WMT,90.77,9,ASK
229,2018-12-17 14:37:32,WMT,90.78,19,ASK
230,2018-12-17 14:38:30,WMT,90.73,12,BID
231,2018-12-17 14:37:51,WMT,90.72,13,BID
232,2018-12-17 14:20:30,WMT,90.71,15,BID
233,2018-12-17 14:16:22,WMT,90.7,7,BID
234,2018-12-17 14:16:22,WMT,90.69,6,BID
235,2018-12-17 14:38:30,WMT,90.74,13,ASK
236,2018-12-17 14:38:23,WMT,90.75,5,ASK
237,2018-12-17 14:38:23,WMT,90.76,12,ASK
238,2018-12-17 14:37:59,WMT,90.77,9,ASK
239,2018-12-17 14:37:32,WMT,90.78,19,ASK
240,2018-12-17 14:38:31,WMT,90.71,16,BID
241,2018-12-17 14:16:22,WMT,90.7,7,BID
242,2018-12-17 14:16:22,WMT,90.69,6,BID
243,2018-12-17 14:16:20,WMT,90.68,11,BID
244,2018-12-17 14:16:18,WMT,90.67,18,BID
245,2018-12-17 14:38:31,WMT,90.73,13,ASK
246,2018-12-17 14:38:30,WMT,90.74,16,ASK
247,2018-12-17 14:38:23,WMT,90.75,5,ASK
248,2018-12-17 14:38:23,WMT,90.76,12,ASK
249,2018-12-17 14:37:59,WMT,90.77,9,ASK
250,2018-12-17 14:38:32,WMT,90.71,16,BID
251,2018-12-17 14:16:22,WMT,90.7,7,BID
252,2018-12-17 14:16:22,WMT,90.69,6,BID
253,2018-12-17 14:16:20,WMT,90.68,11,BID
254,2018-12-17 14:16:18,WMT,90.67,18,BID
255,2018-12-17 14:38:32,WMT,90.72,12,ASK
256,2018-12-17 14:38:32,WMT,90.73,10,ASK
257,2018-12-17 14:38:30,WMT,90.74,16,ASK
258,2018-12-17 14:38:23,WMT,90.75,5,ASK
259,2018-12-17 14:38:23,WMT,90.76,12,ASK
260,2018-12-17 14:38:33,WMT,90.72,4,BID
261,2018-12-17 14:38:33,WMT,90.71,14,BID
262,2018-12-17 14:16:22,WMT,90.7,7,BID
263,2018-12-17 14:16:22,WMT,90.69,6,BID
264,2018-12-17 14:16:20,WMT,90.68,11,BID
265,2018-12-17 14:38:33,WMT,90.73,10,ASK
266,2018-12-17 14:38:30,WMT,90.74,16,ASK
267,2018-12-17 14:38:23,WMT,90.75,5,ASK
268,2018-12-17 14:38:23,WMT,90.76,12,ASK
269,2018-12-17 14:37:59,WMT,90.77,9,ASK
270,2018-12-17 14:38:33,WMT,90.72,6,BID
271,2018-12-17 14:38:33,WMT,90.71,14,BID
272,2018-12-17 14:16:22,WMT,90.7,7,BID
273,2018-12-17 14:16:22,WMT,90.69,6,BID
274,2018-12-17 14:16:20,WMT,90.68,11,BID
275,2018-12-17 14:38:33,WMT,90.73,8,ASK
276,2018-12-17 14:38:30,WMT,90.74,16,ASK
277,2018-12-17 14:38:23,WMT,90.75,5,ASK
278,2018-12-17 14:38:23,WMT,90.76,12,ASK
279,2018-12-17 14:37:59,WMT,90.77,9,ASK
280,2018-12-17 14:38:34,WMT,90.72,6,BID
281,2018-12-17 14:38:33,WMT,90.71,14,BID
282,2018-12-17 14:16:22,WMT,90.7,7,BID
283,2018-12-17 14:16:22,WMT,90.69,6,BID
284,2018-12-17 14:16:20,WMT,90.68,11,BID
285,2018-12-17 14:38:34,WMT,90.73,8,ASK
286,2018-12-17 14:38:30,WMT,90.74,16,ASK
287,2018-12-17 14:38:23,WMT,90.75,5,ASK
288,2018-12-17 14:38:23,WMT,90.76,12,ASK
289,2018-12-17 14:37:59,WMT,90.77,9,ASK
290,2018-12-17 14:38:36,WMT,90.72,5,BID
291,2018-12-17 14:38:33,WMT,90.71,14,BID
292,2018-12-17 14:16:22,WMT,90.7,7,BID
293,2018-12-17 14:16:22,WMT,90.69,6,BID
294,2018-12-17 14:16:20,WMT,90.68,11,BID
295,2018-12-17 14:38:35,WMT,90.73,11,ASK
296,2018-12-17 14:38:35,WMT,90.74,11,ASK
297,2018-12-17 14:38:23,WMT,90.75,5,ASK
298,2018-12-17 14:38:23,WMT,90.76,12,ASK
299,2018-12-17 14:37:59,WMT,90.77,9,ASK
300,2018-12-17 14:38:37,WMT,90.72,3,BID
301,2018-12-17 14:38:37,WMT,90.71,16,BID
302,2018-12-17 14:16:22,WMT,90.7,7,BID
303,2018-12-17 14:16:22,WMT,90.69,6,BID
304,2018-12-17 14:16:20,WMT,90.68,11,BID
305,2018-12-17 14:38:37,WMT,90.73,9,ASK
306,2018-12-17 14:38:35,WMT,90.74,11,ASK
307,2018-12-17 14:38:23,WMT,90.75,5,ASK
308,2018-12-17 14:38:23,WMT,90.76,12,ASK
309,2018-12-17 14:37:59,WMT,90.77,9,ASK
310,2018-12-17 14:38:38,WMT,90.72,5,BID
311,2018-12-17 14:38:37,WMT,90.71,16,BID
312,2018-12-17 14:16:22,WMT,90.7,7,BID
313,2018-12-17 14:16:22,WMT,90.69,6,BID
314,2018-12-17 14:16:20,WMT,90.68,11,BID
315,2018-12-17 14:38:38,WMT,90.73,6,ASK
316,2018-12-17 14:38:35,WMT,90.74,11,ASK
317,2018-12-17 14:38:23,WMT,90.75,5,ASK
318,2018-12-17 14:38:23,WMT,90.76,12,ASK
319,2018-12-17 14:37:59,WMT,90.77,9,ASK
320,2018-12-17 14:38:38,WMT,90.73,6,BID
321,2018-12-17 14:38:38,WMT,90.72,7,BID
322,2018-12-17 14:38:37,WMT,90.71,16,BID
323,2018-12-17 14:16:22,WMT,90.7,7,BID
324,2018-12-17 14:16:22,WMT,90.69,6,BID
325,2018-12-17 14:38:38,WMT,90.74,10,ASK
326,2018-12-17 14:38:23,WMT,90.75,5,ASK
327,2018-12-17 14:38:23,WMT,90.76,12,ASK
328,2018-12-17 14:37:59,WMT,90.77,9,ASK
329,2018-12-17 14:37:32,WMT,90.78,19,ASK
330,2018-12-17 14:38:39,WMT,90.73,6,BID
331,2018-12-17 14:38:38,WMT,90.72,7,BID
332,2018-12-17 14:38:37,WMT,90.71,16,BID
333,2018-12-17 14:16:22,WMT,90.7,7,BID
334,2018-12-17 14:16:22,WMT,90.69,6,BID
335,2018-12-17 14:38:38,WMT,90.74,10,ASK
336,2018-12-17 14:38:23,WMT,90.75,5,ASK
337,2018-12-17 14:38:23,WMT,90.76,12,ASK
338,2018-12-17 14:37:59,WMT,90.77,9,ASK
339,2018-12-17 14:37:32,WMT,90.78,19,ASK
340,2018-12-17 14:38:41,WMT,90.74,7,BID
341,2018-12-17 14:38:41,WMT,90.73,14,BID
342,2018-12-17 14:38:38,WMT,90.72,7,BID
343,2018-12-17 14:38:37,WMT,90.71,16,BID
344,2018-12-17 14:16:22,WMT,90.7,7,BID
345,2018-12-17 14:38:41,WMT,90.75,4,ASK
346,2018-12-17 14:38:23,WMT,90.76,12,ASK
347,2018-12-17 14:37:59,WMT,90.77,9,ASK
348,2018-12-17 14:37:32,WMT,90.78,19,ASK
349,2018-12-17 14:37:28,WMT,90.79,7,ASK
350,2018-12-17 14:38:41,WMT,90.74,8,BID
351,2018-12-17 14:38:41,WMT,90.73,14,BID
352,2018-12-17 14:38:38,WMT,90.72,7,BID
353,2018-12-17 14:38:37,WMT,90.71,16,BID
354,2018-12-17 14:16:22,WMT,90.7,7,BID
355,2018-12-17 14:38:41,WMT,90.75,5,ASK
356,2018-12-17 14:38:23,WMT,90.76,12,ASK
357,2018-12-17 14:37:59,WMT,90.77,9,ASK
358,2018-12-17 14:37:32,WMT,90.78,19,ASK
359,2018-12-17 14:37:28,WMT,90.79,7,ASK
360,2018-12-17 14:38:43,WMT,90.75,13,BID
361,2018-12-17 14:38:43,WMT,90.74,7,BID
362,2018-12-17 14:38:41,WMT,90.73,13,BID
363,2018-12-17 14:38:38,WMT,90.72,7,BID
364,2018-12-17 14:38:37,WMT,90.71,16,BID
365,2018-12-17 14:38:43,WMT,90.76,4,ASK
366,2018-12-17 14:37:59,WMT,90.77,11,ASK
367,2018-12-17 14:37:32,WMT,90.78,19,ASK
368,2018-12-17 14:37:28,WMT,90.79,7,ASK
369,2018-12-17 14:37:20,WMT,90.8,18,ASK
370,2018-12-17 14:38:44,WMT,90.74,13,BID
371,2018-12-17 14:38:41,WMT,90.73,13,BID
372,2018-12-17 14:38:38,WMT,90.72,7,BID
373,2018-12-17 14:38:37,WMT,90.71,16,BID
374,2018-12-17 14:16:22,WMT,90.7,7,BID
375,2018-12-17 14:38:44,WMT,90.75,8,ASK
376,2018-12-17 14:38:44,WMT,90.76,4,ASK
377,2018-12-17 14:37:59,WMT,90.77,8,ASK
378,2018-12-17 14:37:32,WMT,90.78,19,ASK
379,2018-12-17 14:37:28,WMT,90.79,7,ASK
380,2018-12-17 14:38:44,WMT,90.74,13,BID
381,2018-12-17 14:38:41,WMT,90.73,13,BID
382,2018-12-17 14:38:38,WMT,90.72,7,BID
383,2018-12-17 14:38:37,WMT,90.71,16,BID
384,2018-12-17 14:16:22,WMT,90.7,7,BID
385,2018-12-17 14:38:45,WMT,90.75,9,ASK
386,2018-12-17 14:38:44,WMT,90.76,4,ASK
387,2018-12-17 14:37:59,WMT,90.77,8,ASK
388,2018-12-17 14:37:32,WMT,90.78,19,ASK
389,2018-12-17 14:37:28,WMT,90.79,7,ASK
390,2018-12-17 14:38:46,WMT,90.74,13,BID
391,2018-12-17 14:38:42,WMT,90.73,13,BID
392,2018-12-17 14:38:38,WMT,90.72,7,BID
393,2018-12-17 14:38:37,WMT,90.71,16,BID
394,2018-12-17 14:16:22,WMT,90.7,7,BID
395,2018-12-17 14:38:46,WMT,90.75,7,ASK
396,2018-12-17 14:38:44,WMT,90.76,4,ASK
397,2018-12-17 14:37:59,WMT,90.77,8,ASK
398,2018-12-17 14:37:32,WMT,90.78,19,ASK
399,2018-12-17 14:37:28,WMT,90.79,7,ASK
400,2018-12-17 14:38:47,WMT,90.74,13,BID
401,2018-12-17 14:38:42,WMT,90.73,13,BID
402,2018-12-17 14:38:38,WMT,90.72,7,BID
403,2018-12-17 14:38:37,WMT,90.71,16,BID
404,2018-12-17 14:16:22,WMT,90.7,7,BID
405,2018-12-17 14:38:46,WMT,90.75,7,ASK
406,2018-12-17 14:38:44,WMT,90.76,4,ASK
407,2018-12-17 14:37:59,WMT,90.77,8,ASK
408,2018-12-17 14:37:32,WMT,90.78,19,ASK
409,2018-12-17 14:37:28,WMT,90.79,7,ASK
410,2018-12-17 14:38:48,WMT,90.74,13,BID
411,2018-12-17 14:38:42,WMT,90.73,13,BID
412,2018-12-17 14:38:38,WMT,90.72,7,BID
413,2018-12-17 14:38:37,WMT,90.71,16,BID
414,2018-12-17 14:16:22,WMT,90.7,7,BID
415,2018-12-17 14:38:46,WMT,90.75,7,ASK
416,2018-12-17 14:38:44,WMT,90.76,4,ASK
417,2018-12-17 14:37:59,WMT,90.77,8,ASK
418,2018-12-17 14:37:32,WMT,90.78,19,ASK
419,2018-12-17 14:37:28,WMT,90.79,7,ASK
420,2018-12-17 14:38:48,WMT,90.74,13,BID
421,2018-12-17 14:38:42,WMT,90.73,13,BID
422,2018-12-17 14:38:38,WMT,90.72,7,BID
423,2018-12-17 14:38:37,WMT,90.71,16,BID
424,2018-12-17 14:16:22,WMT,90.7,7,BID
425,2018-12-17 14:38:46,WMT,90.75,7,ASK
426,2018-12-17 14:38:44,WMT,90.76,4,ASK
427,2018-12-17 14:37:59,WMT,90.77,8,ASK
428,2018-12-17 14:37:32,WMT,90.78,19,ASK
429,2018-12-17 14:37:28,WMT,90.79,7,ASK
430,2018-12-17 14:38:50,WMT,90.74,11,BID
431,2018-12-17 14:38:42,WMT,90.73,13,BID
432,2018-12-17 14:38:38,WMT,90.72,7,BID
433,2018-12-17 14:38:37,WMT,90.71,16,BID
434,2018-12-17 14:16:22,WMT,90.7,7,BID
435,2018-12-17 14:38:46,WMT,90.75,7,ASK
436,2018-12-17 14:38:44,WMT,90.76,4,ASK
437,2018-12-17 14:37:59,WMT,90.77,8,ASK
438,2018-12-17 14:37:32,WMT,90.78,19,ASK
439,2018-12-17 14:37:28,WMT,90.79,7,ASK
440,2018-12-17 14:38:51,WMT,90.75,14,BID
441,2018-12-17 14:38:50,WMT,90.74,11,BID
442,2018-12-17 14:38:42,WMT,90.73,13,BID
443,2018-12-17 14:38:38,WMT,90.72,7,BID
444,2018-12-17 14:38:37,WMT,90.71,16,BID
445,2018-12-17 14:38:51,WMT,90.76,4,ASK
446,2018-12-17 14:37:59,WMT,90.77,8,ASK
447,2018-12-17 14:37:32,WMT,90.78,19,ASK
448,2018-12-17 14:37:28,WMT,90.79,7,ASK
449,2018-12-17 14:37:20,WMT,90.8,18,ASK
450,2018-12-17 14:38:51,WMT,90.75,13,BID
451,2018-12-17 14:38:50,WMT,90.74,11,BID
452,2018-12-17 14:38:42,WMT,90.73,13,BID
453,2018-12-17 14:38:38,WMT,90.72,7,BID
454,2018-12-17 14:38:37,WMT,90.71,16,BID
455,2018-12-17 14:38:51,WMT,90.76,10,ASK
456,2018-12-17 14:37:59,WMT,90.77,8,ASK
457,2018-12-17 14:37:32,WMT,90.78,19,ASK
458,2018-12-17 14:37:28,WMT,90.79,7,ASK
459,2018-12-17 14:37:20,WMT,90.8,18,ASK
460,2018-12-17 14:38:53,WMT,90.75,13,BID
461,2018-12-17 14:38:50,WMT,90.74,11,BID
462,2018-12-17 14:38:42,WMT,90.73,13,BID
463,2018-12-17 14:38:38,WMT,90.72,7,BID
464,2018-12-17 14:38:37,WMT,90.71,16,BID
465,2018-12-17 14:38:51,WMT,90.76,12,ASK
466,2018-12-17 14:37:59,WMT,90.77,8,ASK
467,2018-12-17 14:37:32,WMT,90.78,19,ASK
468,2018-12-17 14:37:28,WMT,90.79,7,ASK
469,2018-12-17 14:37:20,WMT,90.8,18,ASK
470,2018-12-17 14:38:53,WMT,90.75,13,BID
471,2018-12-17 14:38:50,WMT,90.74,11,BID
472,2018-12-17 14:38:42,WMT,90.73,13,BID
473,2018-12-17 14:38:38,WMT,90.72,7,BID
474,2018-12-17 14:38:37,WMT,90.71,16,BID
475,2018-12-17 14:38:51,WMT,90.76,12,ASK
476,2018-12-17 14:37:59,WMT,90.77,8,ASK
477,2018-12-17 14:37:32,WMT,90.78,19,ASK
478,2018-12-17 14:37:28,WMT,90.79,7,ASK
479,2018-12-17 14:37:20,WMT,90.8,18,ASK
480,2018-12-17 14:38:55,WMT,90.75,13,BID
481,2018-12-17 14:38:50,WMT,90.74,11,BID
482,2018-12-17 14:38:42,WMT,90.73,13,BID
483,2018-12-17 14:38:38,WMT,90.72,7,BID
484,2018-12-17 14:38:37,WMT,90.71,16,BID
485,2018-12-17 14:38:51,WMT,90.76,11,ASK
486,2018-12-17 14:37:59,WMT,90.77,8,ASK
487,2018-12-17 14:37:32,WMT,90.78,19,ASK
488,2018-12-17 14:37:28,WMT,90.79,7,ASK
489,2018-12-17 14:37:20,WMT,90.8,18,ASK
490,2018-12-17 14:38:55,WMT,90.75,14,BID
491,2018-12-17 14:38:50,WMT,90.74,11,BID
492,2018-12-17 14:38:42,WMT,90.73,13,BID
493,2018-12-17 14:38:38,WMT,90.72,7,BID
494,2018-12-17 14:38:37,WMT,90.71,16,BID
495,2018-12-17 14:38:51,WMT,90.76,9,ASK
496,2018-12-17 14:37:59,WMT,90.77,8,ASK
497,2018-12-17 14:37:32,WMT,90.78,19,ASK
498,2018-12-17 14:37:28,WMT,90.79,7,ASK
499,2018-12-17 14:37:20,WMT,90.8,18,ASK
500,2018-12-17 14:38:56,WMT,90.75,13,BID
501,2018-12-17 14:38:50,WMT,90.74,11,BID
502,2018-12-17 14:38:42,WMT,90.73,13,BID
503,2018-12-17 14:38:38,WMT,90.72,7,BID
504,2018-12-17 14:38:37,WMT,90.71,16,BID
505,2018-12-17 14:38:51,WMT,90.76,11,ASK
506,2018-12-17 14:37:59,WMT,90.77,8,ASK
507,2018-12-17 14:37:32,WMT,90.78,19,ASK
508,2018-12-17 14:37:28,WMT,90.79,7,ASK
509,2018-12-17 14:37:20,WMT,90.8,18,ASK
510,2018-12-17 14:38:57,WMT,90.75,13,BID
511,2018-12-17 14:38:50,WMT,90.74,11,BID
512,2018-12-17 14:38:42,WMT,90.73,13,BID
513,2018-12-17 14:38:38,WMT,90.72,7,BID
514,2018-12-17 14:38:37,WMT,90.71,16,BID
515,2018-12-17 14:38:51,WMT,90.76,13,ASK
516,2018-12-17 14:37:59,WMT,90.77,8,ASK
517,2018-12-17 14:37:32,WMT,90.78,19,ASK
518,2018-12-17 14:37:28,WMT,90.79,7,ASK
519,2018-12-17 14:37:20,WMT,90.8,18,ASK
520,2018-12-17 14:38:59,WMT,90.74,10,BID
521,2018-12-17 14:38:42,WMT,90.73,13,BID
522,2018-12-17 14:38:38,WMT,90.72,7,BID
523,2018-12-17 14:38:37,WMT,90.71,16,BID
524,2018-12-17 14:16:22,WMT,90.7,7,BID
525,2018-12-17 14:38:59,WMT,90.75,5,ASK
526,2018-12-17 14:38:59,WMT,90.76,18,ASK
527,2018-12-17 14:37:59,WMT,90.77,8,ASK
528,2018-12-17 14:37:32,WMT,90.78,19,ASK
529,2018-12-17 14:37:28,WMT,90.79,7,ASK
530,2018-12-17 14:39:00,WMT,90.74,5,BID
531,2018-12-17 14:38:42,WMT,90.73,13,BID
532,2018-12-17 14:38:38,WMT,90.72,7,BID
533,2018-12-17 14:38:37,WMT,90.71,16,BID
534,2018-12-17 14:16:22,WMT,90.7,7,BID
535,2018-12-17 14:39:00,WMT,90.75,11,ASK
536,2018-12-17 14:38:59,WMT,90.76,18,ASK
537,2018-12-17 14:37:59,WMT,90.77,8,ASK
538,2018-12-17 14:37:32,WMT,90.78,19,ASK
539,2018-12-17 14:37:28,WMT,90.79,7,ASK
540,2018-12-17 14:39:01,WMT,90.75,18,BID
541,2018-12-17 14:39:00,WMT,90.74,14,BID
542,2018-12-17 14:38:42,WMT,90.73,13,BID
543,2018-12-17 14:38:38,WMT,90.72,7,BID
544,2018-12-17 14:38:37,WMT,90.71,16,BID
545,2018-12-17 14:39:01,WMT,90.75,10,ASK
546,2018-12-17 14:38:59,WMT,90.76,18,ASK
547,2018-12-17 14:37:59,WMT,90.77,8,ASK
548,2018-12-17 14:37:32,WMT,90.78,19,ASK
549,2018-12-17 14:37:28,WMT,90.79,7,ASK
550,2018-12-17 14:39:02,WMT,90.77,6,BID
551,2018-12-17 14:39:02,WMT,90.76,15,BID
552,2018-12-17 14:39:01,WMT,90.75,26,BID
553,2018-12-17 14:39:00,WMT,90.74,14,BID
554,2018-12-17 14:38:42,WMT,90.73,13,BID
555,2018-12-17 14:39:02,WMT,90.78,7,ASK
556,2018-12-17 14:37:28,WMT,90.79,7,ASK
557,2018-12-17 14:37:20,WMT,90.8,18,ASK
558,2018-12-17 14:37:20,WMT,90.81,10,ASK
559,2018-12-17 14:36:30,WMT,90.82,17,ASK
560,2018-12-17 14:39:02,WMT,90.77,10,BID
561,2018-12-17 14:39:02,WMT,90.76,15,BID
562,2018-12-17 14:39:01,WMT,90.75,26,BID
563,2018-12-17 14:39:00,WMT,90.74,14,BID
564,2018-12-17 14:38:42,WMT,90.73,13,BID
565,2018-12-17 14:39:02,WMT,90.78,7,ASK
566,2018-12-17 14:37:28,WMT,90.79,7,ASK
567,2018-12-17 14:37:20,WMT,90.8,18,ASK
568,2018-12-17 14:37:20,WMT,90.81,10,ASK
569,2018-12-17 14:36:30,WMT,90.82,17,ASK
570,2018-12-17 14:39:02,WMT,90.76,14,BID
571,2018-12-17 14:39:01,WMT,90.75,26,BID
572,2018-12-17 14:39:00,WMT,90.74,14,BID
573,2018-12-17 14:38:42,WMT,90.73,13,BID
574,2018-12-17 14:38:38,WMT,90.72,7,BID
575,2018-12-17 14:39:04,WMT,90.78,13,ASK
576,2018-12-17 14:37:28,WMT,90.79,7,ASK
577,2018-12-17 14:37:20,WMT,90.8,18,ASK
578,2018-12-17 14:37:20,WMT,90.81,10,ASK
579,2018-12-17 14:36:30,WMT,90.82,17,ASK
580,2018-12-17 14:39:04,WMT,90.76,20,BID
581,2018-12-17 14:39:01,WMT,90.75,26,BID
582,2018-12-17 14:39:00,WMT,90.74,14,BID
583,2018-12-17 14:38:42,WMT,90.73,13,BID
584,2018-12-17 14:38:38,WMT,90.72,7,BID
585,2018-12-17 14:39:04,WMT,90.78,13,ASK
586,2018-12-17 14:37:28,WMT,90.79,7,ASK
587,2018-12-17 14:37:20,WMT,90.8,18,ASK
588,2018-12-17 14:37:20,WMT,90.81,10,ASK
589,2018-12-17 14:36:30,WMT,90.82,17,ASK
590,2018-12-17 14:39:06,WMT,90.76,23,BID
591,2018-12-17 14:39:01,WMT,90.75,26,BID
592,2018-12-17 14:39:00,WMT,90.74,14,BID
593,2018-12-17 14:38:42,WMT,90.73,13,BID
594,2018-12-17 14:38:38,WMT,90.72,7,BID
595,2018-12-17 14:39:06,WMT,90.78,13,ASK
596,2018-12-17 14:37:28,WMT,90.79,7,ASK
597,2018-12-17 14:37:20,WMT,90.8,18,ASK
598,2018-12-17 14:37:20,WMT,90.81,10,ASK
599,2018-12-17 14:36:30,WMT,90.82,17,ASK
600,2018-12-17 14:39:06,WMT,90.76,18,BID
601,2018-12-17 14:39:01,WMT,90.75,26,BID
602,2018-12-17 14:39:00,WMT,90.74,14,BID
603,2018-12-17 14:38:42,WMT,90.73,13,BID
604,2018-12-17 14:38:38,WMT,90.72,7,BID
605,2018-12-17 14:39:06,WMT,90.78,14,ASK
606,2018-12-17 14:37:28,WMT,90.79,7,ASK
607,2018-12-17 14:37:20,WMT,90.8,18,ASK
608,2018-12-17 14:37:20,WMT,90.81,10,ASK
609,2018-12-17 14:36:30,WMT,90.82,17,ASK
610,2018-12-17 14:39:06,WMT,90.76,17,BID
611,2018-12-17 14:39:01,WMT,90.75,26,BID
612,2018-12-17 14:39:00,WMT,90.74,14,BID
613,2018-12-17 14:38:42,WMT,90.73,13,BID
614,2018-12-17 14:38:38,WMT,90.72,7,BID
615,2018-12-17 14:39:08,WMT,90.78,14,ASK
616,2018-12-17 14:37:28,WMT,90.79,7,ASK
617,2018-12-17 14:37:20,WMT,90.8,18,ASK
618,2018-12-17 14:37:20,WMT,90.81,10,ASK
619,2018-12-17 14:36:30,WMT,90.82,17,ASK
620,2018-12-17 14:39:09,WMT,90.76,23,BID
621,2018-12-17 14:39:01,WMT,90.75,26,BID
622,2018-12-17 14:39:00,WMT,90.74,14,BID
623,2018-12-17 14:38:42,WMT,90.73,13,BID
624,2018-12-17 14:38:38,WMT,90.72,7,BID
625,2018-12-17 14:39:09,WMT,90.78,13,ASK
626,2018-12-17 14:37:28,WMT,90.79,7,ASK
627,2018-12-17 14:37:20,WMT,90.8,18,ASK
628,2018-12-17 14:37:20,WMT,90.81,10,ASK
629,2018-12-17 14:36:30,WMT,90.82,17,ASK
630,2018-12-17 14:39:10,WMT,90.77,12,BID
631,2018-12-17 14:39:09,WMT,90.76,22,BID
632,2018-12-17 14:39:01,WMT,90.75,26,BID
633,2018-12-17 14:39:00,WMT,90.74,14,BID
634,2018-12-17 14:38:42,WMT,90.73,13,BID
635,2018-12-17 14:39:10,WMT,90.78,13,ASK
636,2018-12-17 14:37:28,WMT,90.79,7,ASK
637,2018-12-17 14:37:20,WMT,90.8,18,ASK
638,2018-12-17 14:37:20,WMT,90.81,10,ASK
639,2018-12-17 14:36:30,WMT,90.82,17,ASK
640,2018-12-17 14:39:11,WMT,90.77,12,BID
641,2018-12-17 14:39:09,WMT,90.76,22,BID
642,2018-12-17 14:39:01,WMT,90.75,26,BID
643,2018-12-17 14:39:00,WMT,90.74,14,BID
644,2018-12-17 14:38:42,WMT,90.73,13,BID
645,2018-12-17 14:39:11,WMT,90.78,13,ASK
646,2018-12-17 14:37:28,WMT,90.79,7,ASK
647,2018-12-17 14:37:20,WMT,90.8,18,ASK
648,2018-12-17 14:37:20,WMT,90.81,10,ASK
649,2018-12-17 14:36:30,WMT,90.82,17,ASK
650,2018-12-17 14:39:11,WMT,90.77,12,BID
651,2018-12-17 14:39:09,WMT,90.76,22,BID
652,2018-12-17 14:39:01,WMT,90.75,26,BID
653,2018-12-17 14:39:00,WMT,90.74,14,BID
654,2018-12-17 14:38:42,WMT,90.73,13,BID
655,2018-12-17 14:39:11,WMT,90.78,13,ASK
656,2018-12-17 14:37:28,WMT,90.79,7,ASK
657,2018-12-17 14:37:20,WMT,90.8,18,ASK
658,2018-12-17 14:37:20,WMT,90.81,10,ASK
659,2018-12-17 14:36:30,WMT,90.82,17,ASK
660,2018-12-17 14:39:01,WMT,90.75,16,BID
661,2018-12-17 14:39:00,WMT,90.74,14,BID
662,2018-12-17 14:38:42,WMT,90.73,13,BID
663,2018-12-17 14:38:38,WMT,90.72,7,BID
664,2018-12-17 14:38:37,WMT,90.71,16,BID
665,2018-12-17 14:39:13,WMT,90.76,10,ASK
666,2018-12-17 14:39:12,WMT,90.77,11,ASK
667,2018-12-17 14:39:12,WMT,90.78,19,ASK
668,2018-12-17 14:37:28,WMT,90.79,7,ASK
669,2018-12-17 14:37:20,WMT,90.8,18,ASK
670,2018-12-17 14:39:00,WMT,90.74,9,BID
671,2018-12-17 14:38:42,WMT,90.73,13,BID
672,2018-12-17 14:38:38,WMT,90.72,7,BID
673,2018-12-17 14:38:37,WMT,90.71,16,BID
674,2018-12-17 14:16:22,WMT,90.7,7,BID
675,2018-12-17 14:39:14,WMT,90.75,1,ASK
676,2018-12-17 14:39:14,WMT,90.76,11,ASK
677,2018-12-17 14:39:12,WMT,90.77,11,ASK
678,2018-12-17 14:39:12,WMT,90.78,19,ASK
679,2018-12-17 14:37:28,WMT,90.79,7,ASK
680,2018-12-17 14:39:15,WMT,90.74,10,BID
681,2018-12-17 14:38:42,WMT,90.73,13,BID
682,2018-12-17 14:38:38,WMT,90.72,7,BID
683,2018-12-17 14:38:37,WMT,90.71,16,BID
684,2018-12-17 14:16:22,WMT,90.7,7,BID
685,2018-12-17 14:39:14,WMT,90.76,11,ASK
686,2018-12-17 14:39:12,WMT,90.77,11,ASK
687,2018-12-17 14:39:12,WMT,90.78,19,ASK
688,2018-12-17 14:37:28,WMT,90.79,7,ASK
689,2018-12-17 14:37:20,WMT,90.8,18,ASK
690,2018-12-17 14:39:15,WMT,90.74,12,BID
691,2018-12-17 14:38:42,WMT,90.73,13,BID
692,2018-12-17 14:38:38,WMT,90.72,7,BID
693,2018-12-17 14:38:37,WMT,90.71,16,BID
694,2018-12-17 14:16:22,WMT,90.7,7,BID
695,2018-12-17 14:39:14,WMT,90.76,11,ASK
696,2018-12-17 14:39:12,WMT,90.77,11,ASK
697,2018-12-17 14:39:12,WMT,90.78,19,ASK
698,2018-12-17 14:37:28,WMT,90.79,7,ASK
699,2018-12-17 14:37:20,WMT,90.8,18,ASK
700,2018-12-17 14:39:17,WMT,90.75,7,BID
701,2018-12-17 14:39:15,WMT,90.74,12,BID
702,2018-12-17 14:38:42,WMT,90.73,13,BID
703,2018-12-17 14:38:38,WMT,90.72,7,BID
704,2018-12-17 14:38:37,WMT,90.71,16,BID
705,2018-12-17 14:39:17,WMT,90.76,11,ASK
706,2018-12-17 14:39:12,WMT,90.77,11,ASK
707,2018-12-17 14:39:12,WMT,90.78,19,ASK
708,2018-12-17 14:37:28,WMT,90.79,7,ASK
709,2018-12-17 14:37:20,WMT,90.8,18,ASK
710,2018-12-17 14:39:15,WMT,90.74,11,BID
711,2018-12-17 14:38:42,WMT,90.73,13,BID
712,2018-12-17 14:38:38,WMT,90.72,7,BID
713,2018-12-17 14:38:37,WMT,90.71,16,BID
714,2018-12-17 14:16:22,WMT,90.7,7,BID
715,2018-12-17 14:39:18,WMT,90.75,6,ASK
716,2018-12-17 14:39:18,WMT,90.76,13,ASK
717,2018-12-17 14:39:12,WMT,90.77,11,ASK
718,2018-12-17 14:39:12,WMT,90.78,19,ASK
719,2018-12-17 14:37:28,WMT,90.79,7,ASK
720,2018-12-17 14:39:18,WMT,90.74,10,BID
721,2018-12-17 14:38:42,WMT,90.73,13,BID
722,2018-12-17 14:38:38,WMT,90.72,7,BID
723,2018-12-17 14:38:37,WMT,90.71,16,BID
724,2018-12-17 14:16:22,WMT,90.7,7,BID
725,2018-12-17 14:39:19,WMT,90.75,15,ASK
726,2018-12-17 14:39:18,WMT,90.76,13,ASK
727,2018-12-17 14:39:12,WMT,90.77,11,ASK
728,2018-12-17 14:39:12,WMT,90.78,19,ASK
729,2018-12-17 14:37:28,WMT,90.79,7,ASK
730,2018-12-17 14:39:19,WMT,90.74,8,BID
731,2018-12-17 14:38:42,WMT,90.73,13,BID
732,2018-12-17 14:38:38,WMT,90.72,7,BID
733,2018-12-17 14:38:37,WMT,90.71,16,BID
734,2018-12-17 14:16:22,WMT,90.7,7,BID
735,2018-12-17 14:39:19,WMT,90.75,15,ASK
736,2018-12-17 14:39:18,WMT,90.76,13,ASK
737,2018-12-17 14:39:12,WMT,90.77,11,ASK
738,2018-12-17 14:39:12,WMT,90.78,19,ASK
739,2018-12-17 14:37:28,WMT,90.79,7,ASK
740,2018-12-17 14:39:19,WMT,90.74,8,BID
741,2018-12-17 14:38:42,WMT,90.73,13,BID
742,2018-12-17 14:38:38,WMT,90.72,7,BID
743,2018-12-17 14:38:37,WMT,90.71,16,BID
744,2018-12-17 14:16:22,WMT,90.7,7,BID
745,2018-12-17 14:39:19,WMT,90.75,15,ASK
746,2018-12-17 14:39:18,WMT,90.76,13,ASK
747,2018-12-17 14:39:12,WMT,90.77,11,ASK
748,2018-12-17 14:39:12,WMT,90.78,19,ASK
749,2018-12-17 14:37:28,WMT,90.79,7,ASK
750,2018-12-17 14:39:19,WMT,90.74,8,BID
751,2018-12-17 14:38:42,WMT,90.73,13,BID
752,2018-12-17 14:38:38,WMT,90.72,7,BID
753,2018-12-17 14:38:37,WMT,90.71,16,BID
754,2018-12-17 14:16:22,WMT,90.7,7,BID
755,2018-12-17 14:39:19,WMT,90.75,15,ASK
756,2018-12-17 14:39:18,WMT,90.76,13,ASK
757,2018-12-17 14:39:12,WMT,90.77,11,ASK
758,2018-12-17 14:39:12,WMT,90.78,19,ASK
759,2018-12-17 14:37:28,WMT,90.79,7,ASK
760,2018-12-17 14:39:22,WMT,90.73,14,BID
761,2018-12-17 14:38:38,WMT,90.72,7,BID
762,2018-12-17 14:38:37,WMT,90.71,16,BID
763,2018-12-17 14:16:22,WMT,90.7,7,BID
764,2018-12-17 14:16:22,WMT,90.69,6,BID
765,2018-12-17 14:39:22,WMT,90.74,9,ASK
766,2018-12-17 14:39:19,WMT,90.75,19,ASK
767,2018-12-17 14:39:18,WMT,90.76,13,ASK
768,2018-12-17 14:39:12,WMT,90.77,11,ASK
769,2018-12-17 14:39:12,WMT,90.78,19,ASK
770,2018-12-17 14:39:24,WMT,90.72,14,BID
771,2018-12-17 14:38:37,WMT,90.71,16,BID
772,2018-12-17 14:16:22,WMT,90.7,7,BID
773,2018-12-17 14:16:22,WMT,90.69,6,BID
774,2018-12-17 14:16:20,WMT,90.68,11,BID
775,2018-12-17 14:39:24,WMT,90.73,5,ASK
776,2018-12-17 14:39:24,WMT,90.74,9,ASK
777,2018-12-17 14:39:19,WMT,90.75,19,ASK
778,2018-12-17 14:39:18,WMT,90.76,13,ASK
779,2018-12-17 14:39:12,WMT,90.77,11,ASK
780,2018-12-17 14:39:25,WMT,90.71,15,BID
781,2018-12-17 14:16:22,WMT,90.7,7,BID
782,2018-12-17 14:16:22,WMT,90.69,6,BID
783,2018-12-17 14:16:20,WMT,90.68,11,BID
784,2018-12-17 14:16:18,WMT,90.67,18,BID
785,2018-12-17 14:39:25,WMT,90.72,13,ASK
786,2018-12-17 14:39:24,WMT,90.73,12,ASK
787,2018-12-17 14:39:24,WMT,90.74,9,ASK
788,2018-12-17 14:39:19,WMT,90.75,19,ASK
789,2018-12-17 14:39:18,WMT,90.76,13,ASK
790,2018-12-17 14:39:26,WMT,90.71,16,BID
791,2018-12-17 14:16:22,WMT,90.7,7,BID
792,2018-12-17 14:16:22,WMT,90.69,6,BID
793,2018-12-17 14:16:20,WMT,90.68,11,BID
794,2018-12-17 14:16:18,WMT,90.67,18,BID
795,2018-12-17 14:39:26,WMT,90.72,13,ASK
796,2018-12-17 14:39:24,WMT,90.73,12,ASK
797,2018-12-17 14:39:24,WMT,90.74,9,ASK
798,2018-12-17 14:39:19,WMT,90.75,19,ASK
799,2018-12-17 14:39:18,WMT,90.76,13,ASK
800,2018-12-17 14:39:27,WMT,90.72,19,BID
801,2018-12-17 14:39:26,WMT,90.71,17,BID
802,2018-12-17 14:16:22,WMT,90.7,7,BID
803,2018-12-17 14:16:22,WMT,90.69,6,BID
804,2018-12-17 14:16:20,WMT,90.68,11,BID
805,2018-12-17 14:39:27,WMT,90.73,1,ASK
806,2018-12-17 14:39:27,WMT,90.74,7,ASK
807,2018-12-17 14:39:19,WMT,90.75,19,ASK
808,2018-12-17 14:39:18,WMT,90.76,13,ASK
809,2018-12-17 14:39:12,WMT,90.77,11,ASK
810,2018-12-17 14:39:27,WMT,90.72,19,BID
811,2018-12-17 14:39:26,WMT,90.71,17,BID
812,2018-12-17 14:16:22,WMT,90.7,7,BID
813,2018-12-17 14:16:22,WMT,90.69,6,BID
814,2018-12-17 14:16:20,WMT,90.68,11,BID
815,2018-12-17 14:39:27,WMT,90.73,1,ASK
816,2018-12-17 14:39:27,WMT,90.74,7,ASK
817,2018-12-17 14:39:19,WMT,90.75,19,ASK
818,2018-12-17 14:39:18,WMT,90.76,13,ASK
819,2018-12-17 14:39:12,WMT,90.77,11,ASK
820,2018-12-17 14:39:27,WMT,90.72,18,BID
821,2018-12-17 14:39:26,WMT,90.71,17,BID
822,2018-12-17 14:16:22,WMT,90.7,7,BID
823,2018-12-17 14:16:22,WMT,90.69,6,BID
824,2018-12-17 14:16:20,WMT,90.68,11,BID
825,2018-12-17 14:39:28,WMT,90.73,4,ASK
826,2018-12-17 14:39:27,WMT,90.74,7,ASK
827,2018-12-17 14:39:19,WMT,90.75,19,ASK
828,2018-12-17 14:39:18,WMT,90.76,13,ASK
829,2018-12-17 14:39:12,WMT,90.77,11,ASK
830,2018-12-17 14:39:30,WMT,90.73,1,BID
831,2018-12-17 14:39:27,WMT,90.72,18,BID
832,2018-12-17 14:39:26,WMT,90.71,17,BID
833,2018-12-17 14:16:22,WMT,90.7,7,BID
834,2018-12-17 14:16:22,WMT,90.69,6,BID
835,2018-12-17 14:39:28,WMT,90.73,5,ASK
836,2018-12-17 14:39:27,WMT,90.74,7,ASK
837,2018-12-17 14:39:19,WMT,90.75,19,ASK
838,2018-12-17 14:39:18,WMT,90.76,13,ASK
839,2018-12-17 14:39:12,WMT,90.77,11,ASK
840,2018-12-17 14:39:31,WMT,90.74,13,BID
841,2018-12-17 14:39:30,WMT,90.73,11,BID
842,2018-12-17 14:39:27,WMT,90.72,18,BID
843,2018-12-17 14:39:26,WMT,90.71,17,BID
844,2018-12-17 14:16:22,WMT,90.7,7,BID
845,2018-12-17 14:39:31,WMT,90.75,12,ASK
846,2018-12-17 14:39:18,WMT,90.76,13,ASK
847,2018-12-17 14:39:12,WMT,90.77,11,ASK
848,2018-12-17 14:39:12,WMT,90.78,19,ASK
849,2018-12-17 14:37:28,WMT,90.79,7,ASK
850,2018-12-17 14:39:32,WMT,90.74,12,BID
851,2018-12-17 14:39:30,WMT,90.73,11,BID
852,2018-12-17 14:39:27,WMT,90.72,18,BID
853,2018-12-17 14:39:26,WMT,90.71,17,BID
854,2018-12-17 14:16:22,WMT,90.7,7,BID
855,2018-12-17 14:39:32,WMT,90.75,13,ASK
856,2018-12-17 14:39:18,WMT,90.76,13,ASK
857,2018-12-17 14:39:12,WMT,90.77,11,ASK
858,2018-12-17 14:39:12,WMT,90.78,19,ASK
859,2018-12-17 14:37:28,WMT,90.79,7,ASK
860,2018-12-17 14:39:32,WMT,90.74,15,BID
861,2018-12-17 14:39:30,WMT,90.73,11,BID
862,2018-12-17 14:39:27,WMT,90.72,18,BID
863,2018-12-17 14:39:26,WMT,90.71,17,BID
864,2018-12-17 14:16:22,WMT,90.7,7,BID
865,2018-12-17 14:39:32,WMT,90.75,11,ASK
866,2018-12-17 14:39:18,WMT,90.76,13,ASK
867,2018-12-17 14:39:12,WMT,90.77,11,ASK
868,2018-12-17 14:39:12,WMT,90.78,19,ASK
869,2018-12-17 14:37:28,WMT,90.79,7,ASK
870,2018-12-17 14:39:32,WMT,90.74,13,BID
871,2018-12-17 14:39:30,WMT,90.73,11,BID
872,2018-12-17 14:39:27,WMT,90.72,18,BID
873,2018-12-17 14:39:26,WMT,90.71,17,BID
874,2018-12-17 14:16:22,WMT,90.7,7,BID
875,2018-12-17 14:39:34,WMT,90.75,10,ASK
876,2018-12-17 14:39:18,WMT,90.76,13,ASK
877,2018-12-17 14:39:12,WMT,90.77,11,ASK
878,2018-12-17 14:39:12,WMT,90.78,19,ASK
879,2018-12-17 14:37:28,WMT,90.79,7,ASK
880,2018-12-17 14:39:35,WMT,90.75,10,BID
881,2018-12-17 14:39:32,WMT,90.74,14,BID
882,2018-12-17 14:39:30,WMT,90.73,11,BID
883,2018-12-17 14:39:27,WMT,90.72,18,BID
884,2018-12-17 14:39:26,WMT,90.71,17,BID
885,2018-12-17 14:39:34,WMT,90.76,15,ASK
886,2018-12-17 14:39:12,WMT,90.77,11,ASK
887,2018-12-17 14:39:12,WMT,90.78,19,ASK
888,2018-12-17 14:37:28,WMT,90.79,7,ASK
889,2018-12-17 14:37:20,WMT,90.8,18,ASK
890,2018-12-17 14:39:36,WMT,90.76,7,BID
891,2018-12-17 14:39:35,WMT,90.75,12,BID
892,2018-12-17 14:39:32,WMT,90.74,14,BID
893,2018-12-17 14:39:30,WMT,90.73,11,BID
894,2018-12-17 14:39:27,WMT,90.72,18,BID
895,2018-12-17 14:39:36,WMT,90.77,7,ASK
896,2018-12-17 14:39:12,WMT,90.78,19,ASK
897,2018-12-17 14:37:28,WMT,90.79,7,ASK
898,2018-12-17 14:37:20,WMT,90.8,18,ASK
899,2018-12-17 14:37:20,WMT,90.81,10,ASK
900,2018-12-17 14:39:36,WMT,90.76,1,BID
901,2018-12-17 14:39:35,WMT,90.75,14,BID
902,2018-12-17 14:39:32,WMT,90.74,14,BID
903,2018-12-17 14:39:30,WMT,90.73,11,BID
904,2018-12-17 14:39:27,WMT,90.72,18,BID
905,2018-12-17 14:39:36,WMT,90.77,4,ASK
906,2018-12-17 14:39:12,WMT,90.78,19,ASK
907,2018-12-17 14:37:28,WMT,90.79,7,ASK
908,2018-12-17 14:37:20,WMT,90.8,18,ASK
909,2018-12-17 14:37:20,WMT,90.81,10,ASK
910,2018-12-17 14:39:38,WMT,90.76,7,BID
911,2018-12-17 14:39:35,WMT,90.75,14,BID
912,2018-12-17 14:39:32,WMT,90.74,14,BID
913,2018-12-17 14:39:30,WMT,90.73,11,BID
914,2018-12-17 14:39:27,WMT,90.72,18,BID
915,2018-12-17 14:39:38,WMT,90.77,5,ASK
916,2018-12-17 14:39:12,WMT,90.78,19,ASK
917,2018-12-17 14:37:28,WMT,90.79,7,ASK
918,2018-12-17 14:37:20,WMT,90.8,18,ASK
919,2018-12-17 14:37:20,WMT,90.81,10,ASK
920,2018-12-17 14:39:35,WMT,90.75,8,BID
921,2018-12-17 14:39:32,WMT,90.74,14,BID
922,2018-12-17 14:39:30,WMT,90.73,11,BID
923,2018-12-17 14:39:27,WMT,90.72,18,BID
924,2018-12-17 14:39:26,WMT,90.71,17,BID
925,2018-12-17 14:39:39,WMT,90.76,3,ASK
926,2018-12-17 14:39:39,WMT,90.77,8,ASK
927,2018-12-17 14:39:12,WMT,90.78,19,ASK
928,2018-12-17 14:37:28,WMT,90.79,7,ASK
929,2018-12-17 14:37:20,WMT,90.8,18,ASK
930,2018-12-17 14:39:40,WMT,90.76,3,BID
931,2018-12-17 14:39:35,WMT,90.75,10,BID
932,2018-12-17 14:39:32,WMT,90.74,14,BID
933,2018-12-17 14:39:30,WMT,90.73,11,BID
934,2018-12-17 14:39:27,WMT,90.72,18,BID
935,2018-12-17 14:39:40,WMT,90.77,8,ASK
936,2018-12-17 14:39:12,WMT,90.78,19,ASK
937,2018-12-17 14:37:28,WMT,90.79,7,ASK
938,2018-12-17 14:37:20,WMT,90.8,18,ASK
939,2018-12-17 14:37:20,WMT,90.81,10,ASK
940,2018-12-17 14:39:41,WMT,90.78,11,BID
941,2018-12-17 14:39:41,WMT,90.77,16,BID
942,2018-12-17 14:39:41,WMT,90.76,3,BID
943,2018-12-17 14:39:35,WMT,90.75,10,BID
944,2018-12-17 14:39:32,WMT,90.74,14,BID
945,2018-12-17 14:39:41,WMT,90.79,8,ASK
946,2018-12-17 14:37:20,WMT,90.8,18,ASK
947,2018-12-17 14:37:20,WMT,90.81,10,ASK
948,2018-12-17 14:36:30,WMT,90.82,17,ASK
949,2018-12-17 14:35:56,WMT,90.83,14,ASK
950,2018-12-17 14:39:41,WMT,90.78,8,BID
951,2018-12-17 14:39:41,WMT,90.77,16,BID
952,2018-12-17 14:39:41,WMT,90.76,3,BID
953,2018-12-17 14:39:35,WMT,90.75,10,BID
954,2018-12-17 14:39:32,WMT,90.74,14,BID
955,2018-12-17 14:39:41,WMT,90.79,8,ASK
956,2018-12-17 14:37:20,WMT,90.8,18,ASK
957,2018-12-17 14:37:20,WMT,90.81,10,ASK
958,2018-12-17 14:36:30,WMT,90.82,17,ASK
959,2018-12-17 14:35:56,WMT,90.83,14,ASK
960,2018-12-17 14:39:43,WMT,90.77,19,BID
961,2018-12-17 14:39:41,WMT,90.76,3,BID
962,2018-12-17 14:39:35,WMT,90.75,10,BID
963,2018-12-17 14:39:32,WMT,90.74,14,BID
964,2018-12-17 14:39:30,WMT,90.73,11,BID
965,2018-12-17 14:39:43,WMT,90.78,3,ASK
966,2018-12-17 14:39:43,WMT,90.79,10,ASK
967,2018-12-17 14:37:20,WMT,90.8,18,ASK
968,2018-12-17 14:37:20,WMT,90.81,10,ASK
969,2018-12-17 14:36:30,WMT,90.82,17,ASK
970,2018-12-17 14:39:44,WMT,90.77,3,BID
971,2018-12-17 14:39:43,WMT,90.76,11,BID
972,2018-12-17 14:39:35,WMT,90.75,10,BID
973,2018-12-17 14:39:32,WMT,90.74,14,BID
974,2018-12-17 14:39:30,WMT,90.73,11,BID
975,2018-12-17 14:39:43,WMT,90.78,11,ASK
976,2018-12-17 14:39:43,WMT,90.79,10,ASK
977,2018-12-17 14:37:20,WMT,90.8,18,ASK
978,2018-12-17 14:37:20,WMT,90.81,10,ASK
979,2018-12-17 14:36:30,WMT,90.82,17,ASK
980,2018-12-17 14:39:45,WMT,90.76,9,BID
981,2018-12-17 14:39:35,WMT,90.75,10,BID
982,2018-12-17 14:39:32,WMT,90.74,14,BID
983,2018-12-17 14:39:30,WMT,90.73,11,BID
984,2018-12-17 14:39:27,WMT,90.72,18,BID
985,2018-12-17 14:39:45,WMT,90.77,9,ASK
986,2018-12-17 14:39:43,WMT,90.78,12,ASK
987,2018-12-17 14:39:43,WMT,90.79,10,ASK
988,2018-12-17 14:37:20,WMT,90.8,18,ASK
989,2018-12-17 14:37:20,WMT,90.81,10,ASK
990,2018-12-17 14:39:45,WMT,90.76,9,BID
991,2018-12-17 14:39:40,WMT,90.75,10,BID
992,2018-12-17 14:39:32,WMT,90.74,14,BID
993,2018-12-17 14:39:30,WMT,90.73,11,BID
994,2018-12-17 14:39:30,WMT,90.72,18,BID
995,2018-12-17 14:39:44,WMT,90.77,11,ASK
996,2018-12-17 14:39:43,WMT,90.78,12,ASK
997,2018-12-17 14:39:43,WMT,90.79,10,ASK
998,2018-12-17 14:37:20,WMT,90.8,18,ASK
999,2018-12-17 14:37:20,WMT,90.81,10,ASK
1000,2018-12-17 14:39:47,WMT,90.74,20,BID
1001,2018-12-17 14:39:30,WMT,90.73,11,BID
1002,2018-12-17 14:39:30,WMT,90.72,18,BID
1003,2018-12-17 14:39:26,WMT,90.71,17,BID
1004,2018-12-17 14:16:22,WMT,90.7,7,BID
1005,2018-12-17 14:39:47,WMT,90.75,4,ASK
1006,2018-12-17 14:39:47,WMT,90.76,18,ASK
1007,2018-12-17 14:39:44,WMT,90.77,11,ASK
1008,2018-12-17 14:39:43,WMT,90.78,12,ASK
1009,2018-12-17 14:39:43,WMT,90.79,10,ASK
1010,2018-12-17 14:39:48,WMT,90.75,3,BID
1011,2018-12-17 14:39:47,WMT,90.74,22,BID
1012,2018-12-17 14:39:30,WMT,90.73,11,BID
1013,2018-12-17 14:39:30,WMT,90.72,18,BID
1014,2018-12-17 14:39:26,WMT,90.71,17,BID
1015,2018-12-17 14:39:48,WMT,90.76,10,ASK
1016,2018-12-17 14:39:44,WMT,90.77,11,ASK
1017,2018-12-17 14:39:43,WMT,90.78,12,ASK
1018,2018-12-17 14:39:43,WMT,90.79,10,ASK
1019,2018-12-17 14:37:20,WMT,90.8,18,ASK
1020,2018-12-17 14:39:48,WMT,90.75,2,BID
1021,2018-12-17 14:39:47,WMT,90.74,22,BID
1022,2018-12-17 14:39:30,WMT,90.73,11,BID
1023,2018-12-17 14:39:30,WMT,90.72,18,BID
1024,2018-12-17 14:39:26,WMT,90.71,17,BID
1025,2018-12-17 14:39:48,WMT,90.76,10,ASK
1026,2018-12-17 14:39:44,WMT,90.77,11,ASK
1027,2018-12-17 14:39:43,WMT,90.78,12,ASK
1028,2018-12-17 14:39:43,WMT,90.79,10,ASK
1029,2018-12-17 14:37:20,WMT,90.8,18,ASK
1030,2018-12-17 14:39:50,WMT,90.74,11,BID
1031,2018-12-17 14:39:30,WMT,90.73,11,BID
1032,2018-12-17 14:39:30,WMT,90.72,18,BID
1033,2018-12-17 14:39:26,WMT,90.71,17,BID
1034,2018-12-17 14:16:22,WMT,90.7,7,BID
1035,2018-12-17 14:39:50,WMT,90.75,4,ASK
1036,2018-12-17 14:39:48,WMT,90.76,11,ASK
1037,2018-12-17 14:39:44,WMT,90.77,11,ASK
1038,2018-12-17 14:39:43,WMT,90.78,12,ASK
1039,2018-12-17 14:39:43,WMT,90.79,10,ASK
1040,2018-12-17 14:39:50,WMT,90.74,12,BID
1041,2018-12-17 14:39:30,WMT,90.73,11,BID
1042,2018-12-17 14:39:30,WMT,90.72,18,BID
1043,2018-12-17 14:39:26,WMT,90.71,17,BID
1044,2018-12-17 14:16:22,WMT,90.7,7,BID
1045,2018-12-17 14:39:51,WMT,90.75,5,ASK
1046,2018-12-17 14:39:48,WMT,90.76,11,ASK
1047,2018-12-17 14:39:44,WMT,90.77,11,ASK
1048,2018-12-17 14:39:43,WMT,90.78,12,ASK
1049,2018-12-17 14:39:43,WMT,90.79,10,ASK
1050,2018-12-17 14:39:52,WMT,90.74,14,BID
1051,2018-12-17 14:39:30,WMT,90.73,11,BID
1052,2018-12-17 14:39:30,WMT,90.72,18,BID
1053,2018-12-17 14:39:26,WMT,90.71,17,BID
1054,2018-12-17 14:16:22,WMT,90.7,7,BID
1055,2018-12-17 14:39:51,WMT,90.75,5,ASK
1056,2018-12-17 14:39:48,WMT,90.76,11,ASK
1057,2018-12-17 14:39:44,WMT,90.77,11,ASK
1058,2018-12-17 14:39:43,WMT,90.78,12,ASK
1059,2018-12-17 14:39:43,WMT,90.79,10,ASK
1060,2018-12-17 14:39:53,WMT,90.74,13,BID
1061,2018-12-17 14:39:30,WMT,90.73,11,BID
1062,2018-12-17 14:39:30,WMT,90.72,18,BID
1063,2018-12-17 14:39:26,WMT,90.71,17,BID
1064,2018-12-17 14:16:22,WMT,90.7,7,BID
1065,2018-12-17 14:39:51,WMT,90.75,6,ASK
1066,2018-12-17 14:39:48,WMT,90.76,11,ASK
1067,2018-12-17 14:39:44,WMT,90.77,11,ASK
1068,2018-12-17 14:39:43,WMT,90.78,12,ASK
1069,2018-12-17 14:39:43,WMT,90.79,10,ASK
1070,2018-12-17 14:39:53,WMT,90.74,13,BID
1071,2018-12-17 14:39:30,WMT,90.73,11,BID
1072,2018-12-17 14:39:30,WMT,90.72,18,BID
1073,2018-12-17 14:39:26,WMT,90.71,17,BID
1074,2018-12-17 14:16:22,WMT,90.7,7,BID
1075,2018-12-17 14:39:51,WMT,90.75,9,ASK
1076,2018-12-17 14:39:48,WMT,90.76,11,ASK
1077,2018-12-17 14:39:44,WMT,90.77,11,ASK
1078,2018-12-17 14:39:43,WMT,90.78,12,ASK
1079,2018-12-17 14:39:43,WMT,90.79,10,ASK
1080,2018-12-17 14:39:55,WMT,90.73,10,BID
1081,2018-12-17 14:39:30,WMT,90.72,18,BID
1082,2018-12-17 14:39:26,WMT,90.71,17,BID
1083,2018-12-17 14:16:22,WMT,90.7,7,BID
1084,2018-12-17 14:16:22,WMT,90.69,6,BID
1085,2018-12-17 14:39:55,WMT,90.74,6,ASK
1086,2018-12-17 14:39:51,WMT,90.75,10,ASK
1087,2018-12-17 14:39:48,WMT,90.76,11,ASK
1088,2018-12-17 14:39:44,WMT,90.77,11,ASK
1089,2018-12-17 14:39:43,WMT,90.78,12,ASK
1090,2018-12-17 14:39:56,WMT,90.73,10,BID
1091,2018-12-17 14:39:30,WMT,90.72,18,BID
1092,2018-12-17 14:39:26,WMT,90.71,17,BID
1093,2018-12-17 14:16:22,WMT,90.7,7,BID
1094,2018-12-17 14:16:22,WMT,90.69,6,BID
1095,2018-12-17 14:39:55,WMT,90.74,7,ASK
1096,2018-12-17 14:39:51,WMT,90.75,10,ASK
1097,2018-12-17 14:39:48,WMT,90.76,11,ASK
1098,2018-12-17 14:39:44,WMT,90.77,11,ASK
1099,2018-12-17 14:39:43,WMT,90.78,12,ASK
1100,2018-12-17 14:39:57,WMT,90.73,10,BID
1101,2018-12-17 14:39:30,WMT,90.72,18,BID
1102,2018-12-17 14:39:26,WMT,90.71,17,BID
1103,2018-12-17 14:16:22,WMT,90.7,7,BID
1104,2018-12-17 14:16:22,WMT,90.69,6,BID
1105,2018-12-17 14:39:55,WMT,90.74,8,ASK
1106,2018-12-17 14:39:51,WMT,90.75,10,ASK
1107,2018-12-17 14:39:48,WMT,90.76,11,ASK
1108,2018-12-17 14:39:44,WMT,90.77,11,ASK
1109,2018-12-17 14:39:43,WMT,90.78,12,ASK
1110,2018-12-17 14:39:58,WMT,90.74,26,BID
1111,2018-12-17 14:39:58,WMT,90.73,12,BID
1112,2018-12-17 14:39:30,WMT,90.72,18,BID
1113,2018-12-17 14:39:26,WMT,90.71,17,BID
1114,2018-12-17 14:16:22,WMT,90.7,7,BID
1115,2018-12-17 14:39:51,WMT,90.75,6,ASK
1116,2018-12-17 14:39:48,WMT,90.76,11,ASK
1117,2018-12-17 14:39:44,WMT,90.77,11,ASK
1118,2018-12-17 14:39:43,WMT,90.78,12,ASK
1119,2018-12-17 14:39:43,WMT,90.79,10,ASK
1120,2018-12-17 14:39:58,WMT,90.74,28,BID
1121,2018-12-17 14:39:58,WMT,90.73,12,BID
1122,2018-12-17 14:39:30,WMT,90.72,18,BID
1123,2018-12-17 14:39:26,WMT,90.71,17,BID
1124,2018-12-17 14:16:22,WMT,90.7,7,BID
1125,2018-12-17 14:39:51,WMT,90.75,6,ASK
1126,2018-12-17 14:39:48,WMT,90.76,11,ASK
1127,2018-12-17 14:39:44,WMT,90.77,11,ASK
1128,2018-12-17 14:39:43,WMT,90.78,12,ASK
1129,2018-12-17 14:39:43,WMT,90.79,10,ASK
1130,2018-12-17 14:39:58,WMT,90.74,28,BID
1131,2018-12-17 14:39:58,WMT,90.73,12,BID
1132,2018-12-17 14:39:30,WMT,90.72,18,BID
1133,2018-12-17 14:39:26,WMT,90.71,17,BID
1134,2018-12-17 14:16:22,WMT,90.7,7,BID
1135,2018-12-17 14:39:51,WMT,90.75,6,ASK
1136,2018-12-17 14:39:48,WMT,90.76,11,ASK
1137,2018-12-17 14:39:44,WMT,90.77,11,ASK
1138,2018-12-17 14:39:43,WMT,90.78,12,ASK
1139,2018-12-17 14:39:43,WMT,90.79,10,ASK
1140,2018-12-17 14:39:58,WMT,90.74,30,BID
1141,2018-12-17 14:39:58,WMT,90.73,12,BID
1142,2018-12-17 14:39:30,WMT,90.72,18,BID
1143,2018-12-17 14:39:26,WMT,90.71,17,BID
1144,2018-12-17 14:16:22,WMT,90.7,7,BID
1145,2018-12-17 14:39:51,WMT,90.75,6,ASK
1146,2018-12-17 14:39:48,WMT,90.76,11,ASK
1147,2018-12-17 14:39:44,WMT,90.77,11,ASK
1148,2018-12-17 14:39:43,WMT,90.78,12,ASK
1149,2018-12-17 14:39:43,WMT,90.79,10,ASK
1150,2018-12-17 14:39:58,WMT,90.74,30,BID
1151,2018-12-17 14:39:58,WMT,90.73,12,BID
1152,2018-12-17 14:39:30,WMT,90.72,18,BID
1153,2018-12-17 14:39:26,WMT,90.71,17,BID
1154,2018-12-17 14:16:22,WMT,90.7,7,BID
1155,2018-12-17 14:39:51,WMT,90.75,6,ASK
1156,2018-12-17 14:39:48,WMT,90.76,11,ASK
1157,2018-12-17 14:39:44,WMT,90.77,11,ASK
1158,2018-12-17 14:39:43,WMT,90.78,12,ASK
1159,2018-12-17 14:39:43,WMT,90.79,10,ASK
1160,2018-12-17 14:39:58,WMT,90.74,30,BID
1161,2018-12-17 14:39:58,WMT,90.73,12,BID
1162,2018-12-17 14:39:30,WMT,90.72,18,BID
1163,2018-12-17 14:39:26,WMT,90.71,17,BID
1164,2018-12-17 14:16:22,WMT,90.7,7,BID
1165,2018-12-17 14:39:51,WMT,90.75,6,ASK
1166,2018-12-17 14:39:48,WMT,90.76,11,ASK
1167,2018-12-17 14:39:44,WMT,90.77,11,ASK
1168,2018-12-17 14:39:43,WMT,90.78,12,ASK
1169,2018-12-17 14:39:43,WMT,90.79,10,ASK
1170,2018-12-17 14:39:58,WMT,90.74,29,BID
1171,2018-12-17 14:39:58,WMT,90.73,12,BID
1172,2018-12-17 14:39:30,WMT,90.72,18,BID
1173,2018-12-17 14:39:26,WMT,90.71,17,BID
1174,2018-12-17 14:16:22,WMT,90.7,7,BID
1175,2018-12-17 14:39:51,WMT,90.75,6,ASK
1176,2018-12-17 14:39:48,WMT,90.76,11,ASK
1177,2018-12-17 14:39:44,WMT,90.77,11,ASK
1178,2018-12-17 14:39:43,WMT,90.78,12,ASK
1179,2018-12-17 14:39:43,WMT,90.79,10,ASK
1180,2018-12-17 14:40:05,WMT,90.75,13,BID
1181,2018-12-17 14:39:58,WMT,90.74,27,BID
1182,2018-12-17 14:39:58,WMT,90.73,12,BID
1183,2018-12-17 14:39:30,WMT,90.72,18,BID
1184,2018-12-17 14:39:26,WMT,90.71,17,BID
1185,2018-12-17 14:40:05,WMT,90.76,4,ASK
1186,2018-12-17 14:39:44,WMT,90.77,9,ASK
1187,2018-12-17 14:39:43,WMT,90.78,12,ASK
1188,2018-12-17 14:39:43,WMT,90.79,10,ASK
1189,2018-12-17 14:37:20,WMT,90.8,18,ASK
1190,2018-12-17 14:40:05,WMT,90.75,9,BID
1191,2018-12-17 14:39:58,WMT,90.74,27,BID
1192,2018-12-17 14:39:58,WMT,90.73,12,BID
1193,2018-12-17 14:39:30,WMT,90.72,18,BID
1194,2018-12-17 14:39:26,WMT,90.71,17,BID
1195,2018-12-17 14:40:06,WMT,90.76,5,ASK
1196,2018-12-17 14:39:44,WMT,90.77,9,ASK
1197,2018-12-17 14:39:43,WMT,90.78,12,ASK
1198,2018-12-17 14:39:43,WMT,90.79,10,ASK
1199,2018-12-17 14:37:20,WMT,90.8,18,ASK
1200,2018-12-17 14:40:07,WMT,90.76,6,BID
1201,2018-12-17 14:40:07,WMT,90.75,11,BID
1202,2018-12-17 14:39:58,WMT,90.74,27,BID
1203,2018-12-17 14:39:58,WMT,90.73,12,BID
1204,2018-12-17 14:39:30,WMT,90.72,18,BID
1205,2018-12-17 14:39:44,WMT,90.77,6,ASK
1206,2018-12-17 14:39:43,WMT,90.78,12,ASK
1207,2018-12-17 14:39:43,WMT,90.79,10,ASK
1208,2018-12-17 14:37:20,WMT,90.8,18,ASK
1209,2018-12-17 14:37:20,WMT,90.81,10,ASK
1210,2018-12-17 14:40:07,WMT,90.76,7,BID
1211,2018-12-17 14:40:07,WMT,90.75,11,BID
1212,2018-12-17 14:39:58,WMT,90.74,27,BID
1213,2018-12-17 14:39:58,WMT,90.73,12,BID
1214,2018-12-17 14:39:30,WMT,90.72,18,BID
1215,2018-12-17 14:39:44,WMT,90.77,6,ASK
1216,2018-12-17 14:39:43,WMT,90.78,12,ASK
1217,2018-12-17 14:39:43,WMT,90.79,10,ASK
1218,2018-12-17 14:37:20,WMT,90.8,18,ASK
1219,2018-12-17 14:37:20,WMT,90.81,10,ASK
1220,2018-12-17 14:40:09,WMT,90.76,9,BID
1221,2018-12-17 14:40:07,WMT,90.75,11,BID
1222,2018-12-17 14:39:58,WMT,90.74,27,BID
1223,2018-12-17 14:39:58,WMT,90.73,12,BID
1224,2018-12-17 14:39:30,WMT,90.72,18,BID
1225,2018-12-17 14:40:09,WMT,90.77,6,ASK
1226,2018-12-17 14:39:43,WMT,90.78,12,ASK
1227,2018-12-17 14:39:43,WMT,90.79,10,ASK
1228,2018-12-17 14:37:20,WMT,90.8,18,ASK
1229,2018-12-17 14:37:20,WMT,90.81,10,ASK
1230,2018-12-17 14:40:10,WMT,90.75,12,BID
1231,2018-12-17 14:39:58,WMT,90.74,27,BID
1232,2018-12-17 14:39:58,WMT,90.73,12,BID
1233,2018-12-17 14:39:30,WMT,90.72,18,BID
1234,2018-12-17 14:39:26,WMT,90.71,17,BID
1235,2018-12-17 14:40:09,WMT,90.77,7,ASK
1236,2018-12-17 14:39:43,WMT,90.78,12,ASK
1237,2018-12-17 14:39:43,WMT,90.79,10,ASK
1238,2018-12-17 14:37:20,WMT,90.8,18,ASK
1239,2018-12-17 14:37:20,WMT,90.81,10,ASK
1240,2018-12-17 14:40:11,WMT,90.76,7,BID
1241,2018-12-17 14:40:11,WMT,90.75,15,BID
1242,2018-12-17 14:39:58,WMT,90.74,27,BID
1243,2018-12-17 14:39:58,WMT,90.73,12,BID
1244,2018-12-17 14:39:30,WMT,90.72,18,BID
1245,2018-12-17 14:40:11,WMT,90.77,7,ASK
1246,2018-12-17 14:39:43,WMT,90.78,12,ASK
1247,2018-12-17 14:39:43,WMT,90.79,10,ASK
1248,2018-12-17 14:37:20,WMT,90.8,18,ASK
1249,2018-12-17 14:37:20,WMT,90.81,10,ASK
1250,2018-12-17 14:40:12,WMT,90.76,8,BID
1251,2018-12-17 14:40:11,WMT,90.75,15,BID
1252,2018-12-17 14:39:58,WMT,90.74,27,BID
1253,2018-12-17 14:39:58,WMT,90.73,12,BID
1254,2018-12-17 14:39:30,WMT,90.72,18,BID
1255,2018-12-17 14:40:11,WMT,90.77,6,ASK
1256,2018-12-17 14:39:43,WMT,90.78,12,ASK
1257,2018-12-17 14:39:43,WMT,90.79,10,ASK
1258,2018-12-17 14:37:20,WMT,90.8,18,ASK
1259,2018-12-17 14:37:20,WMT,90.81,10,ASK
1260,2018-12-17 14:40:13,WMT,90.76,7,BID
1261,2018-12-17 14:40:11,WMT,90.75,15,BID
1262,2018-12-17 14:39:58,WMT,90.74,27,BID
1263,2018-12-17 14:39:58,WMT,90.73,12,BID
1264,2018-12-17 14:39:30,WMT,90.72,18,BID
1265,2018-12-17 14:40:13,WMT,90.77,7,ASK
1266,2018-12-17 14:39:43,WMT,90.78,12,ASK
1267,2018-12-17 14:39:43,WMT,90.79,10,ASK
1268,2018-12-17 14:37:20,WMT,90.8,18,ASK
1269,2018-12-17 14:37:20,WMT,90.81,10,ASK
1270,2018-12-17 14:40:14,WMT,90.75,6,BID
1271,2018-12-17 14:39:58,WMT,90.74,27,BID
1272,2018-12-17 14:39:58,WMT,90.73,12,BID
1273,2018-12-17 14:39:30,WMT,90.72,18,BID
1274,2018-12-17 14:39:26,WMT,90.71,17,BID
1275,2018-12-17 14:40:14,WMT,90.76,6,ASK
1276,2018-12-17 14:40:13,WMT,90.77,13,ASK
1277,2018-12-17 14:39:43,WMT,90.78,12,ASK
1278,2018-12-17 14:39:43,WMT,90.79,10,ASK
1279,2018-12-17 14:37:20,WMT,90.8,18,ASK
1280,2018-12-17 14:40:15,WMT,90.75,8,BID
1281,2018-12-17 14:39:58,WMT,90.74,27,BID
1282,2018-12-17 14:39:58,WMT,90.73,12,BID
1283,2018-12-17 14:39:30,WMT,90.72,18,BID
1284,2018-12-17 14:39:26,WMT,90.71,17,BID
1285,2018-12-17 14:40:15,WMT,90.76,6,ASK
1286,2018-12-17 14:40:13,WMT,90.77,13,ASK
1287,2018-12-17 14:39:43,WMT,90.78,12,ASK
1288,2018-12-17 14:39:43,WMT,90.79,10,ASK
1289,2018-12-17 14:37:20,WMT,90.8,18,ASK
1290,2018-12-17 14:40:15,WMT,90.75,8,BID
1291,2018-12-17 14:39:58,WMT,90.74,27,BID
1292,2018-12-17 14:39:58,WMT,90.73,12,BID
1293,2018-12-17 14:39:30,WMT,90.72,18,BID
1294,2018-12-17 14:39:26,WMT,90.71,17,BID
1295,2018-12-17 14:40:16,WMT,90.76,7,ASK
1296,2018-12-17 14:40:13,WMT,90.77,13,ASK
1297,2018-12-17 14:39:43,WMT,90.78,12,ASK
1298,2018-12-17 14:39:43,WMT,90.79,10,ASK
1299,2018-12-17 14:37:20,WMT,90.8,18,ASK
1300,2018-12-17 14:40:15,WMT,90.75,7,BID
1301,2018-12-17 14:39:58,WMT,90.74,27,BID
1302,2018-12-17 14:39:58,WMT,90.73,12,BID
1303,2018-12-17 14:39:30,WMT,90.72,18,BID
1304,2018-12-17 14:39:26,WMT,90.71,17,BID
1305,2018-12-17 14:40:17,WMT,90.76,3,ASK
1306,2018-12-17 14:40:13,WMT,90.77,12,ASK
1307,2018-12-17 14:39:43,WMT,90.78,12,ASK
1308,2018-12-17 14:39:43,WMT,90.79,10,ASK
1309,2018-12-17 14:37:20,WMT,90.8,18,ASK
1310,2018-12-17 14:40:18,WMT,90.75,6,BID
1311,2018-12-17 14:39:58,WMT,90.74,27,BID
1312,2018-12-17 14:39:58,WMT,90.73,12,BID
1313,2018-12-17 14:39:30,WMT,90.72,18,BID
1314,2018-12-17 14:39:26,WMT,90.71,17,BID
1315,2018-12-17 14:40:18,WMT,90.76,7,ASK
1316,2018-12-17 14:40:13,WMT,90.77,12,ASK
1317,2018-12-17 14:39:43,WMT,90.78,12,ASK
1318,2018-12-17 14:39:43,WMT,90.79,10,ASK
1319,2018-12-17 14:37:20,WMT,90.8,18,ASK
1320,2018-12-17 14:40:19,WMT,90.76,14,BID
1321,2018-12-17 14:40:18,WMT,90.75,7,BID
1322,2018-12-17 14:39:58,WMT,90.74,27,BID
1323,2018-12-17 14:39:58,WMT,90.73,12,BID
1324,2018-12-17 14:39:30,WMT,90.72,18,BID
1325,2018-12-17 14:40:13,WMT,90.77,11,ASK
1326,2018-12-17 14:39:43,WMT,90.78,12,ASK
1327,2018-12-17 14:39:43,WMT,90.79,10,ASK
1328,2018-12-17 14:37:20,WMT,90.8,18,ASK
1329,2018-12-17 14:37:20,WMT,90.81,10,ASK
1330,2018-12-17 14:40:19,WMT,90.76,14,BID
1331,2018-12-17 14:40:18,WMT,90.75,7,BID
1332,2018-12-17 14:39:58,WMT,90.74,27,BID
1333,2018-12-17 14:39:58,WMT,90.73,12,BID
1334,2018-12-17 14:39:30,WMT,90.72,18,BID
1335,2018-12-17 14:40:13,WMT,90.77,11,ASK
1336,2018-12-17 14:39:43,WMT,90.78,12,ASK
1337,2018-12-17 14:39:43,WMT,90.79,10,ASK
1338,2018-12-17 14:37:20,WMT,90.8,18,ASK
1339,2018-12-17 14:37:20,WMT,90.81,10,ASK
1340,2018-12-17 14:40:21,WMT,90.76,11,BID
1341,2018-12-17 14:40:18,WMT,90.75,7,BID
1342,2018-12-17 14:39:58,WMT,90.74,27,BID
1343,2018-12-17 14:39:58,WMT,90.73,12,BID
1344,2018-12-17 14:39:30,WMT,90.72,18,BID
1345,2018-12-17 14:40:13,WMT,90.77,11,ASK
1346,2018-12-17 14:39:43,WMT,90.78,12,ASK
1347,2018-12-17 14:39:43,WMT,90.79,10,ASK
1348,2018-12-17 14:37:20,WMT,90.8,18,ASK
1349,2018-12-17 14:37:20,WMT,90.81,10,ASK
1350,2018-12-17 14:40:18,WMT,90.75,9,BID
1351,2018-12-17 14:39:58,WMT,90.74,27,BID
1352,2018-12-17 14:39:58,WMT,90.73,12,BID
1353,2018-12-17 14:39:30,WMT,90.72,18,BID
1354,2018-12-17 14:39:26,WMT,90.71,17,BID
1355,2018-12-17 14:40:22,WMT,90.76,5,ASK
1356,2018-12-17 14:40:13,WMT,90.77,15,ASK
1357,2018-12-17 14:39:43,WMT,90.78,12,ASK
1358,2018-12-17 14:39:43,WMT,90.79,10,ASK
1359,2018-12-17 14:37:20,WMT,90.8,18,ASK
1360,2018-12-17 14:40:18,WMT,90.75,8,BID
1361,2018-12-17 14:39:58,WMT,90.74,27,BID
1362,2018-12-17 14:39:58,WMT,90.73,12,BID
1363,2018-12-17 14:39:30,WMT,90.72,18,BID
1364,2018-12-17 14:39:26,WMT,90.71,17,BID
1365,2018-12-17 14:40:23,WMT,90.76,6,ASK
1366,2018-12-17 14:40:13,WMT,90.77,15,ASK
1367,2018-12-17 14:39:43,WMT,90.78,12,ASK
1368,2018-12-17 14:39:43,WMT,90.79,10,ASK
1369,2018-12-17 14:37:20,WMT,90.8,18,ASK
1370,2018-12-17 14:40:24,WMT,90.75,5,BID
1371,2018-12-17 14:39:58,WMT,90.74,27,BID
1372,2018-12-17 14:39:58,WMT,90.73,12,BID
1373,2018-12-17 14:39:30,WMT,90.72,18,BID
1374,2018-12-17 14:39:26,WMT,90.71,17,BID
1375,2018-12-17 14:40:24,WMT,90.76,7,ASK
1376,2018-12-17 14:40:13,WMT,90.77,15,ASK
1377,2018-12-17 14:39:43,WMT,90.78,12,ASK
1378,2018-12-17 14:39:43,WMT,90.79,10,ASK
1379,2018-12-17 14:37:20,WMT,90.8,18,ASK
1380,2018-12-17 14:40:25,WMT,90.75,5,BID
1381,2018-12-17 14:39:58,WMT,90.74,27,BID
1382,2018-12-17 14:39:58,WMT,90.73,12,BID
1383,2018-12-17 14:39:30,WMT,90.72,18,BID
1384,2018-12-17 14:39:26,WMT,90.71,17,BID
1385,2018-12-17 14:40:24,WMT,90.76,8,ASK
1386,2018-12-17 14:40:13,WMT,90.77,15,ASK
1387,2018-12-17 14:39:43,WMT,90.78,12,ASK
1388,2018-12-17 14:39:43,WMT,90.79,10,ASK
1389,2018-12-17 14:37:20,WMT,90.8,18,ASK
1390,2018-12-17 14:39:58,WMT,90.74,24,BID
1391,2018-12-17 14:39:58,WMT,90.73,12,BID
1392,2018-12-17 14:39:30,WMT,90.72,18,BID
1393,2018-12-17 14:39:26,WMT,90.71,17,BID
1394,2018-12-17 14:16:22,WMT,90.7,7,BID
1395,2018-12-17 14:40:26,WMT,90.75,6,ASK
1396,2018-12-17 14:40:24,WMT,90.76,12,ASK
1397,2018-12-17 14:40:13,WMT,90.77,15,ASK
1398,2018-12-17 14:39:43,WMT,90.78,12,ASK
1399,2018-12-17 14:39:43,WMT,90.79,10,ASK
1400,2018-12-17 14:40:27,WMT,90.75,11,BID
1401,2018-12-17 14:39:58,WMT,90.74,24,BID
1402,2018-12-17 14:39:58,WMT,90.73,12,BID
1403,2018-12-17 14:39:30,WMT,90.72,18,BID
1404,2018-12-17 14:39:26,WMT,90.71,17,BID
1405,2018-12-17 14:40:24,WMT,90.76,9,ASK
1406,2018-12-17 14:40:13,WMT,90.77,15,ASK
1407,2018-12-17 14:39:43,WMT,90.78,12,ASK
1408,2018-12-17 14:39:43,WMT,90.79,10,ASK
1409,2018-12-17 14:37:20,WMT,90.8,18,ASK
1410,2018-12-17 14:40:28,WMT,90.76,20,BID
1411,2018-12-17 14:40:27,WMT,90.75,15,BID
1412,2018-12-17 14:39:58,WMT,90.74,24,BID
1413,2018-12-17 14:39:58,WMT,90.73,12,BID
1414,2018-12-17 14:39:30,WMT,90.72,18,BID
1415,2018-12-17 14:40:28,WMT,90.77,10,ASK
1416,2018-12-17 14:39:43,WMT,90.78,12,ASK
1417,2018-12-17 14:39:43,WMT,90.79,10,ASK
1418,2018-12-17 14:37:20,WMT,90.8,18,ASK
1419,2018-12-17 14:37:20,WMT,90.81,10,ASK
1420,2018-12-17 14:40:29,WMT,90.75,18,BID
1421,2018-12-17 14:39:58,WMT,90.74,24,BID
1422,2018-12-17 14:39:58,WMT,90.73,12,BID
1423,2018-12-17 14:39:30,WMT,90.72,18,BID
1424,2018-12-17 14:39:26,WMT,90.71,17,BID
1425,2018-12-17 14:40:28,WMT,90.77,12,ASK
1426,2018-12-17 14:39:43,WMT,90.78,12,ASK
1427,2018-12-17 14:39:43,WMT,90.79,10,ASK
1428,2018-12-17 14:37:20,WMT,90.8,18,ASK
1429,2018-12-17 14:37:20,WMT,90.81,10,ASK
1430,2018-12-17 14:40:30,WMT,90.76,1,BID
1431,2018-12-17 14:40:30,WMT,90.75,18,BID
1432,2018-12-17 14:39:58,WMT,90.74,24,BID
1433,2018-12-17 14:39:58,WMT,90.73,12,BID
1434,2018-12-17 14:39:30,WMT,90.72,18,BID
1435,2018-12-17 14:40:28,WMT,90.77,11,ASK
1436,2018-12-17 14:39:43,WMT,90.78,12,ASK
1437,2018-12-17 14:39:43,WMT,90.79,10,ASK
1438,2018-12-17 14:37:20,WMT,90.8,18,ASK
1439,2018-12-17 14:37:20,WMT,90.81,10,ASK
1440,2018-12-17 14:40:31,WMT,90.75,18,BID
1441,2018-12-17 14:39:58,WMT,90.74,24,BID
1442,2018-12-17 14:39:58,WMT,90.73,12,BID
1443,2018-12-17 14:39:30,WMT,90.72,18,BID
1444,2018-12-17 14:39:26,WMT,90.71,17,BID
1445,2018-12-17 14:40:28,WMT,90.77,11,ASK
1446,2018-12-17 14:39:43,WMT,90.78,12,ASK
1447,2018-12-17 14:39:43,WMT,90.79,10,ASK
1448,2018-12-17 14:37:20,WMT,90.8,18,ASK
1449,2018-12-17 14:37:20,WMT,90.81,10,ASK
1450,2018-12-17 14:40:32,WMT,90.76,12,BID
1451,2018-12-17 14:40:32,WMT,90.75,16,BID
1452,2018-12-17 14:39:58,WMT,90.74,24,BID
1453,2018-12-17 14:39:58,WMT,90.73,12,BID
1454,2018-12-17 14:39:30,WMT,90.72,18,BID
1455,2018-12-17 14:40:32,WMT,90.77,7,ASK
1456,2018-12-17 14:39:43,WMT,90.78,12,ASK
1457,2018-12-17 14:39:43,WMT,90.79,10,ASK
1458,2018-12-17 14:37:20,WMT,90.8,18,ASK
1459,2018-12-17 14:37:20,WMT,90.81,10,ASK
1460,2018-12-17 14:40:33,WMT,90.77,21,BID
1461,2018-12-17 14:40:32,WMT,90.76,14,BID
1462,2018-12-17 14:40:32,WMT,90.75,16,BID
1463,2018-12-17 14:39:58,WMT,90.74,24,BID
1464,2018-12-17 14:39:58,WMT,90.73,12,BID
1465,2018-12-17 14:40:33,WMT,90.78,4,ASK
1466,2018-12-17 14:39:43,WMT,90.79,11,ASK
1467,2018-12-17 14:37:20,WMT,90.8,18,ASK
1468,2018-12-17 14:37:20,WMT,90.81,10,ASK
1469,2018-12-17 14:36:30,WMT,90.82,17,ASK
1470,2018-12-17 14:40:33,WMT,90.77,18,BID
1471,2018-12-17 14:40:32,WMT,90.76,14,BID
1472,2018-12-17 14:40:32,WMT,90.75,16,BID
1473,2018-12-17 14:39:58,WMT,90.74,24,BID
1474,2018-12-17 14:39:58,WMT,90.73,12,BID
1475,2018-12-17 14:40:33,WMT,90.78,6,ASK
1476,2018-12-17 14:40:33,WMT,90.79,9,ASK
1477,2018-12-17 14:37:20,WMT,90.8,18,ASK
1478,2018-12-17 14:37:20,WMT,90.81,10,ASK
1479,2018-12-17 14:36:30,WMT,90.82,17,ASK
1480,2018-12-17 14:40:34,WMT,90.78,8,BID
1481,2018-12-17 14:40:33,WMT,90.77,21,BID
1482,2018-12-17 14:40:32,WMT,90.76,14,BID
1483,2018-12-17 14:40:32,WMT,90.75,16,BID
1484,2018-12-17 14:39:58,WMT,90.74,24,BID
1485,2018-12-17 14:40:34,WMT,90.79,9,ASK
1486,2018-12-17 14:37:20,WMT,90.8,18,ASK
1487,2018-12-17 14:37:20,WMT,90.81,10,ASK
1488,2018-12-17 14:36:30,WMT,90.82,17,ASK
1489,2018-12-17 14:35:56,WMT,90.83,14,ASK
1490,2018-12-17 14:40:36,WMT,90.76,13,BID
1491,2018-12-17 14:40:32,WMT,90.75,16,BID
1492,2018-12-17 14:39:58,WMT,90.74,24,BID
1493,2018-12-17 14:39:58,WMT,90.73,12,BID
1494,2018-12-17 14:39:30,WMT,90.72,18,BID
1495,2018-12-17 14:40:36,WMT,90.77,8,ASK
1496,2018-12-17 14:40:36,WMT,90.78,10,ASK
1497,2018-12-17 14:40:34,WMT,90.79,10,ASK
1498,2018-12-17 14:37:20,WMT,90.8,18,ASK
1499,2018-12-17 14:37:20,WMT,90.81,10,ASK
1500,2018-12-17 14:40:37,WMT,90.76,11,BID
1501,2018-12-17 14:40:32,WMT,90.75,16,BID
1502,2018-12-17 14:39:58,WMT,90.74,24,BID
1503,2018-12-17 14:39:58,WMT,90.73,12,BID
1504,2018-12-17 14:39:30,WMT,90.72,18,BID
1505,2018-12-17 14:40:36,WMT,90.77,9,ASK
1506,2018-12-17 14:40:36,WMT,90.78,10,ASK
1507,2018-12-17 14:40:34,WMT,90.79,10,ASK
1508,2018-12-17 14:37:20,WMT,90.8,18,ASK
1509,2018-12-17 14:37:20,WMT,90.81,10,ASK
1510,2018-12-17 14:40:38,WMT,90.76,14,BID
1511,2018-12-17 14:40:32,WMT,90.75,16,BID
1512,2018-12-17 14:39:58,WMT,90.74,24,BID
1513,2018-12-17 14:39:58,WMT,90.73,12,BID
1514,2018-12-17 14:39:30,WMT,90.72,18,BID
1515,2018-12-17 14:40:38,WMT,90.78,6,ASK
1516,2018-12-17 14:40:34,WMT,90.79,10,ASK
1517,2018-12-17 14:37:20,WMT,90.8,18,ASK
1518,2018-12-17 14:37:20,WMT,90.81,10,ASK
1519,2018-12-17 14:36:30,WMT,90.82,17,ASK
1520,2018-12-17 14:40:38,WMT,90.76,14,BID
1521,2018-12-17 14:40:32,WMT,90.75,16,BID
1522,2018-12-17 14:39:58,WMT,90.74,24,BID
1523,2018-12-17 14:39:58,WMT,90.73,12,BID
1524,2018-12-17 14:39:30,WMT,90.72,18,BID
1525,2018-12-17 14:40:38,WMT,90.78,6,ASK
1526,2018-12-17 14:40:34,WMT,90.79,10,ASK
1527,2018-12-17 14:37:20,WMT,90.8,18,ASK
1528,2018-12-17 14:37:20,WMT,90.81,10,ASK
1529,2018-12-17 14:36:30,WMT,90.82,17,ASK
1530,2018-12-17 14:40:40,WMT,90.77,18,BID
1531,2018-12-17 14:40:38,WMT,90.76,16,BID
1532,2018-12-17 14:40:32,WMT,90.75,16,BID
1533,2018-12-17 14:39:58,WMT,90.74,24,BID
1534,2018-12-17 14:39:58,WMT,90.73,12,BID
1535,2018-12-17 14:40:40,WMT,90.78,9,ASK
1536,2018-12-17 14:40:34,WMT,90.79,10,ASK
1537,2018-12-17 14:37:20,WMT,90.8,18,ASK
1538,2018-12-17 14:37:20,WMT,90.81,10,ASK
1539,2018-12-17 14:36:30,WMT,90.82,17,ASK
1540,2018-12-17 14:40:41,WMT,90.77,11,BID
1541,2018-12-17 14:40:38,WMT,90.76,16,BID
1542,2018-12-17 14:40:32,WMT,90.75,16,BID
1543,2018-12-17 14:39:58,WMT,90.74,24,BID
1544,2018-12-17 14:39:58,WMT,90.73,12,BID
1545,2018-12-17 14:40:40,WMT,90.78,10,ASK
1546,2018-12-17 14:40:34,WMT,90.79,10,ASK
1547,2018-12-17 14:37:20,WMT,90.8,18,ASK
1548,2018-12-17 14:37:20,WMT,90.81,10,ASK
1549,2018-12-17 14:36:30,WMT,90.82,17,ASK
1550,2018-12-17 14:40:42,WMT,90.78,19,BID
1551,2018-12-17 14:40:42,WMT,90.77,13,BID
1552,2018-12-17 14:40:38,WMT,90.76,16,BID
1553,2018-12-17 14:40:32,WMT,90.75,16,BID
1554,2018-12-17 14:39:58,WMT,90.74,24,BID
1555,2018-12-17 14:40:42,WMT,90.79,6,ASK
1556,2018-12-17 14:37:20,WMT,90.8,18,ASK
1557,2018-12-17 14:37:20,WMT,90.81,10,ASK
1558,2018-12-17 14:36:30,WMT,90.82,17,ASK
1559,2018-12-17 14:35:56,WMT,90.83,14,ASK
1560,2018-12-17 14:40:43,WMT,90.79,11,BID
1561,2018-12-17 14:40:43,WMT,90.78,19,BID
1562,2018-12-17 14:40:42,WMT,90.77,13,BID
1563,2018-12-17 14:40:38,WMT,90.76,16,BID
1564,2018-12-17 14:40:32,WMT,90.75,16,BID
1565,2018-12-17 14:37:20,WMT,90.8,12,ASK
1566,2018-12-17 14:37:20,WMT,90.81,10,ASK
1567,2018-12-17 14:36:30,WMT,90.82,17,ASK
1568,2018-12-17 14:35:56,WMT,90.83,14,ASK
1569,2018-12-17 14:35:02,WMT,90.84,7,ASK
1570,2018-12-17 14:40:44,WMT,90.8,12,BID
1571,2018-12-17 14:40:44,WMT,90.79,24,BID
1572,2018-12-17 14:40:43,WMT,90.78,19,BID
1573,2018-12-17 14:40:42,WMT,90.77,13,BID
1574,2018-12-17 14:40:38,WMT,90.76,16,BID
1575,2018-12-17 14:40:44,WMT,90.81,12,ASK
1576,2018-12-17 14:36:30,WMT,90.82,17,ASK
1577,2018-12-17 14:35:56,WMT,90.83,14,ASK
1578,2018-12-17 14:35:02,WMT,90.84,7,ASK
1579,2018-12-17 14:34:16,WMT,90.85,18,ASK
1580,2018-12-17 14:40:45,WMT,90.82,11,BID
1581,2018-12-17 14:40:45,WMT,90.81,21,BID
1582,2018-12-17 14:40:45,WMT,90.8,5,BID
1583,2018-12-17 14:40:44,WMT,90.79,19,BID
1584,2018-12-17 14:40:43,WMT,90.78,19,BID
1585,2018-12-17 14:40:45,WMT,90.83,9,ASK
1586,2018-12-17 14:35:02,WMT,90.84,7,ASK
1587,2018-12-17 14:34:16,WMT,90.85,18,ASK
1588,2018-12-17 14:34:07,WMT,90.86,11,ASK
1589,2018-12-17 14:34:06,WMT,90.87,13,ASK
1590,2018-12-17 14:40:45,WMT,90.81,14,BID
1591,2018-12-17 14:40:45,WMT,90.8,5,BID
1592,2018-12-17 14:40:44,WMT,90.79,19,BID
1593,2018-12-17 14:40:43,WMT,90.78,19,BID
1594,2018-12-17 14:40:42,WMT,90.77,13,BID
1595,2018-12-17 14:40:45,WMT,90.82,3,ASK
1596,2018-12-17 14:40:45,WMT,90.83,12,ASK
1597,2018-12-17 14:35:02,WMT,90.84,7,ASK
1598,2018-12-17 14:34:16,WMT,90.85,18,ASK
1599,2018-12-17 14:34:07,WMT,90.86,11,ASK
1600,2018-12-17 14:40:47,WMT,90.82,19,BID
1601,2018-12-17 14:40:47,WMT,90.81,12,BID
1602,2018-12-17 14:40:45,WMT,90.8,5,BID
1603,2018-12-17 14:40:44,WMT,90.79,19,BID
1604,2018-12-17 14:40:43,WMT,90.78,19,BID
1605,2018-12-17 14:35:02,WMT,90.84,8,ASK
1606,2018-12-17 14:34:16,WMT,90.85,18,ASK
1607,2018-12-17 14:34:07,WMT,90.86,11,ASK
1608,2018-12-17 14:34:06,WMT,90.87,13,ASK
1609,2018-12-17 14:34:02,WMT,90.88,15,ASK
1610,2018-12-17 14:40:48,WMT,90.82,7,BID
1611,2018-12-17 14:40:48,WMT,90.81,15,BID
1612,2018-12-17 14:40:45,WMT,90.8,5,BID
1613,2018-12-17 14:40:44,WMT,90.79,19,BID
1614,2018-12-17 14:40:43,WMT,90.78,19,BID
1615,2018-12-17 14:40:48,WMT,90.83,6,ASK
1616,2018-12-17 14:35:02,WMT,90.84,8,ASK
1617,2018-12-17 14:34:16,WMT,90.85,18,ASK
1618,2018-12-17 14:34:07,WMT,90.86,11,ASK
1619,2018-12-17 14:34:06,WMT,90.87,13,ASK
1620,2018-12-17 14:40:49,WMT,90.82,7,BID
1621,2018-12-17 14:40:48,WMT,90.81,15,BID
1622,2018-12-17 14:40:45,WMT,90.8,5,BID
1623,2018-12-17 14:40:44,WMT,90.79,19,BID
1624,2018-12-17 14:40:43,WMT,90.78,19,BID
1625,2018-12-17 14:40:48,WMT,90.83,6,ASK
1626,2018-12-17 14:35:02,WMT,90.84,8,ASK
1627,2018-12-17 14:34:16,WMT,90.85,18,ASK
1628,2018-12-17 14:34:07,WMT,90.86,11,ASK
1629,2018-12-17 14:34:06,WMT,90.87,13,ASK
1630,2018-12-17 14:40:50,WMT,90.81,13,BID
1631,2018-12-17 14:40:45,WMT,90.8,5,BID
1632,2018-12-17 14:40:44,WMT,90.79,19,BID
1633,2018-12-17 14:40:43,WMT,90.78,19,BID
1634,2018-12-17 14:40:42,WMT,90.77,13,BID
1635,2018-12-17 14:40:50,WMT,90.82,1,ASK
1636,2018-12-17 14:40:48,WMT,90.83,9,ASK
1637,2018-12-17 14:35:02,WMT,90.84,8,ASK
1638,2018-12-17 14:34:16,WMT,90.85,18,ASK
1639,2018-12-17 14:34:07,WMT,90.86,11,ASK
1640,2018-12-17 14:40:51,WMT,90.82,3,BID
1641,2018-12-17 14:40:51,WMT,90.81,18,BID
1642,2018-12-17 14:40:45,WMT,90.8,5,BID
1643,2018-12-17 14:40:44,WMT,90.79,19,BID
1644,2018-12-17 14:40:43,WMT,90.78,19,BID
1645,2018-12-17 14:40:51,WMT,90.83,9,ASK
1646,2018-12-17 14:35:02,WMT,90.84,8,ASK
1647,2018-12-17 14:34:16,WMT,90.85,18,ASK
1648,2018-12-17 14:34:07,WMT,90.86,11,ASK
1649,2018-12-17 14:34:06,WMT,90.87,13,ASK
1650,2018-12-17 14:40:52,WMT,90.82,5,BID
1651,2018-12-17 14:40:51,WMT,90.81,18,BID
1652,2018-12-17 14:40:45,WMT,90.8,5,BID
1653,2018-12-17 14:40:44,WMT,90.79,19,BID
1654,2018-12-17 14:40:43,WMT,90.78,19,BID
1655,2018-12-17 14:40:52,WMT,90.83,7,ASK
1656,2018-12-17 14:35:02,WMT,90.84,8,ASK
1657,2018-12-17 14:34:16,WMT,90.85,18,ASK
1658,2018-12-17 14:34:07,WMT,90.86,11,ASK
1659,2018-12-17 14:34:06,WMT,90.87,13,ASK
1660,2018-12-17 14:40:52,WMT,90.82,5,BID
1661,2018-12-17 14:40:51,WMT,90.81,18,BID
1662,2018-12-17 14:40:45,WMT,90.8,5,BID
1663,2018-12-17 14:40:44,WMT,90.79,19,BID
1664,2018-12-17 14:40:43,WMT,90.78,19,BID
1665,2018-12-17 14:40:52,WMT,90.83,7,ASK
1666,2018-12-17 14:35:02,WMT,90.84,8,ASK
1667,2018-12-17 14:34:16,WMT,90.85,18,ASK
1668,2018-12-17 14:34:07,WMT,90.86,11,ASK
1669,2018-12-17 14:34:06,WMT,90.87,13,ASK
1670,2018-12-17 14:40:55,WMT,90.83,6,BID
1671,2018-12-17 14:40:52,WMT,90.82,16,BID
1672,2018-12-17 14:40:51,WMT,90.81,18,BID
1673,2018-12-17 14:40:45,WMT,90.8,5,BID
1674,2018-12-17 14:40:44,WMT,90.79,19,BID
1675,2018-12-17 14:40:55,WMT,90.84,6,ASK
1676,2018-12-17 14:34:16,WMT,90.85,18,ASK
1677,2018-12-17 14:34:07,WMT,90.86,11,ASK
1678,2018-12-17 14:34:06,WMT,90.87,13,ASK
1679,2018-12-17 14:34:02,WMT,90.88,15,ASK
1680,2018-12-17 14:40:55,WMT,90.83,6,BID
1681,2018-12-17 14:40:52,WMT,90.82,16,BID
1682,2018-12-17 14:40:51,WMT,90.81,18,BID
1683,2018-12-17 14:40:45,WMT,90.8,5,BID
1684,2018-12-17 14:40:44,WMT,90.79,19,BID
1685,2018-12-17 14:40:55,WMT,90.84,6,ASK
1686,2018-12-17 14:34:16,WMT,90.85,18,ASK
1687,2018-12-17 14:34:07,WMT,90.86,11,ASK
1688,2018-12-17 14:34:06,WMT,90.87,13,ASK
1689,2018-12-17 14:34:02,WMT,90.88,15,ASK
1690,2018-12-17 14:40:56,WMT,90.84,10,BID
1691,2018-12-17 14:40:55,WMT,90.83,8,BID
1692,2018-12-17 14:40:52,WMT,90.82,16,BID
1693,2018-12-17 14:40:51,WMT,90.81,18,BID
1694,2018-12-17 14:40:45,WMT,90.8,5,BID
1695,2018-12-17 14:40:56,WMT,90.85,7,ASK
1696,2018-12-17 14:34:07,WMT,90.86,11,ASK
1697,2018-12-17 14:34:06,WMT,90.87,13,ASK
1698,2018-12-17 14:34:02,WMT,90.88,15,ASK
1699,2018-12-17 14:23:18,WMT,90.89,12,ASK
1700,2018-12-17 14:40:57,WMT,90.84,8,BID
1701,2018-12-17 14:40:55,WMT,90.83,8,BID
1702,2018-12-17 14:40:52,WMT,90.82,16,BID
1703,2018-12-17 14:40:51,WMT,90.81,18,BID
1704,2018-12-17 14:40:45,WMT,90.8,5,BID
1705,2018-12-17 14:40:56,WMT,90.85,7,ASK
1706,2018-12-17 14:34:07,WMT,90.86,11,ASK
1707,2018-12-17 14:34:06,WMT,90.87,13,ASK
1708,2018-12-17 14:34:02,WMT,90.88,15,ASK
1709,2018-12-17 14:23:18,WMT,90.89,12,ASK
1710,2018-12-17 14:40:59,WMT,90.85,1,BID
1711,2018-12-17 14:40:57,WMT,90.84,9,BID
1712,2018-12-17 14:40:55,WMT,90.83,8,BID
1713,2018-12-17 14:40:52,WMT,90.82,16,BID
1714,2018-12-17 14:40:51,WMT,90.81,18,BID
1715,2018-12-17 14:34:07,WMT,90.86,9,ASK
1716,2018-12-17 14:34:06,WMT,90.87,13,ASK
1717,2018-12-17 14:34:02,WMT,90.88,15,ASK
1718,2018-12-17 14:23:18,WMT,90.89,12,ASK
1719,2018-12-17 14:23:06,WMT,90.9,12,ASK
1720,2018-12-17 14:40:59,WMT,90.85,10,BID
1721,2018-12-17 14:40:57,WMT,90.84,9,BID
1722,2018-12-17 14:40:55,WMT,90.83,8,BID
1723,2018-12-17 14:40:52,WMT,90.82,16,BID
1724,2018-12-17 14:40:51,WMT,90.81,18,BID
1725,2018-12-17 14:34:06,WMT,90.87,11,ASK
1726,2018-12-17 14:34:02,WMT,90.88,15,ASK
1727,2018-12-17 14:23:18,WMT,90.89,12,ASK
1728,2018-12-17 14:23:06,WMT,90.9,12,ASK
1729,2018-12-17 14:23:03,WMT,90.91,10,ASK
1730,2018-12-17 14:41:00,WMT,90.85,12,BID
1731,2018-12-17 14:40:57,WMT,90.84,9,BID
1732,2018-12-17 14:40:55,WMT,90.83,8,BID
1733,2018-12-17 14:40:52,WMT,90.82,16,BID
1734,2018-12-17 14:40:51,WMT,90.81,18,BID
1735,2018-12-17 14:41:00,WMT,90.86,4,ASK
1736,2018-12-17 14:34:06,WMT,90.87,11,ASK
1737,2018-12-17 14:34:02,WMT,90.88,15,ASK
1738,2018-12-17 14:23:18,WMT,90.89,12,ASK
1739,2018-12-17 14:23:06,WMT,90.9,12,ASK
1740,2018-12-17 14:41:01,WMT,90.85,11,BID
1741,2018-12-17 14:40:57,WMT,90.84,9,BID
1742,2018-12-17 14:40:55,WMT,90.83,8,BID
1743,2018-12-17 14:40:52,WMT,90.82,16,BID
1744,2018-12-17 14:40:51,WMT,90.81,18,BID
1745,2018-12-17 14:41:01,WMT,90.86,15,ASK
1746,2018-12-17 14:34:06,WMT,90.87,11,ASK
1747,2018-12-17 14:34:02,WMT,90.88,15,ASK
1748,2018-12-17 14:23:18,WMT,90.89,12,ASK
1749,2018-12-17 14:23:06,WMT,90.9,12,ASK
1750,2018-12-17 14:41:03,WMT,90.84,7,BID
1751,2018-12-17 14:40:55,WMT,90.83,8,BID
1752,2018-12-17 14:40:52,WMT,90.82,16,BID
1753,2018-12-17 14:40:51,WMT,90.81,18,BID
1754,2018-12-17 14:40:45,WMT,90.8,5,BID
1755,2018-12-17 14:41:03,WMT,90.85,3,ASK
1756,2018-12-17 14:41:03,WMT,90.86,13,ASK
1757,2018-12-17 14:34:06,WMT,90.87,11,ASK
1758,2018-12-17 14:34:02,WMT,90.88,15,ASK
1759,2018-12-17 14:23:18,WMT,90.89,12,ASK
1760,2018-12-17 14:41:04,WMT,90.84,9,BID
1761,2018-12-17 14:40:55,WMT,90.83,8,BID
1762,2018-12-17 14:40:52,WMT,90.82,16,BID
1763,2018-12-17 14:40:51,WMT,90.81,18,BID
1764,2018-12-17 14:40:45,WMT,90.8,5,BID
1765,2018-12-17 14:41:03,WMT,90.86,13,ASK
1766,2018-12-17 14:34:06,WMT,90.87,11,ASK
1767,2018-12-17 14:34:02,WMT,90.88,15,ASK
1768,2018-12-17 14:23:18,WMT,90.89,12,ASK
1769,2018-12-17 14:23:06,WMT,90.9,12,ASK
1770,2018-12-17 14:41:04,WMT,90.86,11,BID
1771,2018-12-17 14:41:04,WMT,90.85,10,BID
1772,2018-12-17 14:41:04,WMT,90.84,10,BID
1773,2018-12-17 14:40:55,WMT,90.83,8,BID
1774,2018-12-17 14:40:52,WMT,90.82,16,BID
1775,2018-12-17 14:41:04,WMT,90.87,9,ASK
1776,2018-12-17 14:34:02,WMT,90.88,15,ASK
1777,2018-12-17 14:23:18,WMT,90.89,12,ASK
1778,2018-12-17 14:23:06,WMT,90.9,12,ASK
1779,2018-12-17 14:23:03,WMT,90.91,10,ASK
1780,2018-12-17 14:41:05,WMT,90.86,3,BID
1781,2018-12-17 14:41:04,WMT,90.85,10,BID
1782,2018-12-17 14:41:04,WMT,90.84,10,BID
1783,2018-12-17 14:40:55,WMT,90.83,8,BID
1784,2018-12-17 14:40:52,WMT,90.82,16,BID
1785,2018-12-17 14:41:05,WMT,90.87,8,ASK
1786,2018-12-17 14:34:02,WMT,90.88,15,ASK
1787,2018-12-17 14:23:18,WMT,90.89,12,ASK
1788,2018-12-17 14:23:06,WMT,90.9,12,ASK
1789,2018-12-17 14:23:03,WMT,90.91,10,ASK
1790,2018-12-17 14:41:06,WMT,90.84,9,BID
1791,2018-12-17 14:40:55,WMT,90.83,8,BID
1792,2018-12-17 14:40:52,WMT,90.82,16,BID
1793,2018-12-17 14:40:51,WMT,90.81,18,BID
1794,2018-12-17 14:40:45,WMT,90.8,5,BID
1795,2018-12-17 14:41:07,WMT,90.85,3,ASK
1796,2018-12-17 14:41:06,WMT,90.86,7,ASK
1797,2018-12-17 14:41:05,WMT,90.87,8,ASK
1798,2018-12-17 14:34:02,WMT,90.88,15,ASK
1799,2018-12-17 14:23:18,WMT,90.89,12,ASK
1800,2018-12-17 14:41:06,WMT,90.84,9,BID
1801,2018-12-17 14:40:55,WMT,90.83,8,BID
1802,2018-12-17 14:40:52,WMT,90.82,16,BID
1803,2018-12-17 14:40:51,WMT,90.81,18,BID
1804,2018-12-17 14:40:45,WMT,90.8,5,BID
1805,2018-12-17 14:41:07,WMT,90.86,8,ASK
1806,2018-12-17 14:41:05,WMT,90.87,8,ASK
1807,2018-12-17 14:34:02,WMT,90.88,15,ASK
1808,2018-12-17 14:23:18,WMT,90.89,12,ASK
1809,2018-12-17 14:23:06,WMT,90.9,12,ASK
1810,2018-12-17 14:41:08,WMT,90.85,7,BID
1811,2018-12-17 14:41:06,WMT,90.84,9,BID
1812,2018-12-17 14:40:55,WMT,90.83,8,BID
1813,2018-12-17 14:40:52,WMT,90.82,16,BID
1814,2018-12-17 14:40:51,WMT,90.81,18,BID
1815,2018-12-17 14:41:08,WMT,90.86,5,ASK
1816,2018-12-17 14:41:05,WMT,90.87,8,ASK
1817,2018-12-17 14:34:02,WMT,90.88,15,ASK
1818,2018-12-17 14:23:18,WMT,90.89,12,ASK
1819,2018-12-17 14:23:06,WMT,90.9,12,ASK
1820,2018-12-17 14:41:09,WMT,90.86,6,BID
1821,2018-12-17 14:41:09,WMT,90.85,7,BID
1822,2018-12-17 14:41:06,WMT,90.84,9,BID
1823,2018-12-17 14:40:55,WMT,90.83,8,BID
1824,2018-12-17 14:40:52,WMT,90.82,16,BID
1825,2018-12-17 14:41:05,WMT,90.87,12,ASK
1826,2018-12-17 14:34:02,WMT,90.88,15,ASK
1827,2018-12-17 14:23:18,WMT,90.89,12,ASK
1828,2018-12-17 14:23:06,WMT,90.9,12,ASK
1829,2018-12-17 14:23:03,WMT,90.91,10,ASK
1830,2018-12-17 14:41:10,WMT,90.84,12,BID
1831,2018-12-17 14:40:55,WMT,90.83,8,BID
1832,2018-12-17 14:40:52,WMT,90.82,16,BID
1833,2018-12-17 14:40:51,WMT,90.81,18,BID
1834,2018-12-17 14:40:45,WMT,90.8,5,BID
1835,2018-12-17 14:41:10,WMT,90.85,18,ASK
1836,2018-12-17 14:41:10,WMT,90.86,8,ASK
1837,2018-12-17 14:41:05,WMT,90.87,12,ASK
1838,2018-12-17 14:34:02,WMT,90.88,15,ASK
1839,2018-12-17 14:23:18,WMT,90.89,12,ASK
1840,2018-12-17 14:41:11,WMT,90.83,7,BID
1841,2018-12-17 14:40:52,WMT,90.82,16,BID
1842,2018-12-17 14:40:51,WMT,90.81,18,BID
1843,2018-12-17 14:40:45,WMT,90.8,5,BID
1844,2018-12-17 14:40:44,WMT,90.79,19,BID
1845,2018-12-17 14:41:11,WMT,90.85,22,ASK
1846,2018-12-17 14:41:10,WMT,90.86,8,ASK
1847,2018-12-17 14:41:05,WMT,90.87,12,ASK
1848,2018-12-17 14:34:02,WMT,90.88,15,ASK
1849,2018-12-17 14:23:18,WMT,90.89,12,ASK
1850,2018-12-17 14:41:11,WMT,90.83,7,BID
1851,2018-12-17 14:40:52,WMT,90.82,16,BID
1852,2018-12-17 14:40:51,WMT,90.81,18,BID
1853,2018-12-17 14:40:45,WMT,90.8,5,BID
1854,2018-12-17 14:40:44,WMT,90.79,19,BID
1855,2018-12-17 14:41:11,WMT,90.85,23,ASK
1856,2018-12-17 14:41:10,WMT,90.86,8,ASK
1857,2018-12-17 14:41:05,WMT,90.87,12,ASK
1858,2018-12-17 14:34:02,WMT,90.88,15,ASK
1859,2018-12-17 14:23:18,WMT,90.89,12,ASK
1860,2018-12-17 14:41:11,WMT,90.83,9,BID
1861,2018-12-17 14:40:52,WMT,90.82,16,BID
1862,2018-12-17 14:40:51,WMT,90.81,18,BID
1863,2018-12-17 14:40:45,WMT,90.8,5,BID
1864,2018-12-17 14:40:44,WMT,90.79,19,BID
1865,2018-12-17 14:41:11,WMT,90.85,23,ASK
1866,2018-12-17 14:41:10,WMT,90.86,8,ASK
1867,2018-12-17 14:41:05,WMT,90.87,12,ASK
1868,2018-12-17 14:34:02,WMT,90.88,15,ASK
1869,2018-12-17 14:23:18,WMT,90.89,12,ASK
1870,2018-12-17 14:41:11,WMT,90.83,9,BID
1871,2018-12-17 14:40:52,WMT,90.82,16,BID
1872,2018-12-17 14:40:51,WMT,90.81,18,BID
1873,2018-12-17 14:40:45,WMT,90.8,5,BID
1874,2018-12-17 14:40:44,WMT,90.79,19,BID
1875,2018-12-17 14:41:11,WMT,90.85,26,ASK
1876,2018-12-17 14:41:10,WMT,90.86,8,ASK
1877,2018-12-17 14:41:05,WMT,90.87,12,ASK
1878,2018-12-17 14:34:02,WMT,90.88,15,ASK
1879,2018-12-17 14:23:18,WMT,90.89,12,ASK
1880,2018-12-17 14:41:11,WMT,90.83,9,BID
1881,2018-12-17 14:40:52,WMT,90.82,16,BID
1882,2018-12-17 14:40:51,WMT,90.81,18,BID
1883,2018-12-17 14:40:45,WMT,90.8,5,BID
1884,2018-12-17 14:40:44,WMT,90.79,19,BID
1885,2018-12-17 14:41:11,WMT,90.85,25,ASK
1886,2018-12-17 14:41:10,WMT,90.86,8,ASK
1887,2018-12-17 14:41:05,WMT,90.87,12,ASK
1888,2018-12-17 14:34:02,WMT,90.88,15,ASK
1889,2018-12-17 14:23:18,WMT,90.89,12,ASK
1890,2018-12-17 14:41:11,WMT,90.83,9,BID
1891,2018-12-17 14:40:52,WMT,90.82,16,BID
1892,2018-12-17 14:40:51,WMT,90.81,18,BID
1893,2018-12-17 14:40:45,WMT,90.8,5,BID
1894,2018-12-17 14:40:44,WMT,90.79,19,BID
1895,2018-12-17 14:41:11,WMT,90.85,26,ASK
1896,2018-12-17 14:41:10,WMT,90.86,8,ASK
1897,2018-12-17 14:41:05,WMT,90.87,12,ASK
1898,2018-12-17 14:34:02,WMT,90.88,15,ASK
1899,2018-12-17 14:23:18,WMT,90.89,12,ASK
1900,2018-12-17 14:41:11,WMT,90.83,9,BID
1901,2018-12-17 14:40:52,WMT,90.82,16,BID
1902,2018-12-17 14:40:51,WMT,90.81,18,BID
1903,2018-12-17 14:40:45,WMT,90.8,5,BID
1904,2018-12-17 14:40:44,WMT,90.79,19,BID
1905,2018-12-17 14:41:17,WMT,90.85,29,ASK
1906,2018-12-17 14:41:10,WMT,90.86,8,ASK
1907,2018-12-17 14:41:05,WMT,90.87,12,ASK
1908,2018-12-17 14:34:02,WMT,90.88,15,ASK
1909,2018-12-17 14:23:18,WMT,90.89,12,ASK
1910,2018-12-17 14:41:11,WMT,90.83,9,BID
1911,2018-12-17 14:40:52,WMT,90.82,16,BID
1912,2018-12-17 14:40:51,WMT,90.81,18,BID
1913,2018-12-17 14:40:45,WMT,90.8,5,BID
1914,2018-12-17 14:40:44,WMT,90.79,19,BID
1915,2018-12-17 14:41:18,WMT,90.85,30,ASK
1916,2018-12-17 14:41:10,WMT,90.86,8,ASK
1917,2018-12-17 14:41:05,WMT,90.87,12,ASK
1918,2018-12-17 14:34:02,WMT,90.88,15,ASK
1919,2018-12-17 14:23:18,WMT,90.89,12,ASK
1920,2018-12-17 14:41:11,WMT,90.83,9,BID
1921,2018-12-17 14:40:52,WMT,90.82,16,BID
1922,2018-12-17 14:40:51,WMT,90.81,18,BID
1923,2018-12-17 14:40:45,WMT,90.8,5,BID
1924,2018-12-17 14:40:44,WMT,90.79,19,BID
1925,2018-12-17 14:41:18,WMT,90.85,30,ASK
1926,2018-12-17 14:41:10,WMT,90.86,8,ASK
1927,2018-12-17 14:41:05,WMT,90.87,12,ASK
1928,2018-12-17 14:34:02,WMT,90.88,15,ASK
1929,2018-12-17 14:23:18,WMT,90.89,12,ASK
1930,2018-12-17 14:41:11,WMT,90.83,9,BID
1931,2018-12-17 14:40:52,WMT,90.82,16,BID
1932,2018-12-17 14:40:51,WMT,90.81,18,BID
1933,2018-12-17 14:40:45,WMT,90.8,5,BID
1934,2018-12-17 14:40:44,WMT,90.79,19,BID
1935,2018-12-17 14:41:18,WMT,90.85,30,ASK
1936,2018-12-17 14:41:10,WMT,90.86,8,ASK
1937,2018-12-17 14:41:05,WMT,90.87,12,ASK
1938,2018-12-17 14:34:02,WMT,90.88,15,ASK
1939,2018-12-17 14:23:18,WMT,90.89,12,ASK
1940,2018-12-17 14:41:11,WMT,90.83,9,BID
1941,2018-12-17 14:40:52,WMT,90.82,16,BID
1942,2018-12-17 14:40:51,WMT,90.81,18,BID
1943,2018-12-17 14:40:45,WMT,90.8,5,BID
1944,2018-12-17 14:40:44,WMT,90.79,19,BID
1945,2018-12-17 14:41:18,WMT,90.85,30,ASK
1946,2018-12-17 14:41:10,WMT,90.86,8,ASK
1947,2018-12-17 14:41:05,WMT,90.87,12,ASK
1948,2018-12-17 14:34:02,WMT,90.88,15,ASK
1949,2018-12-17 14:23:18,WMT,90.89,12,ASK
1950,2018-12-17 14:41:11,WMT,90.83,9,BID
1951,2018-12-17 14:40:52,WMT,90.82,16,BID
1952,2018-12-17 14:40:51,WMT,90.81,18,BID
1953,2018-12-17 14:40:45,WMT,90.8,5,BID
1954,2018-12-17 14:40:44,WMT,90.79,19,BID
1955,2018-12-17 14:41:18,WMT,90.85,30,ASK
1956,2018-12-17 14:41:10,WMT,90.86,8,ASK
1957,2018-12-17 14:41:05,WMT,90.87,12,ASK
1958,2018-12-17 14:34:02,WMT,90.88,15,ASK
1959,2018-12-17 14:23:18,WMT,90.89,12,ASK
1960,2018-12-17 14:41:23,WMT,90.85,11,BID
1961,2018-12-17 14:41:23,WMT,90.84,13,BID
1962,2018-12-17 14:41:11,WMT,90.83,9,BID
1963,2018-12-17 14:40:52,WMT,90.82,16,BID
1964,2018-12-17 14:40:51,WMT,90.81,18,BID
1965,2018-12-17 14:41:23,WMT,90.86,2,ASK
1966,2018-12-17 14:41:05,WMT,90.87,12,ASK
1967,2018-12-17 14:34:02,WMT,90.88,15,ASK
1968,2018-12-17 14:23:18,WMT,90.89,12,ASK
1969,2018-12-17 14:23:06,WMT,90.9,12,ASK
1970,2018-12-17 14:41:25,WMT,90.86,17,BID
1971,2018-12-17 14:41:23,WMT,90.85,15,BID
1972,2018-12-17 14:41:23,WMT,90.84,13,BID
1973,2018-12-17 14:41:11,WMT,90.83,9,BID
1974,2018-12-17 14:40:52,WMT,90.82,16,BID
1975,2018-12-17 14:41:05,WMT,90.87,6,ASK
1976,2018-12-17 14:34:02,WMT,90.88,15,ASK
1977,2018-12-17 14:23:18,WMT,90.89,12,ASK
1978,2018-12-17 14:23:06,WMT,90.9,12,ASK
1979,2018-12-17 14:23:03,WMT,90.91,10,ASK
1980,2018-12-17 14:41:25,WMT,90.87,15,BID
1981,2018-12-17 14:41:25,WMT,90.86,14,BID
1982,2018-12-17 14:41:23,WMT,90.85,15,BID
1983,2018-12-17 14:41:23,WMT,90.84,13,BID
1984,2018-12-17 14:41:11,WMT,90.83,9,BID
1985,2018-12-17 14:34:02,WMT,90.88,13,ASK
1986,2018-12-17 14:23:18,WMT,90.89,12,ASK
1987,2018-12-17 14:23:06,WMT,90.9,12,ASK
1988,2018-12-17 14:23:03,WMT,90.91,10,ASK
1989,2018-12-17 14:22:00,WMT,90.92,6,ASK
1990,2018-12-17 14:41:27,WMT,90.88,9,BID
1991,2018-12-17 14:41:26,WMT,90.87,21,BID
1992,2018-12-17 14:41:25,WMT,90.86,14,BID
1993,2018-12-17 14:41:23,WMT,90.85,15,BID
1994,2018-12-17 14:41:23,WMT,90.84,13,BID
1995,2018-12-17 14:41:27,WMT,90.89,5,ASK
1996,2018-12-17 14:23:06,WMT,90.9,12,ASK
1997,2018-12-17 14:23:03,WMT,90.91,10,ASK
1998,2018-12-17 14:22:00,WMT,90.92,6,ASK
1999,2018-12-17 14:21:59,WMT,90.93,10,ASK
2000,2018-12-17 14:41:28,WMT,90.87,20,BID
2001,2018-12-17 14:41:25,WMT,90.86,14,BID
2002,2018-12-17 14:41:23,WMT,90.85,15,BID
2003,2018-12-17 14:41:23,WMT,90.84,13,BID
2004,2018-12-17 14:41:11,WMT,90.83,9,BID
2005,2018-12-17 14:41:27,WMT,90.89,7,ASK
2006,2018-12-17 14:23:06,WMT,90.9,12,ASK
2007,2018-12-17 14:23:03,WMT,90.91,10,ASK
2008,2018-12-17 14:22:00,WMT,90.92,6,ASK
2009,2018-12-17 14:21:59,WMT,90.93,10,ASK
2010,2018-12-17 14:41:28,WMT,90.88,3,BID
2011,2018-12-17 14:41:28,WMT,90.87,22,BID
2012,2018-12-17 14:41:25,WMT,90.86,14,BID
2013,2018-12-17 14:41:23,WMT,90.85,15,BID
2014,2018-12-17 14:41:23,WMT,90.84,13,BID
2015,2018-12-17 14:41:27,WMT,90.89,7,ASK
2016,2018-12-17 14:23:06,WMT,90.9,12,ASK
2017,2018-12-17 14:23:03,WMT,90.91,10,ASK
2018,2018-12-17 14:22:00,WMT,90.92,6,ASK
2019,2018-12-17 14:21:59,WMT,90.93,10,ASK
2020,2018-12-17 14:41:29,WMT,90.88,3,BID
2021,2018-12-17 14:41:28,WMT,90.87,22,BID
2022,2018-12-17 14:41:25,WMT,90.86,14,BID
2023,2018-12-17 14:41:23,WMT,90.85,15,BID
2024,2018-12-17 14:41:23,WMT,90.84,13,BID
2025,2018-12-17 14:41:27,WMT,90.89,7,ASK
2026,2018-12-17 14:23:06,WMT,90.9,12,ASK
2027,2018-12-17 14:23:03,WMT,90.91,10,ASK
2028,2018-12-17 14:22:00,WMT,90.92,6,ASK
2029,2018-12-17 14:21:59,WMT,90.93,10,ASK
2030,2018-12-17 14:41:31,WMT,90.87,21,BID
2031,2018-12-17 14:41:25,WMT,90.86,14,BID
2032,2018-12-17 14:41:23,WMT,90.85,15,BID
2033,2018-12-17 14:41:23,WMT,90.84,13,BID
2034,2018-12-17 14:41:11,WMT,90.83,9,BID
2035,2018-12-17 14:41:30,WMT,90.88,7,ASK
2036,2018-12-17 14:41:30,WMT,90.89,14,ASK
2037,2018-12-17 14:23:06,WMT,90.9,12,ASK
2038,2018-12-17 14:23:03,WMT,90.91,10,ASK
2039,2018-12-17 14:22:00,WMT,90.92,6,ASK
2040,2018-12-17 14:41:32,WMT,90.87,21,BID
2041,2018-12-17 14:41:25,WMT,90.86,14,BID
2042,2018-12-17 14:41:23,WMT,90.85,15,BID
2043,2018-12-17 14:41:23,WMT,90.84,13,BID
2044,2018-12-17 14:41:11,WMT,90.83,9,BID
2045,2018-12-17 14:41:30,WMT,90.88,8,ASK
2046,2018-12-17 14:41:30,WMT,90.89,14,ASK
2047,2018-12-17 14:23:06,WMT,90.9,12,ASK
2048,2018-12-17 14:23:03,WMT,90.91,10,ASK
2049,2018-12-17 14:22:00,WMT,90.92,6,ASK
2050,2018-12-17 14:41:32,WMT,90.87,21,BID
2051,2018-12-17 14:41:25,WMT,90.86,14,BID
2052,2018-12-17 14:41:23,WMT,90.85,15,BID
2053,2018-12-17 14:41:23,WMT,90.84,13,BID
2054,2018-12-17 14:41:11,WMT,90.83,9,BID
2055,2018-12-17 14:41:30,WMT,90.88,9,ASK
2056,2018-12-17 14:41:30,WMT,90.89,14,ASK
2057,2018-12-17 14:23:06,WMT,90.9,12,ASK
2058,2018-12-17 14:23:03,WMT,90.91,10,ASK
2059,2018-12-17 14:22:00,WMT,90.92,6,ASK
2060,2018-12-17 14:41:33,WMT,90.87,8,BID
2061,2018-12-17 14:41:25,WMT,90.86,13,BID
2062,2018-12-17 14:41:23,WMT,90.85,15,BID
2063,2018-12-17 14:41:23,WMT,90.84,13,BID
2064,2018-12-17 14:41:11,WMT,90.83,9,BID
2065,2018-12-17 14:41:33,WMT,90.88,5,ASK
2066,2018-12-17 14:41:30,WMT,90.89,14,ASK
2067,2018-12-17 14:23:06,WMT,90.9,12,ASK
2068,2018-12-17 14:23:03,WMT,90.91,10,ASK
2069,2018-12-17 14:22:00,WMT,90.92,6,ASK
2070,2018-12-17 14:41:34,WMT,90.88,8,BID
2071,2018-12-17 14:41:34,WMT,90.87,8,BID
2072,2018-12-17 14:41:25,WMT,90.86,13,BID
2073,2018-12-17 14:41:23,WMT,90.85,15,BID
2074,2018-12-17 14:41:23,WMT,90.84,13,BID
2075,2018-12-17 14:41:34,WMT,90.89,12,ASK
2076,2018-12-17 14:23:06,WMT,90.9,12,ASK
2077,2018-12-17 14:23:03,WMT,90.91,10,ASK
2078,2018-12-17 14:22:00,WMT,90.92,6,ASK
2079,2018-12-17 14:21:59,WMT,90.93,10,ASK
2080,2018-12-17 14:41:36,WMT,90.87,7,BID
2081,2018-12-17 14:41:25,WMT,90.86,13,BID
2082,2018-12-17 14:41:23,WMT,90.85,15,BID
2083,2018-12-17 14:41:23,WMT,90.84,13,BID
2084,2018-12-17 14:41:11,WMT,90.83,9,BID
2085,2018-12-17 14:41:36,WMT,90.88,7,ASK
2086,2018-12-17 14:41:34,WMT,90.89,12,ASK
2087,2018-12-17 14:23:06,WMT,90.9,12,ASK
2088,2018-12-17 14:23:03,WMT,90.91,10,ASK
2089,2018-12-17 14:22:00,WMT,90.92,6,ASK
2090,2018-12-17 14:41:37,WMT,90.87,6,BID
2091,2018-12-17 14:41:25,WMT,90.86,13,BID
2092,2018-12-17 14:41:23,WMT,90.85,15,BID
2093,2018-12-17 14:41:23,WMT,90.84,13,BID
2094,2018-12-17 14:41:11,WMT,90.83,9,BID
2095,2018-12-17 14:41:36,WMT,90.88,10,ASK
2096,2018-12-17 14:41:34,WMT,90.89,12,ASK
2097,2018-12-17 14:23:06,WMT,90.9,12,ASK
2098,2018-12-17 14:23:03,WMT,90.91,10,ASK
2099,2018-12-17 14:22:00,WMT,90.92,6,ASK
2100,2018-12-17 14:41:37,WMT,90.87,6,BID
2101,2018-12-17 14:41:25,WMT,90.86,13,BID
2102,2018-12-17 14:41:23,WMT,90.85,15,BID
2103,2018-12-17 14:41:23,WMT,90.84,13,BID
2104,2018-12-17 14:41:11,WMT,90.83,9,BID
2105,2018-12-17 14:41:36,WMT,90.88,11,ASK
2106,2018-12-17 14:41:34,WMT,90.89,12,ASK
2107,2018-12-17 14:23:06,WMT,90.9,12,ASK
2108,2018-12-17 14:23:03,WMT,90.91,10,ASK
2109,2018-12-17 14:22:00,WMT,90.92,6,ASK
2110,2018-12-17 14:41:38,WMT,90.86,11,BID
2111,2018-12-17 14:41:23,WMT,90.85,15,BID
2112,2018-12-17 14:41:23,WMT,90.84,13,BID
2113,2018-12-17 14:41:11,WMT,90.83,9,BID
2114,2018-12-17 14:40:52,WMT,90.82,16,BID
2115,2018-12-17 14:41:38,WMT,90.87,8,ASK
2116,2018-12-17 14:41:36,WMT,90.88,11,ASK
2117,2018-12-17 14:41:34,WMT,90.89,12,ASK
2118,2018-12-17 14:23:06,WMT,90.9,12,ASK
2119,2018-12-17 14:23:03,WMT,90.91,10,ASK
2120,2018-12-17 14:41:38,WMT,90.86,11,BID
2121,2018-12-17 14:41:23,WMT,90.85,15,BID
2122,2018-12-17 14:41:23,WMT,90.84,13,BID
2123,2018-12-17 14:41:11,WMT,90.83,9,BID
2124,2018-12-17 14:40:52,WMT,90.82,16,BID
2125,2018-12-17 14:41:39,WMT,90.87,6,ASK
2126,2018-12-17 14:41:36,WMT,90.88,11,ASK
2127,2018-12-17 14:41:34,WMT,90.89,12,ASK
2128,2018-12-17 14:23:06,WMT,90.9,12,ASK
2129,2018-12-17 14:23:03,WMT,90.91,10,ASK
2130,2018-12-17 14:41:41,WMT,90.87,21,BID
2131,2018-12-17 14:41:38,WMT,90.86,11,BID
2132,2018-12-17 14:41:23,WMT,90.85,15,BID
2133,2018-12-17 14:41:23,WMT,90.84,13,BID
2134,2018-12-17 14:41:11,WMT,90.83,9,BID
2135,2018-12-17 14:41:36,WMT,90.88,8,ASK
2136,2018-12-17 14:41:34,WMT,90.89,12,ASK
2137,2018-12-17 14:23:06,WMT,90.9,12,ASK
2138,2018-12-17 14:23:03,WMT,90.91,10,ASK
2139,2018-12-17 14:22:00,WMT,90.92,6,ASK
2140,2018-12-17 14:41:41,WMT,90.88,10,BID
2141,2018-12-17 14:41:41,WMT,90.87,20,BID
2142,2018-12-17 14:41:38,WMT,90.86,11,BID
2143,2018-12-17 14:41:23,WMT,90.85,15,BID
2144,2018-12-17 14:41:23,WMT,90.84,13,BID
2145,2018-12-17 14:41:41,WMT,90.89,8,ASK
2146,2018-12-17 14:23:06,WMT,90.9,12,ASK
2147,2018-12-17 14:23:03,WMT,90.91,10,ASK
2148,2018-12-17 14:22:00,WMT,90.92,6,ASK
2149,2018-12-17 14:21:59,WMT,90.93,10,ASK
2150,2018-12-17 14:41:42,WMT,90.88,7,BID
2151,2018-12-17 14:41:41,WMT,90.87,20,BID
2152,2018-12-17 14:41:38,WMT,90.86,11,BID
2153,2018-12-17 14:41:23,WMT,90.85,15,BID
2154,2018-12-17 14:41:23,WMT,90.84,13,BID
2155,2018-12-17 14:41:41,WMT,90.89,9,ASK
2156,2018-12-17 14:23:06,WMT,90.9,12,ASK
2157,2018-12-17 14:23:03,WMT,90.91,10,ASK
2158,2018-12-17 14:22:00,WMT,90.92,6,ASK
2159,2018-12-17 14:21:59,WMT,90.93,10,ASK
2160,2018-12-17 14:41:44,WMT,90.88,1,BID
2161,2018-12-17 14:41:44,WMT,90.87,10,BID
2162,2018-12-17 14:41:38,WMT,90.86,11,BID
2163,2018-12-17 14:41:23,WMT,90.85,15,BID
2164,2018-12-17 14:41:23,WMT,90.84,13,BID
2165,2018-12-17 14:41:44,WMT,90.88,7,ASK
2166,2018-12-17 14:41:41,WMT,90.89,9,ASK
2167,2018-12-17 14:23:06,WMT,90.9,12,ASK
2168,2018-12-17 14:23:03,WMT,90.91,10,ASK
2169,2018-12-17 14:22:00,WMT,90.92,6,ASK
2170,2018-12-17 14:41:44,WMT,90.88,6,BID
2171,2018-12-17 14:41:44,WMT,90.87,10,BID
2172,2018-12-17 14:41:38,WMT,90.86,11,BID
2173,2018-12-17 14:41:23,WMT,90.85,15,BID
2174,2018-12-17 14:41:23,WMT,90.84,13,BID
2175,2018-12-17 14:41:41,WMT,90.89,7,ASK
2176,2018-12-17 14:23:06,WMT,90.9,12,ASK
2177,2018-12-17 14:23:03,WMT,90.91,10,ASK
2178,2018-12-17 14:22:00,WMT,90.92,6,ASK
2179,2018-12-17 14:21:59,WMT,90.93,10,ASK
2180,2018-12-17 14:41:45,WMT,90.88,19,BID
2181,2018-12-17 14:41:44,WMT,90.87,10,BID
2182,2018-12-17 14:41:38,WMT,90.86,11,BID
2183,2018-12-17 14:41:23,WMT,90.85,15,BID
2184,2018-12-17 14:41:23,WMT,90.84,13,BID
2185,2018-12-17 14:41:41,WMT,90.89,7,ASK
2186,2018-12-17 14:23:06,WMT,90.9,12,ASK
2187,2018-12-17 14:23:03,WMT,90.91,10,ASK
2188,2018-12-17 14:22:00,WMT,90.92,6,ASK
2189,2018-12-17 14:21:59,WMT,90.93,10,ASK
2190,2018-12-17 14:41:47,WMT,90.89,3,BID
2191,2018-12-17 14:41:44,WMT,90.88,19,BID
2192,2018-12-17 14:41:44,WMT,90.87,10,BID
2193,2018-12-17 14:41:39,WMT,90.86,11,BID
2194,2018-12-17 14:41:23,WMT,90.85,15,BID
2195,2018-12-17 14:41:47,WMT,90.9,8,ASK
2196,2018-12-17 14:23:03,WMT,90.91,10,ASK
2197,2018-12-17 14:22:00,WMT,90.92,6,ASK
2198,2018-12-17 14:21:59,WMT,90.93,10,ASK
2199,2018-12-17 14:09:43,WMT,90.94,10,ASK
2200,2018-12-17 14:41:47,WMT,90.89,3,BID
2201,2018-12-17 14:41:44,WMT,90.88,19,BID
2202,2018-12-17 14:41:44,WMT,90.87,10,BID
2203,2018-12-17 14:41:39,WMT,90.86,11,BID
2204,2018-12-17 14:41:23,WMT,90.85,15,BID
2205,2018-12-17 14:41:47,WMT,90.9,11,ASK
2206,2018-12-17 14:23:03,WMT,90.91,10,ASK
2207,2018-12-17 14:22:00,WMT,90.92,6,ASK
2208,2018-12-17 14:21:59,WMT,90.93,10,ASK
2209,2018-12-17 14:09:43,WMT,90.94,10,ASK
2210,2018-12-17 14:41:48,WMT,90.89,4,BID
2211,2018-12-17 14:41:44,WMT,90.88,19,BID
2212,2018-12-17 14:41:44,WMT,90.87,10,BID
2213,2018-12-17 14:41:39,WMT,90.86,11,BID
2214,2018-12-17 14:41:23,WMT,90.85,15,BID
2215,2018-12-17 14:41:47,WMT,90.9,11,ASK
2216,2018-12-17 14:23:03,WMT,90.91,10,ASK
2217,2018-12-17 14:22:00,WMT,90.92,6,ASK
2218,2018-12-17 14:21:59,WMT,90.93,10,ASK
2219,2018-12-17 14:09:43,WMT,90.94,10,ASK
2220,2018-12-17 14:41:50,WMT,90.89,6,BID
2221,2018-12-17 14:41:44,WMT,90.88,19,BID
2222,2018-12-17 14:41:44,WMT,90.87,10,BID
2223,2018-12-17 14:41:39,WMT,90.86,11,BID
2224,2018-12-17 14:41:23,WMT,90.85,15,BID
2225,2018-12-17 14:41:47,WMT,90.9,10,ASK
2226,2018-12-17 14:23:03,WMT,90.91,10,ASK
2227,2018-12-17 14:22:00,WMT,90.92,6,ASK
2228,2018-12-17 14:21:59,WMT,90.93,10,ASK
2229,2018-12-17 14:09:43,WMT,90.94,10,ASK
2230,2018-12-17 14:41:50,WMT,90.89,27,BID
2231,2018-12-17 14:41:44,WMT,90.88,19,BID
2232,2018-12-17 14:41:44,WMT,90.87,10,BID
2233,2018-12-17 14:41:39,WMT,90.86,11,BID
2234,2018-12-17 14:41:23,WMT,90.85,15,BID
2235,2018-12-17 14:23:03,WMT,90.91,10,ASK
2236,2018-12-17 14:22:00,WMT,90.92,6,ASK
2237,2018-12-17 14:21:59,WMT,90.93,10,ASK
2238,2018-12-17 14:09:43,WMT,90.94,10,ASK
2239,2018-12-17 14:09:01,WMT,90.95,18,ASK
2240,2018-12-17 14:41:52,WMT,90.89,26,BID
2241,2018-12-17 14:41:44,WMT,90.88,19,BID
2242,2018-12-17 14:41:44,WMT,90.87,10,BID
2243,2018-12-17 14:41:39,WMT,90.86,11,BID
2244,2018-12-17 14:41:23,WMT,90.85,15,BID
2245,2018-12-17 14:41:51,WMT,90.9,7,ASK
2246,2018-12-17 14:23:03,WMT,90.91,10,ASK
2247,2018-12-17 14:22:00,WMT,90.92,6,ASK
2248,2018-12-17 14:21:59,WMT,90.93,10,ASK
2249,2018-12-17 14:09:43,WMT,90.94,10,ASK
2250,2018-12-17 14:41:52,WMT,90.89,26,BID
2251,2018-12-17 14:41:44,WMT,90.88,19,BID
2252,2018-12-17 14:41:44,WMT,90.87,10,BID
2253,2018-12-17 14:41:39,WMT,90.86,11,BID
2254,2018-12-17 14:41:23,WMT,90.85,15,BID
2255,2018-12-17 14:41:52,WMT,90.9,12,ASK
2256,2018-12-17 14:23:03,WMT,90.91,10,ASK
2257,2018-12-17 14:22:00,WMT,90.92,6,ASK
2258,2018-12-17 14:21:59,WMT,90.93,10,ASK
2259,2018-12-17 14:09:43,WMT,90.94,10,ASK
2260,2018-12-17 14:41:44,WMT,90.88,17,BID
2261,2018-12-17 14:41:44,WMT,90.87,10,BID
2262,2018-12-17 14:41:39,WMT,90.86,11,BID
2263,2018-12-17 14:41:23,WMT,90.85,15,BID
2264,2018-12-17 14:41:23,WMT,90.84,13,BID
2265,2018-12-17 14:41:54,WMT,90.9,18,ASK
2266,2018-12-17 14:23:03,WMT,90.91,10,ASK
2267,2018-12-17 14:22:00,WMT,90.92,6,ASK
2268,2018-12-17 14:21:59,WMT,90.93,10,ASK
2269,2018-12-17 14:09:43,WMT,90.94,10,ASK
2270,2018-12-17 14:41:44,WMT,90.88,17,BID
2271,2018-12-17 14:41:44,WMT,90.87,10,BID
2272,2018-12-17 14:41:39,WMT,90.86,11,BID
2273,2018-12-17 14:41:23,WMT,90.85,15,BID
2274,2018-12-17 14:41:23,WMT,90.84,13,BID
2275,2018-12-17 14:41:55,WMT,90.9,9,ASK
2276,2018-12-17 14:23:03,WMT,90.91,10,ASK
2277,2018-12-17 14:22:00,WMT,90.92,6,ASK
2278,2018-12-17 14:21:59,WMT,90.93,10,ASK
2279,2018-12-17 14:09:43,WMT,90.94,10,ASK
2280,2018-12-17 14:41:44,WMT,90.88,16,BID
2281,2018-12-17 14:41:44,WMT,90.87,10,BID
2282,2018-12-17 14:41:39,WMT,90.86,11,BID
2283,2018-12-17 14:41:23,WMT,90.85,15,BID
2284,2018-12-17 14:41:23,WMT,90.84,13,BID
2285,2018-12-17 14:41:56,WMT,90.89,7,ASK
2286,2018-12-17 14:41:56,WMT,90.9,11,ASK
2287,2018-12-17 14:23:03,WMT,90.91,10,ASK
2288,2018-12-17 14:22:00,WMT,90.92,6,ASK
2289,2018-12-17 14:21:59,WMT,90.93,10,ASK
2290,2018-12-17 14:41:56,WMT,90.89,8,BID
2291,2018-12-17 14:41:44,WMT,90.88,17,BID
2292,2018-12-17 14:41:44,WMT,90.87,10,BID
2293,2018-12-17 14:41:39,WMT,90.86,11,BID
2294,2018-12-17 14:41:23,WMT,90.85,15,BID
2295,2018-12-17 14:41:56,WMT,90.9,8,ASK
2296,2018-12-17 14:23:03,WMT,90.91,10,ASK
2297,2018-12-17 14:22:00,WMT,90.92,6,ASK
2298,2018-12-17 14:21:59,WMT,90.93,10,ASK
2299,2018-12-17 14:09:43,WMT,90.94,10,ASK
2300,2018-12-17 14:41:57,WMT,90.89,13,BID
2301,2018-12-17 14:41:44,WMT,90.88,17,BID
2302,2018-12-17 14:41:44,WMT,90.87,10,BID
2303,2018-12-17 14:41:39,WMT,90.86,11,BID
2304,2018-12-17 14:41:23,WMT,90.85,15,BID
2305,2018-12-17 14:41:58,WMT,90.9,8,ASK
2306,2018-12-17 14:23:03,WMT,90.91,10,ASK
2307,2018-12-17 14:22:00,WMT,90.92,6,ASK
2308,2018-12-17 14:21:59,WMT,90.93,10,ASK
2309,2018-12-17 14:09:43,WMT,90.94,10,ASK
2310,2018-12-17 14:41:57,WMT,90.89,12,BID
2311,2018-12-17 14:41:44,WMT,90.88,17,BID
2312,2018-12-17 14:41:44,WMT,90.87,10,BID
2313,2018-12-17 14:41:39,WMT,90.86,11,BID
2314,2018-12-17 14:41:23,WMT,90.85,15,BID
2315,2018-12-17 14:41:59,WMT,90.9,9,ASK
2316,2018-12-17 14:23:03,WMT,90.91,10,ASK
2317,2018-12-17 14:22:00,WMT,90.92,6,ASK
2318,2018-12-17 14:21:59,WMT,90.93,10,ASK
2319,2018-12-17 14:09:43,WMT,90.94,10,ASK
2320,2018-12-17 14:41:59,WMT,90.89,13,BID
2321,2018-12-17 14:41:44,WMT,90.88,17,BID
2322,2018-12-17 14:41:44,WMT,90.87,10,BID
2323,2018-12-17 14:41:39,WMT,90.86,11,BID
2324,2018-12-17 14:41:23,WMT,90.85,15,BID
2325,2018-12-17 14:42:00,WMT,90.9,9,ASK
2326,2018-12-17 14:23:03,WMT,90.91,10,ASK
2327,2018-12-17 14:22:00,WMT,90.92,6,ASK
2328,2018-12-17 14:21:59,WMT,90.93,10,ASK
2329,2018-12-17 14:09:43,WMT,90.94,10,ASK
2330,2018-12-17 14:42:01,WMT,90.89,12,BID
2331,2018-12-17 14:41:44,WMT,90.88,17,BID
2332,2018-12-17 14:41:44,WMT,90.87,10,BID
2333,2018-12-17 14:41:39,WMT,90.86,11,BID
2334,2018-12-17 14:41:23,WMT,90.85,15,BID
2335,2018-12-17 14:42:01,WMT,90.9,8,ASK
2336,2018-12-17 14:23:03,WMT,90.91,10,ASK
2337,2018-12-17 14:22:00,WMT,90.92,6,ASK
2338,2018-12-17 14:21:59,WMT,90.93,10,ASK
2339,2018-12-17 14:09:43,WMT,90.94,10,ASK
2340,2018-12-17 14:42:02,WMT,90.9,11,BID
2341,2018-12-17 14:42:01,WMT,90.89,16,BID
2342,2018-12-17 14:41:44,WMT,90.88,17,BID
2343,2018-12-17 14:41:44,WMT,90.87,10,BID
2344,2018-12-17 14:41:39,WMT,90.86,11,BID
2345,2018-12-17 14:42:02,WMT,90.91,14,ASK
2346,2018-12-17 14:22:00,WMT,90.92,6,ASK
2347,2018-12-17 14:21:59,WMT,90.93,10,ASK
2348,2018-12-17 14:09:43,WMT,90.94,10,ASK
2349,2018-12-17 14:09:01,WMT,90.95,18,ASK
2350,2018-12-17 14:42:03,WMT,90.9,10,BID
2351,2018-12-17 14:42:01,WMT,90.89,16,BID
2352,2018-12-17 14:41:44,WMT,90.88,17,BID
2353,2018-12-17 14:41:44,WMT,90.87,10,BID
2354,2018-12-17 14:41:39,WMT,90.86,11,BID
2355,2018-12-17 14:42:02,WMT,90.91,14,ASK
2356,2018-12-17 14:22:00,WMT,90.92,6,ASK
2357,2018-12-17 14:21:59,WMT,90.93,10,ASK
2358,2018-12-17 14:09:43,WMT,90.94,10,ASK
2359,2018-12-17 14:09:01,WMT,90.95,18,ASK
2360,2018-12-17 14:42:04,WMT,90.9,12,BID
2361,2018-12-17 14:42:01,WMT,90.89,16,BID
2362,2018-12-17 14:41:44,WMT,90.88,17,BID
2363,2018-12-17 14:41:44,WMT,90.87,10,BID
2364,2018-12-17 14:41:39,WMT,90.86,11,BID
2365,2018-12-17 14:42:04,WMT,90.91,12,ASK
2366,2018-12-17 14:22:00,WMT,90.92,6,ASK
2367,2018-12-17 14:21:59,WMT,90.93,10,ASK
2368,2018-12-17 14:09:43,WMT,90.94,10,ASK
2369,2018-12-17 14:09:01,WMT,90.95,18,ASK
2370,2018-12-17 14:42:04,WMT,90.9,12,BID
2371,2018-12-17 14:42:01,WMT,90.89,16,BID
2372,2018-12-17 14:41:44,WMT,90.88,17,BID
2373,2018-12-17 14:41:44,WMT,90.87,10,BID
2374,2018-12-17 14:41:39,WMT,90.86,11,BID
2375,2018-12-17 14:42:05,WMT,90.91,12,ASK
2376,2018-12-17 14:22:00,WMT,90.92,6,ASK
2377,2018-12-17 14:21:59,WMT,90.93,10,ASK
2378,2018-12-17 14:09:43,WMT,90.94,10,ASK
2379,2018-12-17 14:09:01,WMT,90.95,18,ASK
2380,2018-12-17 14:42:06,WMT,90.9,8,BID
2381,2018-12-17 14:42:01,WMT,90.89,15,BID
2382,2018-12-17 14:41:44,WMT,90.88,17,BID
2383,2018-12-17 14:41:44,WMT,90.87,10,BID
2384,2018-12-17 14:41:39,WMT,90.86,11,BID
2385,2018-12-17 14:42:06,WMT,90.91,10,ASK
2386,2018-12-17 14:22:00,WMT,90.92,6,ASK
2387,2018-12-17 14:21:59,WMT,90.93,10,ASK
2388,2018-12-17 14:09:43,WMT,90.94,10,ASK
2389,2018-12-17 14:09:01,WMT,90.95,18,ASK
2390,2018-12-17 14:42:07,WMT,90.91,9,BID
2391,2018-12-17 14:42:06,WMT,90.9,11,BID
2392,2018-12-17 14:42:01,WMT,90.89,15,BID
2393,2018-12-17 14:41:44,WMT,90.88,17,BID
2394,2018-12-17 14:41:44,WMT,90.87,10,BID
2395,2018-12-17 14:42:06,WMT,90.92,4,ASK
2396,2018-12-17 14:21:59,WMT,90.93,10,ASK
2397,2018-12-17 14:09:43,WMT,90.94,10,ASK
2398,2018-12-17 14:09:01,WMT,90.95,18,ASK
2399,2018-12-17 14:08:56,WMT,90.96,14,ASK
2400,2018-12-17 14:42:08,WMT,90.91,12,BID
2401,2018-12-17 14:42:06,WMT,90.9,11,BID
2402,2018-12-17 14:42:01,WMT,90.89,15,BID
2403,2018-12-17 14:41:44,WMT,90.88,17,BID
2404,2018-12-17 14:41:44,WMT,90.87,10,BID
2405,2018-12-17 14:42:06,WMT,90.92,4,ASK
2406,2018-12-17 14:21:59,WMT,90.93,10,ASK
2407,2018-12-17 14:09:43,WMT,90.94,10,ASK
2408,2018-12-17 14:09:01,WMT,90.95,18,ASK
2409,2018-12-17 14:08:56,WMT,90.96,14,ASK
2410,2018-12-17 14:42:09,WMT,90.91,12,BID
2411,2018-12-17 14:42:06,WMT,90.9,11,BID
2412,2018-12-17 14:42:01,WMT,90.89,15,BID
2413,2018-12-17 14:41:44,WMT,90.88,17,BID
2414,2018-12-17 14:41:44,WMT,90.87,10,BID
2415,2018-12-17 14:42:09,WMT,90.92,1,ASK
2416,2018-12-17 14:42:09,WMT,90.93,15,ASK
2417,2018-12-17 14:09:43,WMT,90.94,10,ASK
2418,2018-12-17 14:09:01,WMT,90.95,18,ASK
2419,2018-12-17 14:08:56,WMT,90.96,14,ASK
2420,2018-12-17 14:42:10,WMT,90.91,12,BID
2421,2018-12-17 14:42:06,WMT,90.9,11,BID
2422,2018-12-17 14:42:01,WMT,90.89,15,BID
2423,2018-12-17 14:41:44,WMT,90.88,17,BID
2424,2018-12-17 14:41:44,WMT,90.87,10,BID
2425,2018-12-17 14:42:10,WMT,90.93,15,ASK
2426,2018-12-17 14:09:43,WMT,90.94,10,ASK
2427,2018-12-17 14:09:01,WMT,90.95,18,ASK
