timestamp,ticker,price,volume,bid_ask
2020-10-30 10:31:25,AAPL,108.97,49,BID
2020-10-30 10:31:26,AAPL,108.98,1,ASK
2020-10-30 10:31:27,AAPL,108.97,44,BID
2020-10-30 10:31:28,AAPL,108.98,1,ASK
2020-10-30 10:31:29,AAPL,108.99,1,BID
2020-10-30 10:30:55,AAPL,109.0,88,ASK
2020-10-30 10:31:30,AAPL,108.99,10,BID
2020-10-30 10:30:55,AAPL,109.0,89,ASK
2020-10-30 10:31:31,AAPL,108.99,10,BID
2020-10-30 10:30:55,AAPL,109.0,90,ASK
2020-10-30 10:31:24,AAPL,108.95,49,BID
2020-10-30 10:31:32,AAPL,108.96,40,ASK
2020-10-30 10:31:32,AAPL,108.88,11,BID
2020-10-30 10:31:32,AAPL,108.89,16,ASK
2020-10-30 10:31:33,AAPL,108.84,8,BID
2020-10-30 10:31:33,AAPL,108.85,24,ASK
2020-10-30 10:31:35,AAPL,108.89,3,BID
2020-10-30 10:31:34,AAPL,108.9,41,ASK
2020-10-30 10:31:36,AAPL,108.91,2,BID
2020-10-30 10:31:35,AAPL,108.92,25,ASK
2020-10-30 10:31:37,AAPL,108.85,35,BID
2020-10-30 10:31:37,AAPL,108.87,2,ASK
2020-10-30 10:31:38,AAPL,108.89,12,BID
2020-10-30 10:31:38,AAPL,108.91,25,ASK
2020-10-30 10:31:39,AAPL,108.88,38,BID
2020-10-30 10:31:39,AAPL,108.89,4,ASK
2020-10-30 10:31:39,AAPL,108.88,33,BID
2020-10-30 10:31:39,AAPL,108.89,10,ASK
2020-10-30 10:31:41,AAPL,108.9,2,BID
2020-10-30 10:31:40,AAPL,108.91,36,ASK
2020-10-30 10:31:42,AAPL,108.9,26,BID
2020-10-30 10:31:42,AAPL,108.91,1,ASK
2020-10-30 10:31:43,AAPL,108.9,56,BID
2020-10-30 10:31:42,AAPL,108.92,46,ASK
2020-10-30 10:31:43,AAPL,108.91,27,BID
2020-10-30 10:31:42,AAPL,108.92,53,ASK
2020-10-30 10:31:45,AAPL,108.88,36,BID
2020-10-30 10:31:45,AAPL,108.9,2,ASK
2020-10-30 10:31:46,AAPL,108.88,23,BID
2020-10-30 10:31:45,AAPL,108.9,45,ASK
2020-10-30 10:31:47,AAPL,108.87,28,BID
2020-10-30 10:31:47,AAPL,108.88,34,ASK
2020-10-30 10:31:47,AAPL,108.84,1,BID
2020-10-30 10:31:47,AAPL,108.86,19,ASK
2020-10-30 10:30:08,AAPL,108.8,42,BID
2020-10-30 10:31:48,AAPL,108.82,6,ASK
2020-10-30 10:31:49,AAPL,108.81,1,BID
2020-10-30 10:31:49,AAPL,108.83,44,ASK
2020-10-30 10:31:50,AAPL,108.82,10,BID
2020-10-30 10:31:50,AAPL,108.83,28,ASK
2020-10-30 10:31:52,AAPL,108.85,29,BID
2020-10-30 10:31:52,AAPL,108.86,1,ASK
2020-10-30 10:31:53,AAPL,108.83,31,BID
2020-10-30 10:31:53,AAPL,108.85,17,ASK
2020-10-30 10:31:53,AAPL,108.85,35,BID
2020-10-30 10:31:54,AAPL,108.86,11,ASK
2020-10-30 10:31:54,AAPL,108.84,34,BID
2020-10-30 10:31:55,AAPL,108.86,26,ASK
2020-10-30 10:31:56,AAPL,108.83,20,BID
2020-10-30 10:31:56,AAPL,108.84,1,ASK
2020-10-30 10:31:57,AAPL,108.81,41,BID
2020-10-30 10:31:57,AAPL,108.82,4,ASK
2020-10-30 10:31:58,AAPL,108.82,1,BID
2020-10-30 10:31:58,AAPL,108.83,32,ASK
2020-10-30 10:31:59,AAPL,108.83,39,BID
2020-10-30 10:31:59,AAPL,108.84,3,ASK
2020-10-30 10:32:00,AAPL,108.82,38,BID
2020-10-30 10:32:00,AAPL,108.82,11,ASK
2020-10-30 10:30:08,AAPL,108.8,46,BID
2020-10-30 10:32:00,AAPL,108.82,52,ASK
2020-10-30 10:30:07,AAPL,108.79,71,BID
2020-10-30 10:32:00,AAPL,108.8,22,ASK
2020-10-30 10:30:07,AAPL,108.79,93,BID
2020-10-30 10:32:01,AAPL,108.8,28,ASK
2020-10-30 10:32:01,AAPL,108.79,8,BID
2020-10-30 10:32:01,AAPL,108.8,58,ASK
2020-10-30 10:32:01,AAPL,108.77,35,BID
2020-10-30 10:32:02,AAPL,108.79,35,ASK
2020-10-30 10:32:02,AAPL,108.78,1,BID
2020-10-30 10:32:02,AAPL,108.79,21,ASK
2020-10-30 10:32:03,AAPL,108.75,21,BID
2020-10-30 10:32:03,AAPL,108.76,41,ASK
2020-10-30 10:32:03,AAPL,108.72,26,BID
2020-10-30 10:32:04,AAPL,108.74,48,ASK
2020-10-30 10:32:04,AAPL,108.74,40,BID
2020-10-30 10:32:04,AAPL,108.76,43,ASK
2020-10-30 10:32:05,AAPL,108.77,2,BID
2020-10-30 10:32:05,AAPL,108.78,2,ASK
2020-10-30 10:32:06,AAPL,108.76,20,BID
2020-10-30 10:32:06,AAPL,108.78,32,ASK
2020-10-30 10:32:04,AAPL,108.72,35,BID
2020-10-30 10:32:08,AAPL,108.73,1,ASK
2020-10-30 10:32:09,AAPL,108.74,18,BID
2020-10-30 10:32:09,AAPL,108.75,25,ASK
2020-10-30 10:32:09,AAPL,108.7,49,BID
2020-10-30 10:32:09,AAPL,108.71,16,ASK
2020-10-30 10:32:11,AAPL,108.74,1,BID
2020-10-30 10:32:11,AAPL,108.75,49,ASK
2020-10-30 10:32:11,AAPL,108.71,11,BID
2020-10-30 10:32:12,AAPL,108.72,3,ASK
2020-10-30 10:32:12,AAPL,108.7,42,BID
2020-10-30 10:32:12,AAPL,108.71,1,ASK
2020-10-30 10:32:13,AAPL,108.69,1,BID
2020-10-30 10:32:13,AAPL,108.7,2,ASK
2020-10-30 10:32:15,AAPL,108.7,3,BID
2020-10-30 10:32:15,AAPL,108.71,35,ASK
2020-10-30 10:32:16,AAPL,108.65,3,BID
2020-10-30 10:32:16,AAPL,108.66,36,ASK
2020-10-30 10:32:17,AAPL,108.64,8,BID
2020-10-30 10:32:17,AAPL,108.65,4,ASK
2020-10-30 10:32:19,AAPL,108.64,8,BID
2020-10-30 10:32:19,AAPL,108.65,6,ASK
2020-10-30 10:32:19,AAPL,108.62,22,BID
2020-10-30 10:32:19,AAPL,108.63,1,ASK
2020-10-30 10:32:20,AAPL,108.6,27,BID
2020-10-30 10:32:20,AAPL,108.61,15,ASK
2020-10-30 10:32:20,AAPL,108.58,22,BID
2020-10-30 10:32:20,AAPL,108.6,35,ASK
2020-10-30 10:32:20,AAPL,108.6,3,BID
2020-10-30 10:32:20,AAPL,108.62,27,ASK
2020-10-30 10:32:21,AAPL,108.59,2,BID
2020-10-30 10:32:21,AAPL,108.6,25,ASK
2020-10-30 10:32:21,AAPL,108.59,7,BID
2020-10-30 10:32:21,AAPL,108.6,36,ASK
2020-10-30 10:32:23,AAPL,108.58,24,BID
2020-10-30 10:32:21,AAPL,108.6,40,ASK
2020-10-30 10:32:23,AAPL,108.61,1,BID
2020-10-30 10:32:23,AAPL,108.62,30,ASK
2020-10-30 10:32:23,AAPL,108.62,16,BID
2020-10-30 10:32:23,AAPL,108.64,60,ASK
2020-10-30 10:32:24,AAPL,108.61,9,BID
2020-10-30 10:32:24,AAPL,108.62,1,ASK
2020-10-30 10:32:24,AAPL,108.59,9,BID
2020-10-30 10:32:24,AAPL,108.6,5,ASK
2020-10-30 10:32:25,AAPL,108.58,16,BID
2020-10-30 10:32:25,AAPL,108.59,36,ASK
2020-10-30 10:32:25,AAPL,108.58,8,BID
2020-10-30 10:32:25,AAPL,108.59,25,ASK
2020-10-30 10:32:25,AAPL,108.59,8,BID
2020-10-30 10:32:25,AAPL,108.6,4,ASK
2020-10-30 10:32:25,AAPL,108.57,11,BID
2020-10-30 10:32:26,AAPL,108.58,4,ASK
2020-10-30 10:32:26,AAPL,108.55,8,BID
2020-10-30 10:32:26,AAPL,108.57,38,ASK
2020-10-30 10:32:27,AAPL,108.52,22,BID
2020-10-30 10:32:27,AAPL,108.54,7,ASK
2020-10-30 10:32:27,AAPL,108.52,6,BID
2020-10-30 10:32:27,AAPL,108.53,1,ASK
2020-10-30 10:32:27,AAPL,108.55,2,BID
2020-10-30 10:32:27,AAPL,108.56,36,ASK
2020-10-30 10:32:28,AAPL,108.55,3,BID
2020-10-30 10:32:28,AAPL,108.57,48,ASK
2020-10-30 10:32:29,AAPL,108.55,6,BID
2020-10-30 10:32:29,AAPL,108.57,1,ASK
2020-10-30 10:32:31,AAPL,108.56,4,BID
2020-10-30 10:32:29,AAPL,108.58,26,ASK
2020-10-30 10:32:31,AAPL,108.59,1,BID
2020-10-30 10:32:31,AAPL,108.6,21,ASK
2020-10-30 10:32:31,AAPL,108.59,1,BID
2020-10-30 10:32:31,AAPL,108.61,17,ASK
2020-10-30 10:32:31,AAPL,108.61,5,BID
2020-10-30 10:32:31,AAPL,108.63,1,ASK
2020-10-30 10:32:32,AAPL,108.64,5,BID
2020-10-30 10:32:32,AAPL,108.66,37,ASK
2020-10-30 10:32:33,AAPL,108.67,4,BID
2020-10-30 10:32:33,AAPL,108.69,20,ASK
2020-10-30 10:32:34,AAPL,108.6,8,BID
2020-10-30 10:32:34,AAPL,108.62,27,ASK
2020-10-30 10:32:36,AAPL,108.61,3,BID
2020-10-30 10:32:36,AAPL,108.63,23,ASK
2020-10-30 10:32:37,AAPL,108.59,8,BID
2020-10-30 10:32:37,AAPL,108.6,10,ASK
2020-10-30 10:32:37,AAPL,108.59,15,BID
2020-10-30 10:32:37,AAPL,108.6,11,ASK
2020-10-30 10:32:38,AAPL,108.58,12,BID
2020-10-30 10:32:38,AAPL,108.57,24,ASK
2020-10-30 10:32:38,AAPL,108.56,21,BID
2020-10-30 10:32:39,AAPL,108.58,32,ASK
2020-10-30 10:32:39,AAPL,108.56,2,BID
2020-10-30 10:32:39,AAPL,108.58,34,ASK
2020-10-30 10:32:40,AAPL,108.56,6,BID
2020-10-30 10:32:40,AAPL,108.58,43,ASK
2020-10-30 10:32:39,AAPL,108.54,14,BID
2020-10-30 10:32:42,AAPL,108.56,18,ASK
2020-10-30 10:32:43,AAPL,108.57,2,BID
2020-10-30 10:32:41,AAPL,108.58,31,ASK
2020-10-30 10:32:44,AAPL,108.55,4,BID
2020-10-30 10:32:44,AAPL,108.56,14,ASK
2020-10-30 10:32:44,AAPL,108.54,15,BID
2020-10-30 10:32:44,AAPL,108.55,4,ASK
2020-10-30 10:32:45,AAPL,108.53,9,BID
2020-10-30 10:32:44,AAPL,108.54,38,ASK
2020-10-30 10:32:46,AAPL,108.58,2,BID
2020-10-30 10:32:44,AAPL,108.59,59,ASK
2020-10-30 10:32:46,AAPL,108.55,3,BID
2020-10-30 10:32:46,AAPL,108.56,1,ASK
2020-10-30 10:32:48,AAPL,108.57,1,BID
2020-10-30 10:32:48,AAPL,108.57,1,ASK
2020-10-30 10:32:49,AAPL,108.64,1,BID
2020-10-30 10:32:49,AAPL,108.65,32,ASK
2020-10-30 10:32:50,AAPL,108.63,1,BID
2020-10-30 10:32:50,AAPL,108.65,32,ASK
2020-10-30 10:32:52,AAPL,108.64,1,BID
2020-10-30 10:32:52,AAPL,108.66,12,ASK
2020-10-30 10:32:54,AAPL,108.64,1,BID
2020-10-30 10:32:54,AAPL,108.65,26,ASK
2020-10-30 10:32:56,AAPL,108.67,2,BID
2020-10-30 10:32:56,AAPL,108.68,14,ASK
2020-10-30 10:32:57,AAPL,108.71,5,BID
2020-10-30 10:32:57,AAPL,108.72,15,ASK
2020-10-30 10:32:57,AAPL,108.84,15,BID
2020-10-30 10:32:57,AAPL,108.86,30,ASK
2020-10-30 10:32:58,AAPL,108.87,47,BID
2020-10-30 10:32:58,AAPL,108.88,40,ASK
2020-10-30 10:32:58,AAPL,108.86,12,BID
2020-10-30 10:32:58,AAPL,108.88,11,ASK
2020-10-30 10:32:59,AAPL,108.84,3,BID
2020-10-30 10:32:59,AAPL,108.85,13,ASK
2020-10-30 10:33:00,AAPL,108.83,16,BID
2020-10-30 10:33:01,AAPL,108.85,32,ASK
2020-10-30 10:33:01,AAPL,108.87,2,BID
2020-10-30 10:33:01,AAPL,108.88,11,ASK
2020-10-30 10:33:02,AAPL,108.9,4,BID
2020-10-30 10:32:58,AAPL,108.91,30,ASK
2020-10-30 10:33:02,AAPL,108.88,28,BID
2020-10-30 10:33:02,AAPL,108.9,15,ASK
2020-10-30 10:33:03,AAPL,108.92,1,BID
2020-10-30 10:33:03,AAPL,108.93,29,ASK
2020-10-30 10:33:04,AAPL,108.95,15,BID
2020-10-30 10:33:04,AAPL,108.96,25,ASK
2020-10-30 10:33:05,AAPL,108.97,39,BID
2020-10-30 10:31:32,AAPL,108.99,82,ASK
2020-10-30 10:33:07,AAPL,108.98,2,BID
2020-10-30 10:31:32,AAPL,108.99,80,ASK
2020-10-30 10:33:07,AAPL,108.97,35,BID
2020-10-30 10:31:32,AAPL,108.99,80,ASK
2020-10-30 10:33:09,AAPL,108.96,4,BID
2020-10-30 10:33:09,AAPL,108.97,28,ASK
2020-10-30 10:33:09,AAPL,108.93,3,BID
2020-10-30 10:33:09,AAPL,108.95,16,ASK
2020-10-30 10:33:10,AAPL,108.97,2,BID
2020-10-30 10:31:32,AAPL,108.99,76,ASK
2020-10-30 10:33:11,AAPL,108.93,10,BID
2020-10-30 10:33:11,AAPL,108.95,1,ASK
2020-10-30 10:33:12,AAPL,108.97,5,BID
2020-10-30 10:33:12,AAPL,108.98,34,ASK
2020-10-30 10:33:14,AAPL,108.94,7,BID
2020-10-30 10:33:14,AAPL,108.95,37,ASK
2020-10-30 10:33:15,AAPL,108.9,28,BID
2020-10-30 10:33:15,AAPL,108.92,18,ASK
2020-10-30 10:33:16,AAPL,108.88,30,BID
2020-10-30 10:33:16,AAPL,108.9,15,ASK
2020-10-30 10:33:17,AAPL,108.88,3,BID
2020-10-30 10:33:17,AAPL,108.9,31,ASK
2020-10-30 10:33:18,AAPL,108.89,2,BID
2020-10-30 10:33:18,AAPL,108.9,29,ASK
2020-10-30 10:33:19,AAPL,108.85,10,BID
2020-10-30 10:33:19,AAPL,108.86,1,ASK
2020-10-30 10:33:20,AAPL,108.86,2,BID
2020-10-30 10:33:20,AAPL,108.87,31,ASK
2020-10-30 10:33:21,AAPL,108.89,25,BID
2020-10-30 10:33:21,AAPL,108.91,29,ASK
2020-10-30 10:33:22,AAPL,108.9,31,BID
2020-10-30 10:33:16,AAPL,108.92,32,ASK
2020-10-30 10:33:23,AAPL,108.88,32,BID
2020-10-30 10:33:23,AAPL,108.9,15,ASK
2020-10-30 10:33:24,AAPL,108.87,4,BID
2020-10-30 10:33:24,AAPL,108.88,2,ASK
2020-10-30 10:33:25,AAPL,108.88,38,BID
2020-10-30 10:33:25,AAPL,108.9,31,ASK
2020-10-30 10:33:27,AAPL,108.88,8,BID
2020-10-30 10:33:27,AAPL,108.9,50,ASK
2020-10-30 10:33:28,AAPL,108.9,40,BID
2020-10-30 10:33:28,AAPL,108.91,1,ASK
2020-10-30 10:33:30,AAPL,108.9,1,BID
2020-10-30 10:33:29,AAPL,108.91,28,ASK
2020-10-30 10:33:31,AAPL,108.9,17,BID
2020-10-30 10:33:31,AAPL,108.91,2,ASK
2020-10-30 10:33:32,AAPL,108.93,30,BID
2020-10-30 10:33:14,AAPL,108.95,36,ASK
2020-10-30 10:33:33,AAPL,108.94,11,BID
2020-10-30 10:33:33,AAPL,108.96,10,ASK
2020-10-30 10:33:34,AAPL,108.97,1,BID
2020-10-30 10:33:34,AAPL,108.98,44,ASK
2020-10-30 10:33:34,AAPL,108.97,45,BID
2020-10-30 10:33:34,AAPL,108.98,36,ASK
2020-10-30 10:33:35,AAPL,108.97,18,BID
2020-10-30 10:33:34,AAPL,108.98,37,ASK
2020-10-30 10:33:36,AAPL,108.93,30,BID
2020-10-30 10:33:36,AAPL,108.95,3,ASK
2020-10-30 10:33:37,AAPL,108.92,27,BID
2020-10-30 10:33:37,AAPL,108.93,41,ASK
2020-10-30 10:33:37,AAPL,108.92,3,BID
2020-10-30 10:33:37,AAPL,108.93,40,ASK
2020-10-30 10:33:38,AAPL,108.92,22,BID
2020-10-30 10:33:38,AAPL,108.93,1,ASK
2020-10-30 10:33:39,AAPL,108.95,1,BID
2020-10-30 10:33:39,AAPL,108.97,31,ASK
2020-10-30 10:33:40,AAPL,108.96,44,BID
2020-10-30 10:33:40,AAPL,108.98,32,ASK
2020-10-30 10:33:42,AAPL,108.95,28,BID
2020-10-30 10:33:42,AAPL,108.96,3,ASK
2020-10-30 10:33:43,AAPL,108.95,4,BID
2020-10-30 10:33:42,AAPL,108.96,32,ASK
2020-10-30 10:33:44,AAPL,108.93,41,BID
2020-10-30 10:33:44,AAPL,108.94,32,ASK
2020-10-30 10:33:44,AAPL,108.91,32,BID
2020-10-30 10:33:44,AAPL,108.93,51,ASK
2020-10-30 10:33:45,AAPL,108.93,12,BID
2020-10-30 10:33:45,AAPL,108.94,2,ASK
2020-10-30 10:33:46,AAPL,108.92,23,BID
2020-10-30 10:33:46,AAPL,108.93,8,ASK
2020-10-30 10:33:47,AAPL,108.93,50,BID
2020-10-30 10:33:47,AAPL,108.95,51,ASK
2020-10-30 10:33:48,AAPL,108.95,4,BID
2020-10-30 10:33:47,AAPL,108.96,34,ASK
2020-10-30 10:33:48,AAPL,108.94,26,BID
2020-10-30 10:33:47,AAPL,108.96,34,ASK
2020-10-30 10:33:49,AAPL,108.94,35,BID
2020-10-30 10:33:47,AAPL,108.96,28,ASK
2020-10-30 10:33:49,AAPL,108.96,1,BID
2020-10-30 10:33:49,AAPL,108.97,28,ASK
2020-10-30 10:33:51,AAPL,108.97,38,BID
2020-10-30 10:33:50,AAPL,108.99,32,ASK
2020-10-30 10:33:51,AAPL,108.94,39,BID
2020-10-30 10:33:52,AAPL,108.95,1,ASK
2020-10-30 10:33:53,AAPL,108.92,1,BID
2020-10-30 10:33:53,AAPL,108.93,2,ASK
2020-10-30 10:33:55,AAPL,108.94,11,BID
2020-10-30 10:33:55,AAPL,108.95,29,ASK
2020-10-30 10:33:56,AAPL,108.94,43,BID
2020-10-30 10:33:55,AAPL,108.96,44,ASK
2020-10-30 10:33:57,AAPL,109.0,12,BID
2020-10-30 10:30:52,AAPL,109.01,51,ASK
2020-10-30 10:33:58,AAPL,109.01,43,BID
2020-10-30 10:33:58,AAPL,109.02,3,ASK
2020-10-30 10:34:00,AAPL,109.0,38,BID
2020-10-30 10:33:59,AAPL,109.02,48,ASK
2020-10-30 10:34:01,AAPL,109.0,28,BID
2020-10-30 10:34:01,AAPL,109.02,37,ASK
2020-10-30 10:34:01,AAPL,108.99,40,BID
2020-10-30 10:34:01,AAPL,109.01,23,ASK
2020-10-30 10:34:02,AAPL,108.97,2,BID
2020-10-30 10:34:02,AAPL,108.98,2,ASK
2020-10-30 10:34:03,AAPL,108.93,24,BID
2020-10-30 10:34:03,AAPL,108.94,1,ASK
2020-10-30 10:34:03,AAPL,108.96,28,BID
2020-10-30 10:34:02,AAPL,108.98,54,ASK
2020-10-30 10:34:04,AAPL,108.96,4,BID
2020-10-30 10:34:04,AAPL,108.98,41,ASK
2020-10-30 10:34:05,AAPL,108.92,2,BID
2020-10-30 10:34:05,AAPL,108.93,56,ASK
2020-10-30 10:34:06,AAPL,108.92,38,BID
2020-10-30 10:34:06,AAPL,108.94,21,ASK
2020-10-30 10:34:07,AAPL,108.92,53,BID
2020-10-30 10:34:07,AAPL,108.94,1,ASK
2020-10-30 10:34:08,AAPL,108.89,37,BID
2020-10-30 10:34:08,AAPL,108.9,17,ASK
2020-10-30 10:34:09,AAPL,108.88,35,BID
2020-10-30 10:34:09,AAPL,108.9,42,ASK
2020-10-30 10:34:09,AAPL,108.87,25,BID
2020-10-30 10:34:09,AAPL,108.88,3,ASK
2020-10-30 10:34:10,AAPL,108.85,33,BID
2020-10-30 10:34:10,AAPL,108.86,1,ASK
2020-10-30 10:34:10,AAPL,108.85,34,BID
2020-10-30 10:34:10,AAPL,108.87,19,ASK
2020-10-30 10:34:11,AAPL,108.91,2,BID
2020-10-30 10:34:08,AAPL,108.93,22,ASK
2020-10-30 10:34:12,AAPL,108.89,14,BID
2020-10-30 10:34:12,AAPL,108.91,2,ASK
2020-10-30 10:34:13,AAPL,108.89,27,BID
2020-10-30 10:34:13,AAPL,108.91,15,ASK
2020-10-30 10:34:13,AAPL,108.89,40,BID
2020-10-30 10:34:14,AAPL,108.91,45,ASK
2020-10-30 10:34:14,AAPL,108.92,14,BID
2020-10-30 10:34:12,AAPL,108.93,25,ASK
2020-10-30 10:34:15,AAPL,108.9,17,BID
2020-10-30 10:34:15,AAPL,108.92,2,ASK
2020-10-30 10:34:15,AAPL,108.89,35,BID
2020-10-30 10:34:15,AAPL,108.9,29,ASK
2020-10-30 10:34:16,AAPL,108.94,2,BID
2020-10-30 10:34:16,AAPL,108.96,43,ASK
2020-10-30 10:34:18,AAPL,108.95,1,BID
2020-10-30 10:34:18,AAPL,108.96,39,ASK
2020-10-30 10:34:19,AAPL,108.89,44,BID
2020-10-30 10:34:19,AAPL,108.9,1,ASK
2020-10-30 10:34:19,AAPL,108.89,40,BID
2020-10-30 10:34:20,AAPL,108.9,17,ASK
2020-10-30 10:34:22,AAPL,108.9,1,BID
2020-10-30 10:34:22,AAPL,108.91,23,ASK
2020-10-30 10:34:10,AAPL,108.85,38,BID
2020-10-30 10:34:23,AAPL,108.86,1,ASK
2020-10-30 10:34:10,AAPL,108.85,41,BID
2020-10-30 10:34:24,AAPL,108.87,15,ASK
2020-10-30 10:34:24,AAPL,108.87,10,BID
2020-10-30 10:34:24,AAPL,108.88,1,ASK
2020-10-30 10:34:25,AAPL,108.87,3,BID
2020-10-30 10:34:25,AAPL,108.89,15,ASK
2020-10-30 10:34:26,AAPL,108.88,47,BID
2020-10-30 10:34:26,AAPL,108.9,4,ASK
2020-10-30 10:34:10,AAPL,108.85,49,BID
2020-10-30 10:34:28,AAPL,108.87,15,ASK
2020-10-30 10:34:29,AAPL,108.82,32,BID
2020-10-30 10:34:29,AAPL,108.84,59,ASK
2020-10-30 10:34:31,AAPL,108.86,30,BID
2020-10-30 10:34:31,AAPL,108.87,20,ASK
2020-10-30 10:34:32,AAPL,108.86,55,BID
2020-10-30 10:34:32,AAPL,108.88,32,ASK
2020-10-30 10:34:34,AAPL,108.87,41,BID
2020-10-30 10:34:34,AAPL,108.88,2,ASK
2020-10-30 10:34:35,AAPL,108.87,2,BID
2020-10-30 10:34:34,AAPL,108.88,31,ASK
2020-10-30 10:34:36,AAPL,108.87,27,BID
2020-10-30 10:34:34,AAPL,108.88,32,ASK
2020-10-30 10:34:37,AAPL,108.92,29,BID
2020-10-30 10:34:18,AAPL,108.94,31,ASK
2020-10-30 10:34:39,AAPL,108.91,2,BID
2020-10-30 10:34:38,AAPL,108.92,36,ASK
2020-10-30 10:34:40,AAPL,108.89,39,BID
2020-10-30 10:34:41,AAPL,108.91,9,ASK
2020-10-30 10:34:42,AAPL,108.9,18,BID
2020-10-30 10:34:38,AAPL,108.92,49,ASK
2020-10-30 10:34:44,AAPL,108.92,2,BID
2020-10-30 10:34:44,AAPL,108.93,1,ASK
2020-10-30 10:34:45,AAPL,108.92,22,BID
2020-10-30 10:34:45,AAPL,108.94,21,ASK
2020-10-30 10:34:46,AAPL,108.9,26,BID
2020-10-30 10:34:46,AAPL,108.91,1,ASK
2020-10-30 10:34:49,AAPL,108.91,29,BID
2020-10-30 10:34:49,AAPL,108.93,19,ASK
2020-10-30 10:34:50,AAPL,108.95,3,BID
2020-10-30 10:34:49,AAPL,108.96,29,ASK
2020-10-30 10:34:50,AAPL,108.95,5,BID
2020-10-30 10:34:49,AAPL,108.96,27,ASK
2020-10-30 10:34:51,AAPL,108.93,36,BID
2020-10-30 10:34:51,AAPL,108.94,11,ASK
2020-10-30 10:34:51,AAPL,108.91,31,BID
2020-10-30 10:34:51,AAPL,108.92,1,ASK
2020-10-30 10:34:51,AAPL,108.9,23,BID
2020-10-30 10:34:51,AAPL,108.91,5,ASK
2020-10-30 10:34:52,AAPL,108.88,20,BID
2020-10-30 10:34:52,AAPL,108.89,26,ASK
2020-10-30 10:34:52,AAPL,108.89,1,BID
2020-10-30 10:34:52,AAPL,108.9,35,ASK
2020-10-30 10:34:53,AAPL,108.88,27,BID
2020-10-30 10:34:53,AAPL,108.9,2,ASK
2020-10-30 10:34:53,AAPL,108.88,27,BID
2020-10-30 10:34:53,AAPL,108.89,1,ASK
2020-10-30 10:34:53,AAPL,108.88,27,BID
2020-10-30 10:34:53,AAPL,108.89,1,ASK
2020-10-30 10:34:53,AAPL,108.87,41,BID
2020-10-30 10:34:53,AAPL,108.89,28,ASK
2020-10-30 10:34:35,AAPL,108.86,63,BID
2020-10-30 10:34:53,AAPL,108.88,27,ASK
2020-10-30 10:34:54,AAPL,108.83,12,BID
2020-10-30 10:34:54,AAPL,108.85,39,ASK
2020-10-30 10:34:55,AAPL,108.84,26,BID
2020-10-30 10:34:54,AAPL,108.85,61,ASK
2020-10-30 10:34:58,AAPL,108.84,31,BID
2020-10-30 10:34:58,AAPL,108.86,2,ASK
2020-10-30 10:35:00,AAPL,108.83,1,BID
2020-10-30 10:35:00,AAPL,108.84,38,ASK
2020-10-30 10:35:03,AAPL,108.8,44,BID
2020-10-30 10:35:03,AAPL,108.82,27,ASK
2020-10-30 10:35:04,AAPL,108.8,2,BID
2020-10-30 10:35:04,AAPL,108.81,49,ASK
2020-10-30 10:35:05,AAPL,108.8,19,BID
2020-10-30 10:35:05,AAPL,108.82,33,ASK
2020-10-30 10:35:05,AAPL,108.8,19,BID
2020-10-30 10:35:05,AAPL,108.82,33,ASK
2020-10-30 10:35:05,AAPL,108.79,32,BID
2020-10-30 10:35:05,AAPL,108.81,2,ASK
2020-10-30 10:35:04,AAPL,108.78,34,BID
2020-10-30 10:35:05,AAPL,108.79,2,ASK
2020-10-30 10:35:04,AAPL,108.78,41,BID
2020-10-30 10:35:05,AAPL,108.79,97,ASK
2020-10-30 10:35:05,AAPL,108.77,5,BID
2020-10-30 10:35:05,AAPL,108.77,28,ASK
2020-10-30 10:35:05,AAPL,108.77,5,BID
2020-10-30 10:35:05,AAPL,108.77,29,ASK
2020-10-30 10:35:05,AAPL,108.77,5,BID
2020-10-30 10:35:05,AAPL,108.77,29,ASK
2020-10-30 10:35:05,AAPL,108.77,5,BID
2020-10-30 10:35:05,AAPL,108.77,29,ASK
2020-10-30 10:35:05,AAPL,108.77,5,BID
2020-10-30 10:35:05,AAPL,108.77,29,ASK
2020-10-30 10:35:05,AAPL,108.77,5,BID
2020-10-30 10:35:05,AAPL,108.77,29,ASK
2020-10-30 10:32:57,AAPL,108.77,5,BID
2020-10-30 10:35:05,AAPL,108.77,29,ASK
2020-10-30 10:32:57,AAPL,108.77,5,BID
2020-10-30 10:35:05,AAPL,108.77,30,ASK
2020-10-30 10:35:06,AAPL,108.75,5,BID
2020-10-30 10:35:06,AAPL,108.75,54,ASK
2020-10-30 10:35:08,AAPL,108.74,2,BID
2020-10-30 10:35:08,AAPL,108.75,26,ASK
2020-10-30 10:35:08,AAPL,108.75,21,BID
2020-10-30 10:35:08,AAPL,108.76,3,ASK
2020-10-30 10:35:08,AAPL,108.75,21,BID
2020-10-30 10:35:08,AAPL,108.76,3,ASK
2020-10-30 10:35:08,AAPL,108.75,21,BID
2020-10-30 10:35:08,AAPL,108.76,3,ASK
2020-10-30 10:35:09,AAPL,108.73,25,BID
2020-10-30 10:35:09,AAPL,108.75,41,ASK
2020-10-30 10:35:09,AAPL,108.77,1,BID
2020-10-30 10:35:09,AAPL,108.78,39,ASK
2020-10-30 10:35:11,AAPL,108.76,4,BID
2020-10-30 10:35:11,AAPL,108.77,337,ASK
2020-10-30 10:35:13,AAPL,108.79,29,BID
2020-10-30 10:35:13,AAPL,108.81,30,ASK
2020-10-30 10:35:17,AAPL,108.76,1,BID
2020-10-30 10:35:17,AAPL,108.77,17,ASK
2020-10-30 10:35:20,AAPL,108.68,23,BID
2020-10-30 10:35:20,AAPL,108.69,29,ASK
2020-10-30 10:35:20,AAPL,108.65,25,BID
2020-10-30 10:35:20,AAPL,108.66,19,ASK
2020-10-30 10:35:20,AAPL,108.62,35,BID
2020-10-30 10:35:20,AAPL,108.64,39,ASK
2020-10-30 10:35:20,AAPL,108.63,16,BID
2020-10-30 10:35:20,AAPL,108.64,10,ASK
2020-10-30 10:35:21,AAPL,108.65,22,BID
2020-10-30 10:35:21,AAPL,108.67,48,ASK
2020-10-30 10:35:21,AAPL,108.66,15,BID
2020-10-30 10:35:21,AAPL,108.67,1,ASK
2020-10-30 10:35:21,AAPL,108.66,15,BID
2020-10-30 10:35:21,AAPL,108.67,32,ASK
2020-10-30 10:35:22,AAPL,108.61,17,BID
2020-10-30 10:35:22,AAPL,108.62,21,ASK
2020-10-30 10:35:22,AAPL,108.6,11,BID
2020-10-30 10:35:22,AAPL,108.61,3,ASK
2020-10-30 10:35:22,AAPL,108.65,10,BID
2020-10-30 10:35:22,AAPL,108.66,2,ASK
2020-10-30 10:35:23,AAPL,108.66,16,BID
2020-10-30 10:35:23,AAPL,108.67,1,ASK
2020-10-30 10:35:24,AAPL,108.68,6,BID
2020-10-30 10:35:24,AAPL,108.7,3,ASK
2020-10-30 10:35:24,AAPL,108.67,9,BID
2020-10-30 10:35:24,AAPL,108.69,28,ASK
2020-10-30 10:35:25,AAPL,108.66,25,BID
2020-10-30 10:35:25,AAPL,108.67,2,ASK
2020-10-30 10:35:26,AAPL,108.65,11,BID
2020-10-30 10:35:26,AAPL,108.66,8,ASK
2020-10-30 10:35:27,AAPL,108.64,2,BID
2020-10-30 10:35:27,AAPL,108.66,34,ASK
2020-10-30 10:35:28,AAPL,108.62,14,BID
2020-10-30 10:35:28,AAPL,108.63,3,ASK
2020-10-30 10:35:29,AAPL,108.61,17,BID
2020-10-30 10:35:29,AAPL,108.63,25,ASK
2020-10-30 10:35:29,AAPL,108.64,3,BID
2020-10-30 10:35:29,AAPL,108.66,40,ASK
2020-10-30 10:35:29,AAPL,108.65,2,BID
2020-10-30 10:35:29,AAPL,108.67,43,ASK
2020-10-30 10:35:30,AAPL,108.65,7,BID
2020-10-30 10:35:30,AAPL,108.67,34,ASK
2020-10-30 10:35:30,AAPL,108.6,5,BID
2020-10-30 10:35:30,AAPL,108.61,3,ASK
2020-10-30 10:35:31,AAPL,108.64,2,BID
2020-10-30 10:35:31,AAPL,108.66,36,ASK
2020-10-30 10:35:32,AAPL,108.61,9,BID
2020-10-30 10:35:32,AAPL,108.62,2,ASK
2020-10-30 10:35:32,AAPL,108.63,5,BID
2020-10-30 10:35:32,AAPL,108.64,2,ASK
2020-10-30 10:35:32,AAPL,108.63,5,BID
2020-10-30 10:35:32,AAPL,108.65,17,ASK
2020-10-30 10:35:33,AAPL,108.64,2,BID
2020-10-30 10:35:33,AAPL,108.65,18,ASK
2020-10-30 10:35:35,AAPL,108.64,2,BID
2020-10-30 10:35:34,AAPL,108.65,22,ASK
2020-10-30 10:35:36,AAPL,108.65,2,BID
2020-10-30 10:35:36,AAPL,108.66,10,ASK
2020-10-30 10:35:38,AAPL,108.63,38,BID
2020-10-30 10:35:38,AAPL,108.65,2,ASK
2020-10-30 10:35:39,AAPL,108.65,50,BID
2020-10-30 10:35:30,AAPL,108.67,36,ASK
2020-10-30 10:35:40,AAPL,108.61,45,BID
2020-10-30 10:35:40,AAPL,108.63,38,ASK
2020-10-30 10:35:42,AAPL,108.58,20,BID
2020-10-30 10:35:41,AAPL,108.6,38,ASK
2020-10-30 10:35:42,AAPL,108.6,23,BID
2020-10-30 10:35:42,AAPL,108.62,43,ASK
2020-10-30 10:35:42,AAPL,108.58,25,BID
2020-10-30 10:35:43,AAPL,108.59,1,ASK
2020-10-30 10:35:44,AAPL,108.62,6,BID
2020-10-30 10:35:43,AAPL,108.63,38,ASK
2020-10-30 10:35:44,AAPL,108.62,29,BID
2020-10-30 10:35:44,AAPL,108.64,34,ASK
2020-10-30 10:35:44,AAPL,108.63,75,BID
2020-10-30 10:35:44,AAPL,108.65,18,ASK
2020-10-30 10:35:45,AAPL,108.6,24,BID
2020-10-30 10:35:45,AAPL,108.61,3,ASK
2020-10-30 10:35:45,AAPL,108.6,3,BID
2020-10-30 10:35:45,AAPL,108.61,28,ASK
2020-10-30 10:35:45,AAPL,108.61,2,BID
2020-10-30 10:35:45,AAPL,108.62,3,ASK
2020-10-30 10:35:46,AAPL,108.6,31,BID
2020-10-30 10:35:47,AAPL,108.61,22,ASK
2020-10-30 10:35:48,AAPL,108.6,23,BID
2020-10-30 10:35:48,AAPL,108.61,29,ASK
2020-10-30 10:35:49,AAPL,108.64,31,BID
2020-10-30 10:35:39,AAPL,108.66,65,ASK
2020-10-30 10:35:51,AAPL,108.63,33,BID
2020-10-30 10:35:51,AAPL,108.64,2,ASK
2020-10-30 10:35:52,AAPL,108.6,37,BID
2020-10-30 10:35:52,AAPL,108.62,3,ASK
2020-10-30 10:35:52,AAPL,108.6,30,BID
2020-10-30 10:35:52,AAPL,108.61,8,ASK
2020-10-30 10:35:54,AAPL,108.6,1,BID
2020-10-30 10:35:54,AAPL,108.61,42,ASK
2020-10-30 10:35:55,AAPL,108.59,30,BID
2020-10-30 10:35:55,AAPL,108.61,2,ASK
2020-10-30 10:35:55,AAPL,108.59,40,BID
2020-10-30 10:35:55,AAPL,108.61,29,ASK
2020-10-30 10:35:57,AAPL,108.61,6,BID
2020-10-30 10:35:55,AAPL,108.62,27,ASK
2020-10-30 10:35:57,AAPL,108.61,2,BID
2020-10-30 10:35:57,AAPL,108.63,33,ASK
2020-10-30 10:35:57,AAPL,108.61,2,BID
2020-10-30 10:35:57,AAPL,108.63,33,ASK
2020-10-30 10:35:57,AAPL,108.61,2,BID
2020-10-30 10:35:57,AAPL,108.63,33,ASK
2020-10-30 10:35:57,AAPL,108.61,2,BID
2020-10-30 10:35:57,AAPL,108.63,33,ASK
2020-10-30 10:35:57,AAPL,108.61,2,BID
2020-10-30 10:35:57,AAPL,108.63,33,ASK
2020-10-30 10:35:58,AAPL,108.68,2,BID
2020-10-30 10:35:58,AAPL,108.69,23,ASK
2020-10-30 10:36:01,AAPL,108.57,10,BID
2020-10-30 10:36:01,AAPL,108.59,52,ASK
2020-10-30 10:32:48,AAPL,108.55,15,BID
2020-10-30 10:36:02,AAPL,108.56,32,ASK
2020-10-30 10:36:03,AAPL,108.56,6,BID
2020-10-30 10:36:03,AAPL,108.58,27,ASK
2020-10-30 10:36:04,AAPL,108.59,32,BID
2020-10-30 10:36:04,AAPL,108.61,44,ASK
2020-10-30 10:36:05,AAPL,108.62,20,BID
2020-10-30 10:36:05,AAPL,108.64,2,ASK
2020-10-30 10:36:06,AAPL,108.63,3,BID
2020-10-30 10:36:05,AAPL,108.65,48,ASK
2020-10-30 10:36:07,AAPL,108.65,2,BID
2020-10-30 10:36:07,AAPL,108.66,42,ASK
2020-10-30 10:36:08,AAPL,108.66,33,BID
2020-10-30 10:36:08,AAPL,108.68,45,ASK
2020-10-30 10:36:09,AAPL,108.63,55,BID
2020-10-30 10:36:09,AAPL,108.64,4,ASK
2020-10-30 10:36:11,AAPL,108.62,34,BID
2020-10-30 10:36:11,AAPL,108.64,34,ASK
2020-10-30 10:36:13,AAPL,108.67,31,BID
2020-10-30 10:36:13,AAPL,108.69,5,ASK
2020-10-30 10:36:14,AAPL,108.67,24,BID
2020-10-30 10:36:14,AAPL,108.68,45,ASK
2020-10-30 10:36:14,AAPL,108.65,31,BID
2020-10-30 10:36:14,AAPL,108.67,16,ASK
2020-10-30 10:36:15,AAPL,108.65,27,BID
2020-10-30 10:36:15,AAPL,108.66,21,ASK
2020-10-30 10:36:16,AAPL,108.68,5,BID
2020-10-30 10:36:15,AAPL,108.69,37,ASK
2020-10-30 10:36:17,AAPL,108.67,20,BID
2020-10-30 10:36:17,AAPL,108.68,48,ASK
2020-10-30 10:36:17,AAPL,108.68,1,BID
2020-10-30 10:36:17,AAPL,108.69,45,ASK
2020-10-30 10:36:18,AAPL,108.66,25,BID
2020-10-30 10:36:18,AAPL,108.67,2,ASK
2020-10-30 10:36:19,AAPL,108.63,33,BID
2020-10-30 10:36:19,AAPL,108.64,2,ASK
2020-10-30 10:36:11,AAPL,108.62,28,BID
2020-10-30 10:36:20,AAPL,108.64,36,ASK
2020-10-30 10:36:21,AAPL,108.64,1,BID
2020-10-30 10:36:21,AAPL,108.65,38,ASK
2020-10-30 10:36:05,AAPL,108.6,40,BID
2020-10-30 10:36:21,AAPL,108.61,42,ASK
2020-10-30 10:36:22,AAPL,108.58,67,BID
2020-10-30 10:36:22,AAPL,108.59,14,ASK
2020-10-30 10:36:22,AAPL,108.59,2,BID
2020-10-30 10:36:22,AAPL,108.6,28,ASK
2020-10-30 10:36:23,AAPL,108.59,25,BID
2020-10-30 10:36:23,AAPL,108.6,25,ASK
2020-10-30 10:36:24,AAPL,108.61,2,BID
2020-10-30 10:36:23,AAPL,108.62,19,ASK
2020-10-30 10:36:24,AAPL,108.64,24,BID
2020-10-30 10:36:21,AAPL,108.65,35,ASK
2020-10-30 10:36:25,AAPL,108.61,54,BID
2020-10-30 10:36:26,AAPL,108.63,3,ASK
2020-10-30 10:36:27,AAPL,108.63,1,BID
2020-10-30 10:36:26,AAPL,108.64,19,ASK
2020-10-30 10:36:28,AAPL,108.61,46,BID
2020-10-30 10:36:28,AAPL,108.62,4,ASK
2020-10-30 10:36:28,AAPL,108.62,26,BID
2020-10-30 10:36:28,AAPL,108.64,11,ASK
2020-10-30 10:36:29,AAPL,108.64,50,BID
2020-10-30 10:36:29,AAPL,108.65,3,ASK
2020-10-30 10:36:30,AAPL,108.62,4,BID
2020-10-30 10:36:30,AAPL,108.63,3,ASK
2020-10-30 10:36:23,AAPL,108.6,51,BID
2020-10-30 10:36:31,AAPL,108.61,25,ASK
2020-10-30 10:36:31,AAPL,108.58,18,BID
2020-10-30 10:36:31,AAPL,108.59,1,ASK
2020-10-30 10:36:31,AAPL,108.56,36,BID
2020-10-30 10:36:31,AAPL,108.58,35,ASK
2020-10-30 10:36:32,AAPL,108.57,2,BID
2020-10-30 10:36:32,AAPL,108.58,23,ASK
2020-10-30 10:36:33,AAPL,108.59,7,BID
2020-10-30 10:36:31,AAPL,108.6,45,ASK
2020-10-30 10:36:35,AAPL,108.6,56,BID
2020-10-30 10:36:35,AAPL,108.61,27,ASK
2020-10-30 10:36:34,AAPL,108.59,48,BID
2020-10-30 10:36:36,AAPL,108.6,3,ASK
2020-10-30 10:36:37,AAPL,108.59,39,BID
2020-10-30 10:36:37,AAPL,108.6,1,ASK
2020-10-30 10:36:38,AAPL,108.59,4,BID
2020-10-30 10:36:38,AAPL,108.6,3,ASK
2020-10-30 10:36:39,AAPL,108.58,29,BID
2020-10-30 10:36:38,AAPL,108.6,6,ASK
2020-10-30 10:36:40,AAPL,108.55,37,BID
2020-10-30 10:36:40,AAPL,108.57,2,ASK
2020-10-30 10:36:41,AAPL,108.55,3,BID
2020-10-30 10:36:41,AAPL,108.56,15,ASK
2020-10-30 10:36:43,AAPL,108.57,33,BID
2020-10-30 10:36:43,AAPL,108.58,9,ASK
2020-10-30 10:36:44,AAPL,108.52,18,BID
2020-10-30 10:36:44,AAPL,108.54,60,ASK
2020-10-30 10:36:44,AAPL,108.53,1,BID
2020-10-30 10:36:44,AAPL,108.54,29,ASK
2020-10-30 10:36:45,AAPL,108.52,25,BID
2020-10-30 10:36:45,AAPL,108.53,22,ASK
2020-10-30 10:27:23,AAPL,108.5,229,BID
2020-10-30 10:36:46,AAPL,108.51,20,ASK
2020-10-30 10:27:23,AAPL,108.5,326,BID
2020-10-30 10:36:46,AAPL,108.51,29,ASK
2020-10-30 10:36:47,AAPL,108.51,5,BID
2020-10-30 10:36:47,AAPL,108.52,47,ASK
2020-10-30 10:36:47,AAPL,108.47,24,BID
2020-10-30 10:36:47,AAPL,108.48,51,ASK
2020-10-30 10:36:49,AAPL,108.52,1,BID
2020-10-30 10:36:49,AAPL,108.53,35,ASK
2020-10-30 10:36:49,AAPL,108.53,40,BID
2020-10-30 10:36:45,AAPL,108.54,128,ASK
2020-10-30 10:36:51,AAPL,108.54,23,BID
2020-10-30 10:36:51,AAPL,108.55,48,ASK
2020-10-30 10:36:51,AAPL,108.51,45,BID
2020-10-30 10:36:51,AAPL,108.52,2,ASK
2020-10-30 10:36:52,AAPL,108.57,17,BID
2020-10-30 10:36:52,AAPL,108.58,19,ASK
2020-10-30 10:36:53,AAPL,108.59,41,BID
2020-10-30 10:36:39,AAPL,108.6,29,ASK
2020-10-30 10:36:54,AAPL,108.58,39,BID
2020-10-30 10:36:39,AAPL,108.6,30,ASK
2020-10-30 10:36:55,AAPL,108.56,52,BID
2020-10-30 10:36:55,AAPL,108.57,3,ASK
2020-10-30 10:36:55,AAPL,108.58,35,BID
2020-10-30 10:36:39,AAPL,108.6,44,ASK
2020-10-30 10:36:55,AAPL,108.6,17,BID
2020-10-30 10:36:55,AAPL,108.61,38,ASK
2020-10-30 10:36:56,AAPL,108.61,1,BID
2020-10-30 10:36:55,AAPL,108.62,26,ASK
2020-10-30 10:36:56,AAPL,108.58,25,BID
2020-10-30 10:36:56,AAPL,108.6,11,ASK
2020-10-30 10:36:58,AAPL,108.6,44,BID
2020-10-30 10:36:58,AAPL,108.61,6,ASK
2020-10-30 10:36:59,AAPL,108.6,33,BID
2020-10-30 10:36:59,AAPL,108.61,26,ASK
2020-10-30 10:36:59,AAPL,108.6,52,BID
2020-10-30 10:37:00,AAPL,108.61,2,ASK
2020-10-30 10:37:01,AAPL,108.62,17,BID
2020-10-30 10:37:01,AAPL,108.63,51,ASK
2020-10-30 10:37:01,AAPL,108.61,57,BID
2020-10-30 10:37:01,AAPL,108.63,30,ASK
2020-10-30 10:37:02,AAPL,108.63,31,BID
2020-10-30 10:36:29,AAPL,108.64,50,ASK
2020-10-30 10:37:01,AAPL,108.61,55,BID
2020-10-30 10:37:03,AAPL,108.62,15,ASK
2020-10-30 10:37:04,AAPL,108.6,41,BID
2020-10-30 10:37:04,AAPL,108.61,53,ASK
2020-10-30 10:36:58,AAPL,108.59,36,BID
2020-10-30 10:37:05,AAPL,108.6,48,ASK
2020-10-30 10:37:06,AAPL,108.58,51,BID
2020-10-30 10:37:05,AAPL,108.6,44,ASK
2020-10-30 10:37:06,AAPL,108.59,5,BID
2020-10-30 10:37:06,AAPL,108.61,39,ASK
2020-10-30 10:37:07,AAPL,108.63,62,BID
2020-10-30 10:37:07,AAPL,108.64,11,ASK
2020-10-30 10:37:08,AAPL,108.67,3,BID
2020-10-30 10:37:08,AAPL,108.68,37,ASK
2020-10-30 10:37:09,AAPL,108.66,33,BID
2020-10-30 10:37:09,AAPL,108.68,17,ASK
2020-10-30 10:37:11,AAPL,108.68,31,BID
2020-10-30 10:37:11,AAPL,108.69,4,ASK
2020-10-30 10:37:11,AAPL,108.65,18,BID
2020-10-30 10:37:11,AAPL,108.67,11,ASK
2020-10-30 10:37:12,AAPL,108.68,6,BID
2020-10-30 10:37:12,AAPL,108.69,21,ASK
2020-10-30 10:37:13,AAPL,108.67,50,BID
2020-10-30 10:37:13,AAPL,108.68,3,ASK
2020-10-30 10:37:14,AAPL,108.67,37,BID
2020-10-30 10:37:14,AAPL,108.68,11,ASK
2020-10-30 10:37:12,AAPL,108.66,60,BID
2020-10-30 10:37:15,AAPL,108.68,4,ASK
2020-10-30 10:37:16,AAPL,108.68,49,BID
2020-10-30 10:37:12,AAPL,108.69,19,ASK
2020-10-30 10:37:17,AAPL,108.71,5,BID
2020-10-30 10:37:16,AAPL,108.72,35,ASK
2020-10-30 10:37:17,AAPL,108.71,17,BID
2020-10-30 10:37:17,AAPL,108.72,11,ASK
2020-10-30 10:37:19,AAPL,108.72,5,BID
2020-10-30 10:37:19,AAPL,108.73,21,ASK
2020-10-30 10:37:20,AAPL,108.68,35,BID
2020-10-30 10:37:20,AAPL,108.69,5,ASK
2020-10-30 10:37:21,AAPL,108.65,38,BID
2020-10-30 10:37:21,AAPL,108.66,5,ASK
2020-10-30 10:37:22,AAPL,108.68,46,BID
2020-10-30 10:37:20,AAPL,108.69,10,ASK
2020-10-30 10:37:22,AAPL,108.7,69,BID
2020-10-30 10:37:22,AAPL,108.71,17,ASK
2020-10-30 10:37:23,AAPL,108.69,36,BID
2020-10-30 10:37:23,AAPL,108.7,8,ASK
2020-10-30 10:37:23,AAPL,108.7,38,BID
2020-10-30 10:37:23,AAPL,108.72,29,ASK
2020-10-30 10:37:21,AAPL,108.66,33,BID
2020-10-30 10:37:25,AAPL,108.67,5,ASK
2020-10-30 10:37:26,AAPL,108.66,35,BID
2020-10-30 10:37:26,AAPL,108.67,24,ASK
2020-10-30 10:37:27,AAPL,108.67,56,BID
2020-10-30 10:37:27,AAPL,108.68,5,ASK
2020-10-30 10:37:27,AAPL,108.68,2,BID
2020-10-30 10:37:24,AAPL,108.69,33,ASK
2020-10-30 10:37:29,AAPL,108.67,43,BID
2020-10-30 10:37:28,AAPL,108.69,46,ASK
2020-10-30 10:37:30,AAPL,108.66,34,BID
2020-10-30 10:37:30,AAPL,108.67,18,ASK
2020-10-30 10:37:30,AAPL,108.69,52,BID
2020-10-30 10:37:30,AAPL,108.7,13,ASK
2020-10-30 10:37:31,AAPL,108.71,51,BID
2020-10-30 10:37:31,AAPL,108.72,41,ASK
2020-10-30 10:37:32,AAPL,108.74,15,BID
2020-10-30 10:37:32,AAPL,108.75,28,ASK
2020-10-30 10:37:33,AAPL,108.74,13,BID
2020-10-30 10:37:32,AAPL,108.75,22,ASK
2020-10-30 10:37:34,AAPL,108.73,41,BID
2020-10-30 10:37:32,AAPL,108.75,34,ASK
2020-10-30 10:37:34,AAPL,108.75,71,BID
2020-10-30 10:37:34,AAPL,108.76,33,ASK
2020-10-30 10:37:35,AAPL,108.77,5,BID
2020-10-30 10:37:34,AAPL,108.78,57,ASK
2020-10-30 10:37:35,AAPL,108.78,42,BID
2020-10-30 10:37:35,AAPL,108.79,26,ASK
2020-10-30 10:37:36,AAPL,108.8,29,BID
2020-10-30 10:37:36,AAPL,108.81,17,ASK
2020-10-30 10:37:37,AAPL,108.78,20,BID
2020-10-30 10:37:37,AAPL,108.79,47,ASK
2020-10-30 10:37:38,AAPL,108.79,47,BID
2020-10-30 10:37:38,AAPL,108.8,23,ASK
2020-10-30 10:37:38,AAPL,108.79,45,BID
2020-10-30 10:37:38,AAPL,108.8,8,ASK
2020-10-30 10:37:38,AAPL,108.79,55,BID
2020-10-30 10:37:39,AAPL,108.81,5,ASK
2020-10-30 10:37:40,AAPL,108.79,46,BID
2020-10-30 10:37:40,AAPL,108.8,2,ASK
2020-10-30 10:37:40,AAPL,108.82,54,BID
2020-10-30 10:37:40,AAPL,108.83,32,ASK
2020-10-30 10:37:41,AAPL,108.84,32,BID
2020-10-30 10:34:59,AAPL,108.85,26,ASK
2020-10-30 10:37:42,AAPL,108.86,5,BID
2020-10-30 10:37:42,AAPL,108.87,33,ASK
2020-10-30 10:37:43,AAPL,108.8,25,BID
2020-10-30 10:37:43,AAPL,108.81,36,ASK
2020-10-30 10:37:45,AAPL,108.79,17,BID
2020-10-30 10:37:45,AAPL,108.8,39,ASK
2020-10-30 10:37:46,AAPL,108.79,33,BID
2020-10-30 10:37:46,AAPL,108.8,6,ASK
2020-10-30 10:37:46,AAPL,108.83,18,BID
2020-10-30 10:37:46,AAPL,108.84,30,ASK
2020-10-30 10:37:47,AAPL,108.83,5,BID
2020-10-30 10:37:47,AAPL,108.84,37,ASK
2020-10-30 10:37:47,AAPL,108.85,17,BID
2020-10-30 10:37:47,AAPL,108.86,26,ASK
2020-10-30 10:37:47,AAPL,108.87,19,BID
2020-10-30 10:37:48,AAPL,108.88,26,ASK
2020-10-30 10:37:49,AAPL,108.85,1,BID
2020-10-30 10:37:49,AAPL,108.86,11,ASK
2020-10-30 10:37:50,AAPL,108.87,8,BID
2020-10-30 10:37:50,AAPL,108.88,32,ASK
2020-10-30 10:37:51,AAPL,108.86,34,BID
2020-10-30 10:37:51,AAPL,108.87,4,ASK
2020-10-30 10:37:52,AAPL,108.86,43,BID
2020-10-30 10:37:51,AAPL,108.87,12,ASK
2020-10-30 10:37:52,AAPL,108.87,2,BID
2020-10-30 10:37:50,AAPL,108.88,37,ASK
2020-10-30 10:37:53,AAPL,108.86,51,BID
2020-10-30 10:37:53,AAPL,108.88,9,ASK
2020-10-30 10:37:53,AAPL,108.86,36,BID
2020-10-30 10:37:53,AAPL,108.87,10,ASK
2020-10-30 10:37:54,AAPL,108.89,19,BID
2020-10-30 10:37:54,AAPL,108.9,17,ASK
2020-10-30 10:37:54,AAPL,108.9,42,BID
2020-10-30 10:34:53,AAPL,108.91,38,ASK
2020-10-30 10:37:55,AAPL,108.91,27,BID
2020-10-30 10:37:55,AAPL,108.92,6,ASK
2020-10-30 10:37:56,AAPL,108.91,38,BID
2020-10-30 10:37:56,AAPL,108.93,35,ASK
2020-10-30 10:37:57,AAPL,108.92,31,BID
2020-10-30 10:37:57,AAPL,108.93,32,ASK
2020-10-30 10:37:58,AAPL,108.9,30,BID
2020-10-30 10:37:58,AAPL,108.91,6,ASK
2020-10-30 10:37:59,AAPL,108.9,12,BID
2020-10-30 10:37:58,AAPL,108.91,44,ASK
2020-10-30 10:38:00,AAPL,108.9,22,BID
2020-10-30 10:38:00,AAPL,108.91,53,ASK
2020-10-30 10:38:01,AAPL,108.85,3,BID
2020-10-30 10:38:01,AAPL,108.86,38,ASK
2020-10-30 10:38:01,AAPL,108.9,5,BID
2020-10-30 10:38:01,AAPL,108.91,20,ASK
2020-10-30 10:38:02,AAPL,108.87,21,BID
2020-10-30 10:38:01,AAPL,108.89,14,ASK
2020-10-30 10:38:03,AAPL,108.85,31,BID
2020-10-30 10:38:03,AAPL,108.86,1,ASK
2020-10-30 10:38:03,AAPL,108.89,27,BID
2020-10-30 10:38:01,AAPL,108.91,29,ASK
2020-10-30 10:38:04,AAPL,108.87,12,BID
2020-10-30 10:38:04,AAPL,108.88,6,ASK
2020-10-30 10:38:05,AAPL,108.9,31,BID
2020-10-30 10:38:00,AAPL,108.92,47,ASK
2020-10-30 10:38:06,AAPL,108.91,34,BID
2020-10-30 10:38:06,AAPL,108.92,1,ASK
2020-10-30 10:38:05,AAPL,108.88,90,BID
2020-10-30 10:38:07,AAPL,108.89,10,ASK
2020-10-30 10:38:07,AAPL,108.87,39,BID
2020-10-30 10:38:07,AAPL,108.89,32,ASK
2020-10-30 10:38:09,AAPL,108.87,58,BID
2020-10-30 10:38:08,AAPL,108.89,37,ASK
2020-10-30 10:38:09,AAPL,108.86,46,BID
2020-10-30 10:38:09,AAPL,108.87,12,ASK
2020-10-30 10:38:11,AAPL,108.86,2,BID
2020-10-30 10:38:11,AAPL,108.87,7,ASK
2020-10-30 10:38:12,AAPL,108.86,7,BID
2020-10-30 10:38:12,AAPL,108.87,34,ASK
2020-10-30 10:38:12,AAPL,108.84,29,BID
2020-10-30 10:38:12,AAPL,108.85,27,ASK
2020-10-30 10:38:13,AAPL,108.83,4,BID
2020-10-30 10:38:13,AAPL,108.84,36,ASK
2020-10-30 10:38:14,AAPL,108.82,35,BID
2020-10-30 10:38:14,AAPL,108.83,11,ASK
2020-10-30 10:38:15,AAPL,108.85,6,BID
2020-10-30 10:38:12,AAPL,108.86,39,ASK
2020-10-30 10:38:16,AAPL,108.86,41,BID
2020-10-30 10:38:16,AAPL,108.88,61,ASK
2020-10-30 10:38:17,AAPL,108.83,32,BID
2020-10-30 10:38:17,AAPL,108.84,29,ASK
2020-10-30 10:38:17,AAPL,108.81,31,BID
2020-10-30 10:38:17,AAPL,108.82,17,ASK
2020-10-30 10:38:19,AAPL,108.83,1,BID
2020-10-30 10:38:17,AAPL,108.84,39,ASK
2020-10-30 10:38:20,AAPL,108.82,52,BID
2020-10-30 10:38:19,AAPL,108.84,27,ASK
2020-10-30 10:38:21,AAPL,108.86,3,BID
2020-10-30 10:38:21,AAPL,108.87,38,ASK
2020-10-30 10:38:22,AAPL,108.86,20,BID
2020-10-30 10:38:22,AAPL,108.87,7,ASK
2020-10-30 10:38:23,AAPL,108.86,4,BID
2020-10-30 10:38:23,AAPL,108.87,24,ASK
2020-10-30 10:38:24,AAPL,108.87,14,BID
2020-10-30 10:38:24,AAPL,108.88,46,ASK
2020-10-30 10:38:26,AAPL,108.84,23,BID
2020-10-30 10:38:25,AAPL,108.85,13,ASK
2020-10-30 10:38:27,AAPL,108.83,12,BID
2020-10-30 10:38:27,AAPL,108.84,24,ASK
2020-10-30 10:38:28,AAPL,108.82,38,BID
2020-10-30 10:38:27,AAPL,108.84,37,ASK
2020-10-30 10:38:30,AAPL,108.84,28,BID
2020-10-30 10:38:29,AAPL,108.85,49,ASK
2020-10-30 10:38:31,AAPL,108.79,43,BID
2020-10-30 10:38:31,AAPL,108.8,62,ASK
2020-10-30 10:38:32,AAPL,108.78,2,BID
2020-10-30 10:38:32,AAPL,108.79,49,ASK
2020-10-30 10:38:33,AAPL,108.78,6,BID
2020-10-30 10:38:32,AAPL,108.79,45,ASK
2020-10-30 10:38:33,AAPL,108.77,57,BID
2020-10-30 10:38:34,AAPL,108.78,36,ASK
2020-10-30 10:38:35,AAPL,108.75,74,BID
2020-10-30 10:38:35,AAPL,108.76,20,ASK
2020-10-30 10:38:36,AAPL,108.74,21,BID
2020-10-30 10:38:36,AAPL,108.75,1,ASK
2020-10-30 10:38:37,AAPL,108.76,8,BID
2020-10-30 10:38:37,AAPL,108.77,40,ASK
2020-10-30 10:38:37,AAPL,108.78,24,BID
2020-10-30 10:38:32,AAPL,108.79,51,ASK
2020-10-30 10:38:38,AAPL,108.79,42,BID
2020-10-30 10:38:37,AAPL,108.8,33,ASK
2020-10-30 10:38:38,AAPL,108.8,87,BID
2020-10-30 10:38:39,AAPL,108.82,44,ASK
2020-10-30 10:38:40,AAPL,108.81,42,BID
2020-10-30 10:38:40,AAPL,108.82,2,ASK
2020-10-30 10:38:41,AAPL,108.85,2,BID
2020-10-30 10:38:27,AAPL,108.86,49,ASK
2020-10-30 10:38:42,AAPL,108.86,6,BID
2020-10-30 10:38:41,AAPL,108.87,33,ASK
2020-10-30 10:38:43,AAPL,108.86,45,BID
2020-10-30 10:38:41,AAPL,108.87,31,ASK
2020-10-30 10:38:45,AAPL,108.86,40,BID
2020-10-30 10:38:45,AAPL,108.87,3,ASK
2020-10-30 10:38:46,AAPL,108.86,24,BID
2020-10-30 10:38:46,AAPL,108.87,23,ASK
2020-10-30 10:38:47,AAPL,108.89,21,BID
2020-10-30 10:38:47,AAPL,108.9,70,ASK
2020-10-30 10:38:48,AAPL,108.88,42,BID
2020-10-30 10:38:48,AAPL,108.89,2,ASK
2020-10-30 10:38:50,AAPL,108.89,36,BID
2020-10-30 10:38:50,AAPL,108.9,52,ASK
2020-10-30 10:38:50,AAPL,108.9,46,BID
2020-10-30 10:38:50,AAPL,108.91,36,ASK
2020-10-30 10:38:51,AAPL,108.9,33,BID
2020-10-30 10:38:51,AAPL,108.91,25,ASK
2020-10-30 10:38:51,AAPL,108.92,16,BID
2020-10-30 10:38:51,AAPL,108.93,37,ASK
2020-10-30 10:38:51,AAPL,108.94,10,BID
2020-10-30 10:34:50,AAPL,108.95,40,ASK
2020-10-30 10:38:52,AAPL,108.95,25,BID
2020-10-30 10:38:52,AAPL,108.97,12,ASK
2020-10-30 10:38:53,AAPL,108.97,37,BID
2020-10-30 10:38:52,AAPL,108.98,42,ASK
2020-10-30 10:38:54,AAPL,108.96,15,BID
2020-10-30 10:38:54,AAPL,108.97,28,ASK
2020-10-30 10:38:55,AAPL,108.97,1,BID
2020-10-30 10:38:55,AAPL,108.98,31,ASK
2020-10-30 10:38:55,AAPL,108.98,21,BID
2020-10-30 10:38:55,AAPL,108.99,49,ASK
2020-10-30 10:38:57,AAPL,108.97,19,BID
2020-10-30 10:38:57,AAPL,108.99,62,ASK
2020-10-30 10:38:57,AAPL,108.99,26,BID
2020-10-30 10:34:02,AAPL,109.0,179,ASK
2020-10-30 10:38:55,AAPL,108.96,38,BID
2020-10-30 10:38:59,AAPL,108.97,39,ASK
2020-10-30 10:39:00,AAPL,108.97,5,BID
2020-10-30 10:39:00,AAPL,108.98,28,ASK
2020-10-30 10:39:01,AAPL,108.94,34,BID
2020-10-30 10:39:01,AAPL,108.95,4,ASK
2020-10-30 10:39:02,AAPL,108.91,23,BID
2020-10-30 10:39:02,AAPL,108.92,23,ASK
2020-10-30 10:39:03,AAPL,108.93,42,BID
2020-10-30 10:39:03,AAPL,108.94,19,ASK
2020-10-30 10:39:03,AAPL,108.89,14,BID
2020-10-30 10:39:03,AAPL,108.9,4,ASK
2020-10-30 10:38:46,AAPL,108.87,41,BID
2020-10-30 10:39:04,AAPL,108.88,12,ASK
2020-10-30 10:39:04,AAPL,108.88,5,BID
2020-10-30 10:39:04,AAPL,108.89,22,ASK
2020-10-30 10:39:05,AAPL,108.87,2,BID
2020-10-30 10:39:05,AAPL,108.88,36,ASK
2020-10-30 10:38:42,AAPL,108.84,39,BID
2020-10-30 10:39:07,AAPL,108.85,40,ASK
2020-10-30 10:39:08,AAPL,108.83,9,BID
2020-10-30 10:39:08,AAPL,108.84,45,ASK
2020-10-30 10:39:10,AAPL,108.83,13,BID
2020-10-30 10:39:08,AAPL,108.84,41,ASK
2020-10-30 10:39:10,AAPL,108.81,32,BID
2020-10-30 10:39:10,AAPL,108.82,16,ASK
2020-10-30 10:39:10,AAPL,108.81,32,BID
2020-10-30 10:39:10,AAPL,108.82,16,ASK
2020-10-30 10:39:10,AAPL,108.84,21,BID
2020-10-30 10:39:10,AAPL,108.85,21,ASK
2020-10-30 10:39:12,AAPL,108.85,53,BID
2020-10-30 10:39:12,AAPL,108.87,40,ASK
2020-10-30 10:39:13,AAPL,108.86,25,BID
2020-10-30 10:39:13,AAPL,108.87,16,ASK
2020-10-30 10:39:14,AAPL,108.87,21,BID
2020-10-30 10:39:14,AAPL,108.88,30,ASK
2020-10-30 10:39:16,AAPL,108.86,21,BID
2020-10-30 10:39:16,AAPL,108.87,26,ASK
2020-10-30 10:39:18,AAPL,108.89,7,BID
2020-10-30 10:39:18,AAPL,108.9,14,ASK
2020-10-30 10:39:21,AAPL,108.89,24,BID
2020-10-30 10:39:21,AAPL,108.91,31,ASK
2020-10-30 10:39:22,AAPL,108.94,34,BID
2020-10-30 10:39:23,AAPL,108.95,33,ASK
2020-10-30 10:39:24,AAPL,108.94,47,BID
2020-10-30 10:39:24,AAPL,108.95,5,ASK
2020-10-30 10:39:27,AAPL,108.94,33,BID
2020-10-30 10:39:27,AAPL,108.95,53,ASK
2020-10-30 10:39:28,AAPL,108.91,32,BID
2020-10-30 10:39:28,AAPL,108.92,57,ASK
2020-10-30 10:39:29,AAPL,108.91,4,BID
2020-10-30 10:39:29,AAPL,108.92,47,ASK
2020-10-30 10:39:29,AAPL,108.89,28,BID
2020-10-30 10:39:29,AAPL,108.9,4,ASK
2020-10-30 10:39:31,AAPL,108.92,32,BID
2020-10-30 10:39:31,AAPL,108.93,41,ASK
2020-10-30 10:39:32,AAPL,108.92,7,BID
2020-10-30 10:39:31,AAPL,108.93,43,ASK
2020-10-30 10:39:32,AAPL,108.92,7,BID
2020-10-30 10:39:31,AAPL,108.93,43,ASK
2020-10-30 10:39:32,AAPL,108.92,7,BID
2020-10-30 10:39:31,AAPL,108.93,43,ASK
2020-10-30 10:39:34,AAPL,108.86,45,BID
2020-10-30 10:39:34,AAPL,108.87,34,ASK
2020-10-30 10:39:36,AAPL,108.81,50,BID
2020-10-30 10:39:36,AAPL,108.82,31,ASK
2020-10-30 10:39:37,AAPL,108.8,3,BID
2020-10-30 10:39:37,AAPL,108.8,8,ASK
2020-10-30 10:39:39,AAPL,108.79,46,BID
2020-10-30 10:39:39,AAPL,108.8,14,ASK
2020-10-30 10:39:40,AAPL,108.79,18,BID
2020-10-30 10:39:40,AAPL,108.8,48,ASK
2020-10-30 10:39:41,AAPL,108.82,56,BID
2020-10-30 10:39:41,AAPL,108.83,30,ASK
2020-10-30 10:39:41,AAPL,108.82,56,BID
2020-10-30 10:39:41,AAPL,108.83,30,ASK
2020-10-30 10:39:44,AAPL,108.82,14,BID
2020-10-30 10:39:42,AAPL,108.83,27,ASK
2020-10-30 10:39:46,AAPL,108.86,34,BID
2020-10-30 10:39:46,AAPL,108.87,37,ASK
2020-10-30 10:39:46,AAPL,108.86,33,BID
2020-10-30 10:39:46,AAPL,108.87,36,ASK
2020-10-30 10:39:47,AAPL,108.87,45,BID
2020-10-30 10:39:46,AAPL,108.89,38,ASK
2020-10-30 10:39:47,AAPL,108.87,46,BID
2020-10-30 10:39:47,AAPL,108.88,6,ASK
2020-10-30 10:39:47,AAPL,108.87,42,BID
2020-10-30 10:39:47,AAPL,108.88,21,ASK
2020-10-30 10:39:48,AAPL,108.87,39,BID
2020-10-30 10:39:47,AAPL,108.88,19,ASK
2020-10-30 10:39:50,AAPL,108.87,7,BID
2020-10-30 10:39:47,AAPL,108.88,25,ASK
2020-10-30 10:39:52,AAPL,108.9,47,BID
2020-10-30 10:39:52,AAPL,108.91,23,ASK
2020-10-30 10:39:54,AAPL,108.96,54,BID
2020-10-30 10:39:54,AAPL,108.97,52,ASK
2020-10-30 10:39:56,AAPL,108.95,4,BID
2020-10-30 10:39:55,AAPL,108.96,24,ASK
2020-10-30 10:39:56,AAPL,108.95,34,BID
2020-10-30 10:39:55,AAPL,108.96,21,ASK
2020-10-30 10:39:58,AAPL,108.96,33,BID
2020-10-30 10:39:54,AAPL,108.97,50,ASK
2020-10-30 10:40:00,AAPL,108.92,43,BID
2020-10-30 10:40:00,AAPL,108.93,3,ASK
2020-10-30 10:40:00,AAPL,108.91,33,BID
2020-10-30 10:40:00,AAPL,108.92,6,ASK
2020-10-30 10:40:00,AAPL,108.91,33,BID
2020-10-30 10:40:00,AAPL,108.92,6,ASK
2020-10-30 10:40:00,AAPL,108.91,33,BID
2020-10-30 10:40:00,AAPL,108.92,3,ASK
2020-10-30 10:40:00,AAPL,108.91,34,BID
2020-10-30 10:40:00,AAPL,108.93,29,ASK
2020-10-30 10:40:00,AAPL,108.91,34,BID
2020-10-30 10:40:00,AAPL,108.93,29,ASK
2020-10-30 10:40:00,AAPL,108.91,35,BID
2020-10-30 10:40:00,AAPL,108.92,30,ASK
2020-10-30 10:40:00,AAPL,108.92,31,BID
2020-10-30 10:40:00,AAPL,108.93,45,ASK
2020-10-30 10:40:00,AAPL,108.92,36,BID
2020-10-30 10:40:00,AAPL,108.93,44,ASK
2020-10-30 10:40:01,AAPL,108.91,33,BID
2020-10-30 10:40:01,AAPL,108.93,11,ASK
2020-10-30 10:40:01,AAPL,108.91,21,BID
2020-10-30 10:40:01,AAPL,108.92,56,ASK
2020-10-30 10:40:02,AAPL,108.9,30,BID
2020-10-30 10:40:02,AAPL,108.91,48,ASK
2020-10-30 10:40:03,AAPL,108.89,2,BID
2020-10-30 10:40:03,AAPL,108.9,36,ASK
2020-10-30 10:40:04,AAPL,108.87,44,BID
2020-10-30 10:40:04,AAPL,108.88,1,ASK
2020-10-30 10:40:04,AAPL,108.82,38,BID
2020-10-30 10:40:06,AAPL,108.83,32,ASK
2020-10-30 10:40:07,AAPL,108.83,3,BID
2020-10-30 10:40:07,AAPL,108.84,47,ASK
2020-10-30 10:40:08,AAPL,108.84,25,BID
2020-10-30 10:40:08,AAPL,108.85,7,ASK
2020-10-30 10:40:09,AAPL,108.83,7,BID
2020-10-30 10:40:09,AAPL,108.85,34,ASK
2020-10-30 10:40:10,AAPL,108.85,5,BID
2020-10-30 10:40:08,AAPL,108.86,45,ASK
2020-10-30 10:40:11,AAPL,108.86,34,BID
2020-10-30 10:40:11,AAPL,108.87,4,ASK
2020-10-30 10:40:11,AAPL,108.84,34,BID
2020-10-30 10:40:11,AAPL,108.86,37,ASK
2020-10-30 10:40:12,AAPL,108.84,34,BID
2020-10-30 10:40:12,AAPL,108.85,6,ASK
2020-10-30 10:40:13,AAPL,108.82,51,BID
2020-10-30 10:40:13,AAPL,108.84,70,ASK
2020-10-30 10:39:40,AAPL,108.8,151,BID
2020-10-30 10:40:13,AAPL,108.81,42,ASK
2020-10-30 10:39:40,AAPL,108.8,51,BID
2020-10-30 10:40:14,AAPL,108.81,68,ASK
2020-10-30 10:40:14,AAPL,108.81,13,BID
2020-10-30 10:40:14,AAPL,108.82,42,ASK
2020-10-30 10:40:17,AAPL,108.83,28,BID
2020-10-30 10:40:13,AAPL,108.84,61,ASK
2020-10-30 10:40:17,AAPL,108.83,39,BID
2020-10-30 10:40:17,AAPL,108.84,45,ASK
2020-10-30 10:40:18,AAPL,108.83,3,BID
2020-10-30 10:40:18,AAPL,108.84,33,ASK
2020-10-30 10:40:18,AAPL,108.8,40,BID
2020-10-30 10:40:18,AAPL,108.81,26,ASK
2020-10-30 10:40:18,AAPL,108.8,40,BID
2020-10-30 10:40:18,AAPL,108.81,21,ASK
2020-10-30 10:40:18,AAPL,108.81,2,BID
2020-10-30 10:40:18,AAPL,108.82,56,ASK
2020-10-30 10:40:18,AAPL,108.81,16,BID
2020-10-30 10:40:18,AAPL,108.82,1,ASK
2020-10-30 10:40:19,AAPL,108.81,7,BID
2020-10-30 10:40:19,AAPL,108.81,26,ASK
2020-10-30 10:40:19,AAPL,108.8,35,BID
2020-10-30 10:40:19,AAPL,108.81,26,ASK
2020-10-30 10:40:20,AAPL,108.8,32,BID
2020-10-30 10:40:21,AAPL,108.82,5,ASK
2020-10-30 10:40:28,AAPL,108.84,35,BID
2020-10-30 10:40:28,AAPL,108.85,44,ASK
2020-10-30 10:40:30,AAPL,108.84,51,BID
2020-10-30 10:40:30,AAPL,108.85,26,ASK
2020-10-30 10:40:31,AAPL,108.82,15,BID
2020-10-30 10:40:31,AAPL,108.83,20,ASK
2020-10-30 10:40:32,AAPL,108.79,1,BID
2020-10-30 10:40:32,AAPL,108.8,79,ASK
2020-10-30 10:40:32,AAPL,108.82,1,BID
2020-10-30 10:40:31,AAPL,108.83,50,ASK
2020-10-30 10:40:33,AAPL,108.8,32,BID
2020-10-30 10:40:33,AAPL,108.82,47,ASK
2020-10-30 10:40:34,AAPL,108.78,82,BID
2020-10-30 10:40:34,AAPL,108.8,39,ASK
2020-10-30 10:40:35,AAPL,108.81,30,BID
2020-10-30 10:40:35,AAPL,108.82,44,ASK
2020-10-30 10:40:36,AAPL,108.83,13,BID
2020-10-30 10:40:31,AAPL,108.84,45,ASK
2020-10-30 10:40:37,AAPL,108.84,66,BID
2020-10-30 10:40:37,AAPL,108.85,1,ASK
2020-10-30 10:40:38,AAPL,108.88,2,BID
2020-10-30 10:40:38,AAPL,108.89,43,ASK
2020-10-30 10:40:40,AAPL,108.88,32,BID
2020-10-30 10:40:40,AAPL,108.89,44,ASK
2020-10-30 10:40:41,AAPL,108.88,54,BID
2020-10-30 10:40:41,AAPL,108.89,1,ASK
2020-10-30 10:40:42,AAPL,108.89,1,BID
2020-10-30 10:40:42,AAPL,108.9,32,ASK
2020-10-30 10:40:43,AAPL,108.86,32,BID
2020-10-30 10:40:43,AAPL,108.87,38,ASK
2020-10-30 10:40:45,AAPL,108.89,25,BID
2020-10-30 10:40:45,AAPL,108.91,29,ASK
2020-10-30 10:40:46,AAPL,108.91,27,BID
2020-10-30 10:40:46,AAPL,108.92,8,ASK
2020-10-30 10:40:47,AAPL,108.88,1,BID
2020-10-30 10:40:47,AAPL,108.89,2,ASK
2020-10-30 10:40:43,AAPL,108.86,40,BID
2020-10-30 10:40:48,AAPL,108.88,23,ASK
2020-10-30 10:40:50,AAPL,108.87,34,BID
2020-10-30 10:40:50,AAPL,108.88,34,ASK
2020-10-30 10:40:51,AAPL,108.87,2,BID
2020-10-30 10:40:51,AAPL,108.88,56,ASK
2020-10-30 10:40:52,AAPL,108.88,34,BID
2020-10-30 10:40:52,AAPL,108.89,42,ASK
2020-10-30 10:40:53,AAPL,108.89,42,BID
2020-10-30 10:40:53,AAPL,108.91,42,ASK
2020-10-30 10:40:54,AAPL,108.9,4,BID
2020-10-30 10:40:53,AAPL,108.91,46,ASK
2020-10-30 10:40:54,AAPL,108.91,38,BID
2020-10-30 10:40:54,AAPL,108.92,24,ASK
2020-10-30 10:40:55,AAPL,108.89,46,BID
2020-10-30 10:40:55,AAPL,108.9,10,ASK
2020-10-30 10:40:56,AAPL,108.86,39,BID
2020-10-30 10:40:57,AAPL,108.88,28,ASK
2020-10-30 10:40:58,AAPL,108.85,22,BID
2020-10-30 10:40:58,AAPL,108.87,9,ASK
2020-10-30 10:40:58,AAPL,108.83,44,BID
2020-10-30 10:40:58,AAPL,108.84,2,ASK
2020-10-30 10:40:59,AAPL,108.83,8,BID
2020-10-30 10:40:59,AAPL,108.84,1,ASK
2020-10-30 10:41:00,AAPL,108.83,17,BID
2020-10-30 10:41:00,AAPL,108.84,27,ASK
2020-10-30 10:41:02,AAPL,108.85,24,BID
2020-10-30 10:41:02,AAPL,108.86,48,ASK
2020-10-30 10:41:03,AAPL,108.82,55,BID
2020-10-30 10:41:03,AAPL,108.83,2,ASK
2020-10-30 10:41:04,AAPL,108.84,36,BID
2020-10-30 10:41:04,AAPL,108.86,28,ASK
2020-10-30 10:41:04,AAPL,108.85,22,BID
2020-10-30 10:41:04,AAPL,108.87,37,ASK
2020-10-30 10:41:05,AAPL,108.85,1,BID
2020-10-30 10:41:05,AAPL,108.86,22,ASK
2020-10-30 10:41:06,AAPL,108.85,1,BID
2020-10-30 10:41:05,AAPL,108.86,35,ASK
2020-10-30 10:41:07,AAPL,108.86,2,BID
2020-10-30 10:41:04,AAPL,108.87,37,ASK
2020-10-30 10:41:07,AAPL,108.86,36,BID
2020-10-30 10:41:08,AAPL,108.88,43,ASK
2020-10-30 10:41:09,AAPL,108.85,38,BID
2020-10-30 10:41:10,AAPL,108.86,12,ASK
2020-10-30 10:41:11,AAPL,108.87,11,BID
2020-10-30 10:41:11,AAPL,108.88,37,ASK
2020-10-30 10:41:12,AAPL,108.87,51,BID
2020-10-30 10:41:12,AAPL,108.88,24,ASK
2020-10-30 10:41:13,AAPL,108.85,33,BID
2020-10-30 10:41:14,AAPL,108.86,6,ASK
2020-10-30 10:41:15,AAPL,108.83,46,BID
2020-10-30 10:41:15,AAPL,108.84,3,ASK
2020-10-30 10:41:16,AAPL,108.84,3,BID
2020-10-30 10:41:15,AAPL,108.85,51,ASK
2020-10-30 10:41:16,AAPL,108.84,12,BID
2020-10-30 10:41:17,AAPL,108.85,41,ASK
2020-10-30 10:41:17,AAPL,108.84,71,BID
2020-10-30 10:41:16,AAPL,108.86,25,ASK
2020-10-30 10:41:18,AAPL,108.84,40,BID
2020-10-30 10:41:18,AAPL,108.86,28,ASK
2020-10-30 10:41:03,AAPL,108.82,48,BID
2020-10-30 10:41:19,AAPL,108.83,55,ASK
2020-10-30 10:40:35,AAPL,108.81,62,BID
2020-10-30 10:41:20,AAPL,108.83,60,ASK
2020-10-30 10:41:21,AAPL,108.82,32,BID
2020-10-30 10:41:21,AAPL,108.83,4,ASK
2020-10-30 10:41:22,AAPL,108.82,44,BID
2020-10-30 10:41:22,AAPL,108.83,6,ASK
2020-10-30 10:41:22,AAPL,108.81,49,BID
2020-10-30 10:41:22,AAPL,108.82,36,ASK
2020-10-30 10:41:22,AAPL,108.8,73,BID
2020-10-30 10:41:22,AAPL,108.81,35,ASK
2020-10-30 10:41:23,AAPL,108.82,11,BID
2020-10-30 10:41:23,AAPL,108.83,48,ASK
2020-10-30 10:41:23,AAPL,108.82,34,BID
2020-10-30 10:41:23,AAPL,108.83,4,ASK
2020-10-30 10:41:24,AAPL,108.85,41,BID
2020-10-30 10:41:24,AAPL,108.86,8,ASK
2020-10-30 10:41:25,AAPL,108.84,37,BID
2020-10-30 10:41:25,AAPL,108.85,3,ASK
2020-10-30 10:41:26,AAPL,108.84,2,BID
2020-10-30 10:41:26,AAPL,108.85,33,ASK
2020-10-30 10:41:26,AAPL,108.84,3,BID
2020-10-30 10:41:26,AAPL,108.85,8,ASK
2020-10-30 10:41:27,AAPL,108.85,1,BID
2020-10-30 10:41:27,AAPL,108.86,41,ASK
2020-10-30 10:41:28,AAPL,108.84,1,BID
2020-10-30 10:41:28,AAPL,108.85,10,ASK
2020-10-30 10:41:29,AAPL,108.84,3,BID
2020-10-30 10:41:28,AAPL,108.85,34,ASK
2020-10-30 10:41:29,AAPL,108.85,2,BID
2020-10-30 10:41:29,AAPL,108.86,32,ASK
2020-10-30 10:41:31,AAPL,108.85,18,BID
2020-10-30 10:41:30,AAPL,108.86,35,ASK
2020-10-30 10:41:32,AAPL,108.83,37,BID
2020-10-30 10:41:32,AAPL,108.84,53,ASK
2020-10-30 10:41:35,AAPL,108.81,32,BID
2020-10-30 10:41:35,AAPL,108.83,19,ASK
2020-10-30 10:41:35,AAPL,108.8,53,BID
2020-10-30 10:41:35,AAPL,108.81,36,ASK
2020-10-30 10:41:36,AAPL,108.79,65,BID
2020-10-30 10:41:36,AAPL,108.8,54,ASK
2020-10-30 10:41:37,AAPL,108.79,11,BID
2020-10-30 10:41:37,AAPL,108.8,21,ASK
2020-10-30 10:41:38,AAPL,108.8,1,BID
2020-10-30 10:41:38,AAPL,108.81,49,ASK
2020-10-30 10:41:38,AAPL,108.78,29,BID
2020-10-30 10:41:40,AAPL,108.79,27,ASK
2020-10-30 10:41:41,AAPL,108.8,58,BID
2020-10-30 10:41:41,AAPL,108.81,1,ASK
2020-10-30 10:41:41,AAPL,108.81,39,BID
2020-10-30 10:41:41,AAPL,108.82,62,ASK
2020-10-30 10:41:42,AAPL,108.82,43,BID
2020-10-30 10:41:42,AAPL,108.83,45,ASK
2020-10-30 10:41:43,AAPL,108.84,38,BID
2020-10-30 10:41:43,AAPL,108.86,13,ASK
2020-10-30 10:41:44,AAPL,108.84,1,BID
2020-10-30 10:41:43,AAPL,108.85,13,ASK
2020-10-30 10:41:45,AAPL,108.87,14,BID
2020-10-30 10:41:45,AAPL,108.88,40,ASK
2020-10-30 10:41:45,AAPL,108.89,22,BID
2020-10-30 10:41:45,AAPL,108.9,36,ASK
2020-10-30 10:41:46,AAPL,108.89,38,BID
2020-10-30 10:41:46,AAPL,108.9,15,ASK
2020-10-30 10:41:47,AAPL,108.87,52,BID
2020-10-30 10:41:47,AAPL,108.89,28,ASK
2020-10-30 10:41:48,AAPL,108.85,20,BID
2020-10-30 10:41:48,AAPL,108.87,33,ASK
2020-10-30 10:41:49,AAPL,108.87,27,BID
2020-10-30 10:41:49,AAPL,108.88,65,ASK
2020-10-30 10:41:50,AAPL,108.89,30,BID
2020-10-30 10:41:46,AAPL,108.9,38,ASK
2020-10-30 10:41:50,AAPL,108.89,43,BID
2020-10-30 10:41:46,AAPL,108.9,36,ASK
2020-10-30 10:41:50,AAPL,108.89,29,BID
2020-10-30 10:41:50,AAPL,108.9,6,ASK
2020-10-30 10:41:51,AAPL,108.87,1,BID
2020-10-30 10:41:51,AAPL,108.88,24,ASK
2020-10-30 10:41:51,AAPL,108.87,6,BID
2020-10-30 10:41:51,AAPL,108.89,37,ASK
2020-10-30 10:41:52,AAPL,108.9,40,BID
2020-10-30 10:41:52,AAPL,108.91,59,ASK
2020-10-30 10:41:54,AAPL,108.89,21,BID
2020-10-30 10:41:54,AAPL,108.91,44,ASK
2020-10-30 10:41:54,AAPL,108.89,21,BID
2020-10-30 10:41:54,AAPL,108.91,4,ASK
2020-10-30 10:41:55,AAPL,108.91,14,BID
2020-10-30 10:41:56,AAPL,108.92,23,ASK
2020-10-30 10:41:57,AAPL,108.92,36,BID
2020-10-30 10:41:56,AAPL,108.93,53,ASK
2020-10-30 10:41:58,AAPL,108.92,41,BID
2020-10-30 10:41:58,AAPL,108.94,39,ASK
2020-10-30 10:41:59,AAPL,108.94,33,BID
2020-10-30 10:41:59,AAPL,108.95,1,ASK
2020-10-30 10:41:56,AAPL,108.91,41,BID
2020-10-30 10:41:59,AAPL,108.92,10,ASK
2020-10-30 10:42:00,AAPL,108.91,32,BID
2020-10-30 10:42:00,AAPL,108.92,40,ASK
2020-10-30 10:41:55,AAPL,108.89,39,BID
2020-10-30 10:42:00,AAPL,108.9,9,ASK
2020-10-30 10:42:01,AAPL,108.94,9,BID
2020-10-30 10:42:01,AAPL,108.95,19,ASK
2020-10-30 10:42:02,AAPL,108.91,17,BID
2020-10-30 10:42:02,AAPL,108.92,27,ASK
2020-10-30 10:42:02,AAPL,108.9,33,BID
2020-10-30 10:42:03,AAPL,108.91,5,ASK
2020-10-30 10:42:03,AAPL,108.88,23,BID
2020-10-30 10:42:03,AAPL,108.89,1,ASK
2020-10-30 10:42:04,AAPL,108.84,37,BID
2020-10-30 10:42:04,AAPL,108.85,8,ASK
2020-10-30 10:42:04,AAPL,108.84,28,BID
2020-10-30 10:42:04,AAPL,108.85,41,ASK
2020-10-30 10:42:05,AAPL,108.82,38,BID
2020-10-30 10:42:05,AAPL,108.84,31,ASK
2020-10-30 10:42:05,AAPL,108.82,28,BID
2020-10-30 10:42:05,AAPL,108.83,26,ASK
2020-10-30 10:42:06,AAPL,108.82,9,BID
2020-10-30 10:42:06,AAPL,108.83,27,ASK
2020-10-30 10:42:07,AAPL,108.82,25,BID
2020-10-30 10:42:07,AAPL,108.84,32,ASK
2020-10-30 10:42:08,AAPL,108.81,17,BID
2020-10-30 10:42:08,AAPL,108.82,50,ASK
2020-10-30 10:42:09,AAPL,108.81,33,BID
2020-10-30 10:42:09,AAPL,108.82,1,ASK
2020-10-30 10:42:11,AAPL,108.79,1,BID
2020-10-30 10:42:11,AAPL,108.8,37,ASK
2020-10-30 10:42:11,AAPL,108.82,25,BID
2020-10-30 10:42:11,AAPL,108.83,23,ASK
2020-10-30 10:42:12,AAPL,108.84,4,BID
2020-10-30 10:42:07,AAPL,108.85,47,ASK
2020-10-30 10:42:13,AAPL,108.84,29,BID
2020-10-30 10:42:13,AAPL,108.86,49,ASK
2020-10-30 10:42:14,AAPL,108.84,34,BID
2020-10-30 10:42:14,AAPL,108.85,19,ASK
2020-10-30 10:42:15,AAPL,108.84,50,BID
2020-10-30 10:42:15,AAPL,108.85,41,ASK
2020-10-30 10:42:16,AAPL,108.83,25,BID
2020-10-30 10:42:16,AAPL,108.84,8,ASK
2020-10-30 10:42:17,AAPL,108.82,16,BID
2020-10-30 10:42:17,AAPL,108.83,54,ASK
2020-10-30 10:41:39,AAPL,108.78,57,BID
2020-10-30 10:42:18,AAPL,108.79,1,ASK
2020-10-30 10:38:37,AAPL,108.76,16,BID
2020-10-30 10:42:18,AAPL,108.77,18,ASK
2020-10-30 10:42:20,AAPL,108.77,5,BID
2020-10-30 10:42:18,AAPL,108.78,61,ASK
2020-10-30 10:42:21,AAPL,108.76,5,BID
2020-10-30 10:42:21,AAPL,108.77,21,ASK
2020-10-30 10:42:22,AAPL,108.75,50,BID
2020-10-30 10:42:22,AAPL,108.77,50,ASK
2020-10-30 10:42:23,AAPL,108.74,35,BID
2020-10-30 10:42:24,AAPL,108.75,3,ASK
2020-10-30 10:42:25,AAPL,108.75,7,BID
2020-10-30 10:42:25,AAPL,108.76,41,ASK
2020-10-30 10:42:26,AAPL,108.78,8,BID
2020-10-30 10:42:18,AAPL,108.8,52,ASK
2020-10-30 10:42:27,AAPL,108.78,7,BID
2020-10-30 10:42:27,AAPL,108.79,42,ASK
2020-10-30 10:42:28,AAPL,108.79,6,BID
2020-10-30 10:42:18,AAPL,108.8,40,ASK
2020-10-30 10:42:30,AAPL,108.81,6,BID
2020-10-30 10:42:29,AAPL,108.82,29,ASK
2020-10-30 10:42:30,AAPL,108.81,7,BID
2020-10-30 10:42:31,AAPL,108.82,30,ASK
2020-10-30 10:42:32,AAPL,108.82,5,BID
2020-10-30 10:42:32,AAPL,108.83,30,ASK
2020-10-30 10:42:33,AAPL,108.8,14,BID
2020-10-30 10:42:34,AAPL,108.81,33,ASK
2020-10-30 10:42:35,AAPL,108.76,5,BID
2020-10-30 10:42:35,AAPL,108.77,15,ASK
2020-10-30 10:42:36,AAPL,108.77,4,BID
2020-10-30 10:42:36,AAPL,108.78,38,ASK
2020-10-30 10:42:37,AAPL,108.8,4,BID
2020-10-30 10:42:34,AAPL,108.81,39,ASK
2020-10-30 10:42:37,AAPL,108.78,10,BID
2020-10-30 10:42:38,AAPL,108.8,21,ASK
2020-10-30 10:42:38,AAPL,108.76,33,BID
2020-10-30 10:42:38,AAPL,108.77,15,ASK
2020-10-30 10:42:40,AAPL,108.79,4,BID
2020-10-30 10:42:40,AAPL,108.8,42,ASK
2020-10-30 10:42:41,AAPL,108.79,5,BID
2020-10-30 10:42:41,AAPL,108.8,26,ASK
2020-10-30 10:42:43,AAPL,108.81,7,BID
2020-10-30 10:42:43,AAPL,108.82,40,ASK
2020-10-30 10:42:43,AAPL,108.79,11,BID
2020-10-30 10:42:44,AAPL,108.8,25,ASK
2020-10-30 10:42:44,AAPL,108.8,10,BID
2020-10-30 10:42:43,AAPL,108.81,44,ASK
2020-10-30 10:42:45,AAPL,108.81,14,BID
2020-10-30 10:42:45,AAPL,108.82,18,ASK
2020-10-30 10:42:46,AAPL,108.79,5,BID
2020-10-30 10:42:46,AAPL,108.8,33,ASK
2020-10-30 10:42:48,AAPL,108.79,18,BID
2020-10-30 10:42:48,AAPL,108.81,35,ASK
2020-10-30 10:42:48,AAPL,108.79,14,BID
2020-10-30 10:42:50,AAPL,108.8,49,ASK
2020-10-30 10:42:51,AAPL,108.79,7,BID
2020-10-30 10:42:50,AAPL,108.81,34,ASK
2020-10-30 10:42:52,AAPL,108.79,14,BID
2020-10-30 10:42:52,AAPL,108.8,27,ASK
2020-10-30 10:42:52,AAPL,108.82,41,BID
2020-10-30 10:42:52,AAPL,108.83,3,ASK
2020-10-30 10:42:53,AAPL,108.81,40,BID
2020-10-30 10:42:54,AAPL,108.83,55,ASK
2020-10-30 10:42:54,AAPL,108.88,2,BID
2020-10-30 10:42:54,AAPL,108.89,16,ASK
2020-10-30 10:42:55,AAPL,108.86,11,BID
2020-10-30 10:42:55,AAPL,108.87,43,ASK
2020-10-30 10:42:56,AAPL,108.85,47,BID
2020-10-30 10:42:56,AAPL,108.86,5,ASK
2020-10-30 10:42:57,AAPL,108.83,6,BID
2020-10-30 10:42:57,AAPL,108.84,51,ASK
2020-10-30 10:42:57,AAPL,108.85,49,BID
2020-10-30 10:42:57,AAPL,108.86,13,ASK
2020-10-30 10:42:58,AAPL,108.89,7,BID
2020-10-30 10:42:03,AAPL,108.9,39,ASK
2020-10-30 10:42:59,AAPL,108.87,31,BID
2020-10-30 10:42:59,AAPL,108.88,2,ASK
2020-10-30 10:43:00,AAPL,108.89,24,BID
2020-10-30 10:42:03,AAPL,108.9,39,ASK
2020-10-30 10:43:00,AAPL,108.92,19,BID
2020-10-30 10:43:00,AAPL,108.93,24,ASK
2020-10-30 10:43:00,AAPL,108.93,17,BID
2020-10-30 10:43:00,AAPL,108.94,48,ASK
2020-10-30 10:43:01,AAPL,108.93,25,BID
2020-10-30 10:43:01,AAPL,108.94,3,ASK
2020-10-30 10:43:01,AAPL,108.93,22,BID
2020-10-30 10:43:01,AAPL,108.94,7,ASK
2020-10-30 10:43:02,AAPL,108.95,50,BID
2020-10-30 10:43:02,AAPL,108.96,56,ASK
2020-10-30 10:43:02,AAPL,108.97,25,BID
2020-10-30 10:43:02,AAPL,108.98,29,ASK
2020-10-30 10:43:02,AAPL,108.96,36,BID
2020-10-30 10:43:02,AAPL,108.98,34,ASK
2020-10-30 10:43:03,AAPL,108.97,53,BID
2020-10-30 10:39:00,AAPL,108.99,33,ASK
2020-10-30 10:43:03,AAPL,108.99,23,BID
2020-10-30 10:34:02,AAPL,109.0,214,ASK
2020-10-30 10:43:03,AAPL,108.99,33,BID
2020-10-30 10:34:02,AAPL,109.0,200,ASK
2020-10-30 10:43:04,AAPL,109.0,35,BID
2020-10-30 10:34:01,AAPL,109.01,33,ASK
2020-10-30 10:43:04,AAPL,109.04,43,BID
2020-10-30 10:43:04,AAPL,109.05,22,ASK
2020-10-30 10:43:04,AAPL,109.01,51,BID
2020-10-30 10:43:05,AAPL,109.02,4,ASK
2020-10-30 10:43:05,AAPL,108.99,46,BID
2020-10-30 10:43:05,AAPL,109.0,6,ASK
2020-10-30 10:43:05,AAPL,108.99,40,BID
2020-10-30 10:43:06,AAPL,109.0,4,ASK
2020-10-30 10:43:06,AAPL,108.97,23,BID
2020-10-30 10:43:06,AAPL,108.98,11,ASK
2020-10-30 10:43:07,AAPL,108.95,43,BID
2020-10-30 10:43:07,AAPL,108.97,7,ASK
2020-10-30 10:43:07,AAPL,108.94,1,BID
2020-10-30 10:43:07,AAPL,108.95,13,ASK
2020-10-30 10:43:08,AAPL,108.93,7,BID
2020-10-30 10:43:08,AAPL,108.94,17,ASK
2020-10-30 10:43:09,AAPL,108.94,18,BID
2020-10-30 10:43:09,AAPL,108.95,37,ASK
2020-10-30 10:43:09,AAPL,108.95,39,BID
2020-10-30 10:43:10,AAPL,108.96,23,ASK
2020-10-30 10:43:11,AAPL,108.94,32,BID
2020-10-30 10:43:11,AAPL,108.95,3,ASK
2020-10-30 10:43:11,AAPL,108.94,3,BID
2020-10-30 10:43:11,AAPL,108.95,24,ASK
2020-10-30 10:43:12,AAPL,108.91,23,BID
2020-10-30 10:43:12,AAPL,108.92,23,ASK
2020-10-30 10:43:13,AAPL,108.93,40,BID
2020-10-30 10:43:13,AAPL,108.94,1,ASK
2020-10-30 10:43:14,AAPL,108.95,28,BID
2020-10-30 10:43:14,AAPL,108.96,31,ASK
2020-10-30 10:43:15,AAPL,108.94,38,BID
2020-10-30 10:43:15,AAPL,108.96,31,ASK
2020-10-30 10:43:15,AAPL,108.94,40,BID
2020-10-30 10:43:15,AAPL,108.95,1,ASK
2020-10-30 10:43:16,AAPL,108.94,1,BID
2020-10-30 10:43:16,AAPL,108.95,31,ASK
2020-10-30 10:43:18,AAPL,108.92,28,BID
2020-10-30 10:43:18,AAPL,108.93,6,ASK
2020-10-30 10:43:00,AAPL,108.9,29,BID
2020-10-30 10:43:18,AAPL,108.91,7,ASK
2020-10-30 10:43:19,AAPL,108.9,4,BID
2020-10-30 10:43:18,AAPL,108.91,34,ASK
2020-10-30 10:42:58,AAPL,108.85,63,BID
2020-10-30 10:43:19,AAPL,108.86,30,ASK
2020-10-30 10:43:20,AAPL,108.87,1,BID
2020-10-30 10:43:19,AAPL,108.88,42,ASK
2020-10-30 10:43:21,AAPL,108.86,8,BID
2020-10-30 10:43:21,AAPL,108.87,22,ASK
2020-10-30 10:43:21,AAPL,108.85,37,BID
2020-10-30 10:43:21,AAPL,108.86,30,ASK
2020-10-30 10:42:53,AAPL,108.81,33,BID
2020-10-30 10:43:22,AAPL,108.82,4,ASK
2020-10-30 10:42:52,AAPL,108.8,32,BID
2020-10-30 10:43:22,AAPL,108.81,26,ASK
2020-10-30 10:43:23,AAPL,108.82,1,BID
2020-10-30 10:43:22,AAPL,108.83,39,ASK
2020-10-30 10:43:23,AAPL,108.81,39,BID
2020-10-30 10:43:23,AAPL,108.82,59,ASK
2020-10-30 10:43:23,AAPL,108.8,34,BID
2020-10-30 10:43:23,AAPL,108.8,42,ASK
2020-10-30 10:43:24,AAPL,108.79,29,BID
2020-10-30 10:43:24,AAPL,108.79,55,ASK
2020-10-30 10:43:24,AAPL,108.78,5,BID
2020-10-30 10:43:24,AAPL,108.79,50,ASK
2020-10-30 10:43:24,AAPL,108.8,7,BID
2020-10-30 10:43:24,AAPL,108.81,48,ASK
2020-10-30 10:43:25,AAPL,108.81,6,BID
2020-10-30 10:43:25,AAPL,108.82,29,ASK
2020-10-30 10:43:26,AAPL,108.81,6,BID
2020-10-30 10:43:25,AAPL,108.82,38,ASK
2020-10-30 10:43:24,AAPL,108.78,46,BID
2020-10-30 10:43:27,AAPL,108.8,13,ASK
2020-10-30 10:43:28,AAPL,108.8,55,BID
2020-10-30 10:43:28,AAPL,108.81,14,ASK
2020-10-30 10:43:30,AAPL,108.8,48,BID
2020-10-30 10:43:30,AAPL,108.81,20,ASK
2020-10-30 10:43:31,AAPL,108.8,53,BID
2020-10-30 10:43:26,AAPL,108.82,36,ASK
2020-10-30 10:43:32,AAPL,108.82,61,BID
2020-10-30 10:43:23,AAPL,108.83,29,ASK
2020-10-30 10:43:32,AAPL,108.83,45,BID
2020-10-30 10:43:32,AAPL,108.84,1,ASK
2020-10-30 10:43:33,AAPL,108.84,45,BID
2020-10-30 10:43:33,AAPL,108.86,42,ASK
2020-10-30 10:43:35,AAPL,108.83,1,BID
2020-10-30 10:43:35,AAPL,108.84,12,ASK
2020-10-30 10:43:35,AAPL,108.82,30,BID
2020-10-30 10:43:35,AAPL,108.83,4,ASK
2020-10-30 10:43:36,AAPL,108.81,30,BID
2020-10-30 10:43:37,AAPL,108.82,11,ASK
2020-10-30 10:43:36,AAPL,108.81,29,BID
2020-10-30 10:43:38,AAPL,108.82,26,ASK
2020-10-30 10:43:39,AAPL,108.81,45,BID
2020-10-30 10:43:39,AAPL,108.82,7,ASK
2020-10-30 10:43:40,AAPL,108.8,31,BID
2020-10-30 10:43:40,AAPL,108.81,27,ASK
2020-10-30 10:43:40,AAPL,108.77,36,BID
2020-10-30 10:43:40,AAPL,108.78,7,ASK
2020-10-30 10:43:41,AAPL,108.78,12,BID
2020-10-30 10:43:41,AAPL,108.79,20,ASK
2020-10-30 10:43:43,AAPL,108.8,53,BID
2020-10-30 10:43:43,AAPL,108.81,32,ASK
2020-10-30 10:43:45,AAPL,108.79,6,BID
2020-10-30 10:43:44,AAPL,108.8,20,ASK
2020-10-30 10:43:45,AAPL,108.8,39,BID
2020-10-30 10:43:45,AAPL,108.78,28,ASK
2020-10-30 10:43:46,AAPL,108.76,8,BID
2020-10-30 10:43:46,AAPL,108.78,24,ASK
2020-10-30 10:38:36,AAPL,108.73,61,BID
2020-10-30 10:43:46,AAPL,108.75,47,ASK
2020-10-30 10:43:47,AAPL,108.72,54,BID
2020-10-30 10:43:47,AAPL,108.73,4,ASK
2020-10-30 10:43:47,AAPL,108.72,40,BID
2020-10-30 10:43:47,AAPL,108.73,4,ASK
2020-10-30 10:37:31,AAPL,108.7,17,BID
2020-10-30 10:43:47,AAPL,108.71,5,ASK
2020-10-30 10:43:48,AAPL,108.69,26,BID
2020-10-30 10:43:48,AAPL,108.7,5,ASK
2020-10-30 10:43:48,AAPL,108.66,34,BID
2020-10-30 10:43:48,AAPL,108.68,43,ASK
2020-10-30 10:43:49,AAPL,108.66,33,BID
2020-10-30 10:43:49,AAPL,108.68,59,ASK
2020-10-30 10:43:49,AAPL,108.66,32,BID
2020-10-30 10:43:49,AAPL,108.67,17,ASK
2020-10-30 10:43:49,AAPL,108.67,10,BID
2020-10-30 10:43:49,AAPL,108.68,7,ASK
2020-10-30 10:43:50,AAPL,108.66,1,BID
2020-10-30 10:43:50,AAPL,108.67,47,ASK
2020-10-30 10:43:50,AAPL,108.66,23,BID
2020-10-30 10:43:50,AAPL,108.68,50,ASK
2020-10-30 10:43:50,AAPL,108.65,22,BID
2020-10-30 10:43:50,AAPL,108.66,9,ASK
2020-10-30 10:43:50,AAPL,108.64,46,BID
2020-10-30 10:43:50,AAPL,108.66,48,ASK
2020-10-30 10:43:51,AAPL,108.64,43,BID
2020-10-30 10:43:50,AAPL,108.66,64,ASK
2020-10-30 10:43:51,AAPL,108.63,49,BID
2020-10-30 10:43:51,AAPL,108.65,2,ASK
2020-10-30 10:43:51,AAPL,108.62,57,BID
2020-10-30 10:43:51,AAPL,108.65,7,ASK
2020-10-30 10:43:51,AAPL,108.62,57,BID
2020-10-30 10:43:51,AAPL,108.65,15,ASK
2020-10-30 10:37:06,AAPL,108.6,100,BID
2020-10-30 10:43:52,AAPL,108.63,1,ASK
2020-10-30 10:43:52,AAPL,108.63,4,BID
2020-10-30 10:43:52,AAPL,108.59,2,ASK
2020-10-30 10:43:53,AAPL,108.61,6,BID
2020-10-30 10:43:53,AAPL,108.61,40,ASK
2020-10-30 10:43:53,AAPL,108.58,37,BID
2020-10-30 10:43:53,AAPL,108.6,12,ASK
2020-10-30 10:43:54,AAPL,108.6,1,BID
2020-10-30 10:43:54,AAPL,108.61,21,ASK
2020-10-30 10:43:54,AAPL,108.57,24,BID
2020-10-30 10:43:54,AAPL,108.59,30,ASK
2020-10-30 10:43:54,AAPL,108.59,5,BID
2020-10-30 10:43:54,AAPL,108.6,38,ASK
2020-10-30 10:43:55,AAPL,108.61,1,BID
2020-10-30 10:43:55,AAPL,108.62,26,ASK
2020-10-30 10:43:55,AAPL,108.62,34,BID
2020-10-30 10:43:55,AAPL,108.63,3,ASK
2020-10-30 10:43:55,AAPL,108.63,7,BID
2020-10-30 10:43:55,AAPL,108.64,49,ASK
2020-10-30 10:43:56,AAPL,108.6,24,BID
2020-10-30 10:43:56,AAPL,108.61,1,ASK
2020-10-30 10:43:56,AAPL,108.61,15,BID
2020-10-30 10:43:56,AAPL,108.63,24,ASK
2020-10-30 10:43:56,AAPL,108.6,17,BID
2020-10-30 10:43:56,AAPL,108.61,6,ASK
2020-10-30 10:43:56,AAPL,108.58,8,BID
2020-10-30 10:43:56,AAPL,108.59,44,ASK
2020-10-30 10:43:57,AAPL,108.56,36,BID
2020-10-30 10:43:57,AAPL,108.57,3,ASK
2020-10-30 10:43:57,AAPL,108.55,2,BID
2020-10-30 10:43:57,AAPL,108.57,37,ASK
2020-10-30 10:43:58,AAPL,108.54,11,BID
2020-10-30 10:43:58,AAPL,108.55,3,ASK
2020-10-30 10:43:58,AAPL,108.56,7,BID
2020-10-30 10:43:58,AAPL,108.58,38,ASK
2020-10-30 10:43:59,AAPL,108.62,3,BID
2020-10-30 10:43:56,AAPL,108.63,33,ASK
2020-10-30 10:44:00,AAPL,108.62,18,BID
2020-10-30 10:44:00,AAPL,108.63,3,ASK
2020-10-30 10:44:01,AAPL,108.66,6,BID
2020-10-30 10:44:01,AAPL,108.67,31,ASK
2020-10-30 10:44:01,AAPL,108.67,21,BID
2020-10-30 10:44:01,AAPL,108.68,21,ASK
2020-10-30 10:44:02,AAPL,108.72,31,BID
2020-10-30 10:44:02,AAPL,108.74,29,ASK
2020-10-30 10:44:03,AAPL,108.74,16,BID
2020-10-30 10:44:03,AAPL,108.76,60,ASK
2020-10-30 10:44:03,AAPL,108.73,26,BID
2020-10-30 10:44:03,AAPL,108.75,7,ASK
2020-10-30 10:44:04,AAPL,108.79,30,BID
2020-10-30 10:44:04,AAPL,108.8,36,ASK
2020-10-30 10:44:04,AAPL,108.8,16,BID
2020-10-30 10:44:04,AAPL,108.81,9,ASK
2020-10-30 10:44:04,AAPL,108.75,3,BID
2020-10-30 10:44:04,AAPL,108.77,12,ASK
2020-10-30 10:44:05,AAPL,108.77,18,BID
2020-10-30 10:44:05,AAPL,108.78,3,ASK
2020-10-30 10:44:05,AAPL,108.75,4,BID
2020-10-30 10:44:05,AAPL,108.76,1,ASK
2020-10-30 10:44:06,AAPL,108.72,10,BID
2020-10-30 10:44:06,AAPL,108.73,1,ASK
2020-10-30 10:44:06,AAPL,108.72,1,BID
2020-10-30 10:44:06,AAPL,108.74,23,ASK
2020-10-30 10:44:07,AAPL,108.75,6,BID
2020-10-30 10:44:05,AAPL,108.77,35,ASK
2020-10-30 10:44:08,AAPL,108.76,1,BID
2020-10-30 10:44:08,AAPL,108.77,30,ASK
2020-10-30 10:44:08,AAPL,108.73,5,BID
2020-10-30 10:44:08,AAPL,108.75,26,ASK
2020-10-30 10:44:09,AAPL,108.75,3,BID
2020-10-30 10:44:09,AAPL,108.76,28,ASK
2020-10-30 10:44:10,AAPL,108.74,4,BID
2020-10-30 10:44:10,AAPL,108.76,40,ASK
2020-10-30 10:44:10,AAPL,108.78,6,BID
2020-10-30 10:44:10,AAPL,108.79,20,ASK
2020-10-30 10:44:11,AAPL,108.77,5,BID
2020-10-30 10:44:11,AAPL,108.78,7,ASK
2020-10-30 10:44:12,AAPL,108.71,20,BID
2020-10-30 10:44:12,AAPL,108.73,12,ASK
2020-10-30 10:44:12,AAPL,108.69,13,BID
2020-10-30 10:44:12,AAPL,108.71,23,ASK
2020-10-30 10:44:13,AAPL,108.69,10,BID
2020-10-30 10:44:13,AAPL,108.71,7,ASK
2020-10-30 10:44:14,AAPL,108.71,11,BID
2020-10-30 10:44:14,AAPL,108.72,6,ASK
2020-10-30 10:44:15,AAPL,108.74,6,BID
2020-10-30 10:44:15,AAPL,108.75,39,ASK
2020-10-30 10:44:17,AAPL,108.78,5,BID
2020-10-30 10:44:17,AAPL,108.79,38,ASK
2020-10-30 10:44:19,AAPL,108.77,11,BID
2020-10-30 10:44:19,AAPL,108.78,16,ASK
2020-10-30 10:44:21,AAPL,108.8,13,BID
2020-10-30 10:44:21,AAPL,108.82,31,ASK
2020-10-30 10:44:21,AAPL,108.79,19,BID
2020-10-30 10:44:22,AAPL,108.81,2,ASK
2020-10-30 10:44:23,AAPL,108.8,1,BID
2020-10-30 10:44:23,AAPL,108.81,37,ASK
2020-10-30 10:44:24,AAPL,108.83,21,BID
2020-10-30 10:44:04,AAPL,108.85,37,ASK
2020-10-30 10:44:24,AAPL,108.83,42,BID
2020-10-30 10:44:24,AAPL,108.85,20,ASK
2020-10-30 10:44:25,AAPL,108.85,38,BID
2020-10-30 10:44:25,AAPL,108.87,41,ASK
2020-10-30 10:44:26,AAPL,108.84,33,BID
2020-10-30 10:44:26,AAPL,108.85,26,ASK
2020-10-30 10:44:27,AAPL,108.87,5,BID
2020-10-30 10:44:27,AAPL,108.88,2,ASK
2020-10-30 10:44:28,AAPL,108.89,22,BID
2020-10-30 10:44:28,AAPL,108.91,58,ASK
2020-10-30 10:44:30,AAPL,108.87,29,BID
2020-10-30 10:44:30,AAPL,108.88,2,ASK
2020-10-30 10:44:31,AAPL,108.84,10,BID
2020-10-30 10:44:31,AAPL,108.85,10,ASK
2020-10-30 10:44:33,AAPL,108.85,14,BID
2020-10-30 10:44:31,AAPL,108.87,49,ASK
2020-10-30 10:44:34,AAPL,108.88,25,BID
2020-10-30 10:44:34,AAPL,108.89,26,ASK
2020-10-30 10:44:35,AAPL,108.84,19,BID
2020-10-30 10:44:35,AAPL,108.86,42,ASK
2020-10-30 10:44:37,AAPL,108.83,2,BID
2020-10-30 10:44:37,AAPL,108.85,32,ASK
2020-10-30 10:44:38,AAPL,108.84,5,BID
2020-10-30 10:44:35,AAPL,108.86,39,ASK
2020-10-30 10:44:39,AAPL,108.83,3,BID
2020-10-30 10:44:39,AAPL,108.84,8,ASK
2020-10-30 10:44:40,AAPL,108.82,31,BID
2020-10-30 10:44:40,AAPL,108.82,15,ASK
2020-10-30 10:44:40,AAPL,108.81,6,BID
2020-10-30 10:44:40,AAPL,108.81,28,ASK
2020-10-30 10:44:41,AAPL,108.79,6,BID
2020-10-30 10:44:41,AAPL,108.8,23,ASK
2020-10-30 10:44:41,AAPL,108.76,22,BID
2020-10-30 10:44:41,AAPL,108.77,2,ASK
2020-10-30 10:44:41,AAPL,108.76,13,BID
2020-10-30 10:44:41,AAPL,108.78,39,ASK
2020-10-30 10:44:42,AAPL,108.78,8,BID
2020-10-30 10:44:42,AAPL,108.79,59,ASK
2020-10-30 10:44:43,AAPL,108.77,8,BID
2020-10-30 10:44:43,AAPL,108.78,36,ASK
2020-10-30 10:44:44,AAPL,108.84,9,BID
2020-10-30 10:44:44,AAPL,108.85,24,ASK
2020-10-30 10:44:45,AAPL,108.85,20,BID
2020-10-30 10:44:38,AAPL,108.87,24,ASK
2020-10-30 10:44:47,AAPL,108.83,14,BID
2020-10-30 10:44:47,AAPL,108.84,8,ASK
2020-10-30 10:44:48,AAPL,108.79,16,BID
2020-10-30 10:44:48,AAPL,108.8,7,ASK
2020-10-30 10:44:48,AAPL,108.83,8,BID
2020-10-30 10:44:48,AAPL,108.84,21,ASK
2020-10-30 10:44:49,AAPL,108.88,14,BID
2020-10-30 10:44:49,AAPL,108.89,31,ASK
2020-10-30 10:44:50,AAPL,108.87,22,BID
2020-10-30 10:44:50,AAPL,108.88,5,ASK
2020-10-30 10:44:51,AAPL,108.87,17,BID
2020-10-30 10:44:51,AAPL,108.89,37,ASK
2020-10-30 10:44:50,AAPL,108.86,34,BID
2020-10-30 10:44:51,AAPL,108.87,1,ASK
2020-10-30 10:44:52,AAPL,108.88,2,BID
2020-10-30 10:44:52,AAPL,108.89,24,ASK
2020-10-30 10:44:52,AAPL,108.86,28,BID
2020-10-30 10:44:53,AAPL,108.87,19,ASK
2020-10-30 10:44:53,AAPL,108.84,24,BID
2020-10-30 10:44:54,AAPL,108.85,31,ASK
2020-10-30 10:44:54,AAPL,108.83,22,BID
2020-10-30 10:44:54,AAPL,108.84,20,ASK
2020-10-30 10:44:54,AAPL,108.87,14,BID
2020-10-30 10:44:54,AAPL,108.89,36,ASK
2020-10-30 10:44:55,AAPL,108.89,39,BID
2020-10-30 10:44:55,AAPL,108.91,33,ASK
2020-10-30 10:44:55,AAPL,108.89,39,BID
2020-10-30 10:44:55,AAPL,108.91,33,ASK
2020-10-30 10:44:55,AAPL,108.89,39,BID
2020-10-30 10:44:55,AAPL,108.91,33,ASK
2020-10-30 10:44:55,AAPL,108.89,39,BID
2020-10-30 10:44:55,AAPL,108.91,33,ASK
2020-10-30 10:44:55,AAPL,108.89,39,BID
2020-10-30 10:44:55,AAPL,108.91,33,ASK
2020-10-30 10:44:55,AAPL,108.89,39,BID
2020-10-30 10:44:55,AAPL,108.91,33,ASK
2020-10-30 10:44:55,AAPL,108.89,39,BID
2020-10-30 10:44:55,AAPL,108.91,33,ASK
2020-10-30 10:44:55,AAPL,108.89,39,BID
2020-10-30 10:44:55,AAPL,108.91,33,ASK
2020-10-30 10:44:56,AAPL,108.89,2,BID
2020-10-30 10:44:56,AAPL,108.9,6,ASK
2020-10-30 10:44:57,AAPL,108.92,6,BID
2020-10-30 10:44:57,AAPL,108.93,42,ASK
2020-10-30 10:44:59,AAPL,108.93,1,BID
2020-10-30 10:44:59,AAPL,108.94,38,ASK
2020-10-30 10:45:00,AAPL,108.95,58,BID
2020-10-30 10:45:00,AAPL,108.97,27,ASK
2020-10-30 10:45:01,AAPL,108.97,41,BID
2020-10-30 10:45:01,AAPL,108.98,25,ASK
2020-10-30 10:45:01,AAPL,108.99,15,BID
2020-10-30 10:43:06,AAPL,109.0,80,ASK
2020-10-30 10:45:01,AAPL,109.0,16,BID
2020-10-30 10:45:01,AAPL,109.01,13,ASK
2020-10-30 10:45:02,AAPL,109.02,5,BID
2020-10-30 10:45:02,AAPL,109.03,32,ASK
2020-10-30 10:45:02,AAPL,108.99,21,BID
2020-10-30 10:45:02,AAPL,109.0,17,ASK
2020-10-30 10:45:01,AAPL,108.97,34,BID
2020-10-30 10:45:03,AAPL,108.99,18,ASK
2020-10-30 10:45:03,AAPL,108.94,46,BID
2020-10-30 10:45:03,AAPL,108.95,29,ASK
2020-10-30 10:44:57,AAPL,108.9,35,BID
2020-10-30 10:45:03,AAPL,108.91,4,ASK
2020-10-30 10:45:04,AAPL,108.87,18,BID
2020-10-30 10:45:04,AAPL,108.89,34,ASK
2020-10-30 10:45:04,AAPL,108.85,1,BID
2020-10-30 10:45:04,AAPL,108.86,30,ASK
2020-10-30 10:45:05,AAPL,108.87,27,BID
2020-10-30 10:45:05,AAPL,108.88,2,ASK
2020-10-30 10:45:06,AAPL,108.9,23,BID
2020-10-30 10:45:06,AAPL,108.91,5,ASK
2020-10-30 10:45:07,AAPL,108.95,45,BID
2020-10-30 10:45:06,AAPL,108.96,38,ASK
2020-10-30 10:45:07,AAPL,108.96,43,BID
2020-10-30 10:45:07,AAPL,108.97,3,ASK
2020-10-30 10:45:08,AAPL,108.93,6,BID
2020-10-30 10:45:08,AAPL,108.95,18,ASK
2020-10-30 10:45:10,AAPL,108.93,42,BID
2020-10-30 10:45:10,AAPL,108.94,6,ASK
2020-10-30 10:45:10,AAPL,108.98,1,BID
2020-10-30 10:45:10,AAPL,108.99,31,ASK
2020-10-30 10:45:11,AAPL,108.98,25,BID
2020-10-30 10:45:11,AAPL,108.99,88,ASK
2020-10-30 10:45:12,AAPL,108.99,35,BID
2020-10-30 10:45:11,AAPL,109.0,64,ASK
2020-10-30 10:45:13,AAPL,109.01,19,BID
2020-10-30 10:45:13,AAPL,109.02,15,ASK
2020-10-30 10:45:14,AAPL,109.07,40,BID
2020-10-30 10:45:14,AAPL,109.08,20,ASK
2020-10-30 10:45:15,AAPL,109.08,28,BID
2020-10-30 10:45:15,AAPL,109.1,51,ASK
2020-10-30 10:45:16,AAPL,109.03,46,BID
2020-10-30 10:45:16,AAPL,109.05,3,ASK
2020-10-30 10:45:16,AAPL,109.03,21,BID
2020-10-30 10:45:17,AAPL,109.04,5,ASK
2020-10-30 10:45:17,AAPL,109.05,23,BID
2020-10-30 10:45:17,AAPL,109.07,39,ASK
2020-10-30 10:45:18,AAPL,109.02,44,BID
2020-10-30 10:45:18,AAPL,109.04,24,ASK
2020-10-30 10:45:19,AAPL,109.04,23,BID
2020-10-30 10:45:19,AAPL,109.05,16,ASK
2020-10-30 10:45:20,AAPL,109.02,17,BID
2020-10-30 10:45:20,AAPL,109.04,41,ASK
2020-10-30 10:45:21,AAPL,109.05,3,BID
2020-10-30 10:45:21,AAPL,109.06,22,ASK
2020-10-30 10:45:22,AAPL,109.04,19,BID
2020-10-30 10:45:22,AAPL,109.05,30,ASK
2020-10-30 10:45:22,AAPL,109.03,11,BID
2020-10-30 10:45:22,AAPL,109.05,33,ASK
2020-10-30 10:45:23,AAPL,109.07,3,BID
2020-10-30 10:45:23,AAPL,109.08,3,ASK
2020-10-30 10:45:23,AAPL,109.05,37,BID
2020-10-30 10:45:24,AAPL,109.06,4,ASK
2020-10-30 10:45:24,AAPL,109.08,33,BID
2020-10-30 10:45:24,AAPL,109.1,76,ASK
2020-10-30 10:45:26,AAPL,109.06,27,BID
2020-10-30 10:45:26,AAPL,109.07,1,ASK
2020-10-30 10:45:27,AAPL,109.06,3,BID
2020-10-30 10:45:27,AAPL,109.07,5,ASK
2020-10-30 10:45:28,AAPL,109.03,36,BID
2020-10-30 10:45:28,AAPL,109.04,41,ASK
2020-10-30 10:45:29,AAPL,109.05,1,BID
2020-10-30 10:45:28,AAPL,109.06,25,ASK
2020-10-30 10:45:30,AAPL,109.07,10,BID
2020-10-30 10:45:30,AAPL,109.08,13,ASK
2020-10-30 10:45:32,AAPL,109.02,27,BID
2020-10-30 10:45:32,AAPL,109.03,57,ASK
2020-10-30 10:45:33,AAPL,108.97,4,BID
2020-10-30 10:45:33,AAPL,108.98,29,ASK
2020-10-30 10:45:34,AAPL,109.02,4,BID
2020-10-30 10:45:34,AAPL,109.03,3,ASK
2020-10-30 10:45:35,AAPL,108.96,3,BID
2020-10-30 10:45:35,AAPL,108.97,22,ASK
2020-10-30 10:45:36,AAPL,108.93,29,BID
2020-10-30 10:45:36,AAPL,108.95,18,ASK
2020-10-30 10:45:08,AAPL,108.92,45,BID
2020-10-30 10:45:38,AAPL,108.94,13,ASK
2020-10-30 10:45:39,AAPL,108.97,2,BID
2020-10-30 10:45:39,AAPL,108.98,25,ASK
2020-10-30 10:45:40,AAPL,108.97,6,BID
2020-10-30 10:45:41,AAPL,108.98,24,ASK
2020-10-30 10:45:38,AAPL,108.93,12,BID
2020-10-30 10:45:41,AAPL,108.95,29,ASK
2020-10-30 10:45:42,AAPL,108.98,5,BID
2020-10-30 10:45:35,AAPL,109.0,23,ASK
2020-10-30 10:45:43,AAPL,108.99,5,BID
2020-10-30 10:45:43,AAPL,109.0,17,ASK
2020-10-30 10:45:44,AAPL,108.99,8,BID
2020-10-30 10:45:44,AAPL,109.01,24,ASK
2020-10-30 10:45:44,AAPL,108.98,13,BID
2020-10-30 10:45:45,AAPL,109.0,6,ASK
2020-10-30 10:45:46,AAPL,109.02,15,BID
2020-10-30 10:45:46,AAPL,109.03,21,ASK
2020-10-30 10:45:46,AAPL,109.06,9,BID
2020-10-30 10:45:31,AAPL,109.07,39,ASK
2020-10-30 10:45:46,AAPL,109.05,12,BID
2020-10-30 10:45:46,AAPL,109.06,15,ASK
2020-10-30 10:45:47,AAPL,109.03,11,BID
2020-10-30 10:45:47,AAPL,109.05,30,ASK
2020-10-30 10:45:48,AAPL,109.04,16,BID
2020-10-30 10:45:48,AAPL,109.06,21,ASK
2020-10-30 10:45:50,AAPL,109.04,23,BID
2020-10-30 10:45:50,AAPL,109.06,26,ASK
2020-10-30 10:45:51,AAPL,109.04,3,BID
2020-10-30 10:45:51,AAPL,109.05,19,ASK
2020-10-30 10:45:53,AAPL,109.07,13,BID
2020-10-30 10:45:31,AAPL,109.09,23,ASK
2020-10-30 10:45:55,AAPL,109.09,5,BID
2020-10-30 10:45:25,AAPL,109.1,56,ASK
2020-10-30 10:45:56,AAPL,109.12,6,BID
2020-10-30 10:45:56,AAPL,109.13,3,ASK
2020-10-30 10:45:58,AAPL,109.07,27,BID
2020-10-30 10:45:58,AAPL,109.09,18,ASK
2020-10-30 10:45:59,AAPL,109.06,6,BID
2020-10-30 10:45:59,AAPL,109.07,17,ASK
2020-10-30 10:46:00,AAPL,109.02,28,BID
2020-10-30 10:46:00,AAPL,109.03,8,ASK
2020-10-30 10:46:01,AAPL,109.01,10,BID
2020-10-30 10:46:01,AAPL,109.02,17,ASK
2020-10-30 10:46:03,AAPL,109.05,22,BID
2020-10-30 10:46:03,AAPL,109.06,14,ASK
2020-10-30 10:46:03,AAPL,109.04,34,BID
2020-10-30 10:46:03,AAPL,109.06,16,ASK
2020-10-30 10:46:04,AAPL,109.07,4,BID
2020-10-30 10:46:04,AAPL,109.08,17,ASK
2020-10-30 10:46:06,AAPL,109.07,2,BID
2020-10-30 10:46:05,AAPL,109.08,7,ASK
2020-10-30 10:46:07,AAPL,109.05,4,BID
2020-10-30 10:46:07,AAPL,109.06,4,ASK
2020-10-30 10:46:09,AAPL,109.11,12,BID
2020-10-30 10:46:09,AAPL,109.12,6,ASK
2020-10-30 10:46:09,AAPL,109.14,1,BID
2020-10-30 10:26:03,AAPL,109.15,33,ASK
2020-10-30 10:46:10,AAPL,109.15,19,BID
2020-10-30 10:46:10,AAPL,109.16,6,ASK
2020-10-30 10:46:10,AAPL,109.19,25,BID
2020-10-30 10:46:11,AAPL,109.2,11,ASK
2020-10-30 10:46:12,AAPL,109.19,13,BID
2020-10-30 10:46:12,AAPL,109.2,3,ASK
2020-10-30 10:46:12,AAPL,109.16,17,BID
2020-10-30 10:46:12,AAPL,109.17,2,ASK
2020-10-30 10:46:13,AAPL,109.19,3,BID
2020-10-30 10:46:13,AAPL,109.2,18,ASK
2020-10-30 10:46:14,AAPL,109.21,4,BID
2020-10-30 10:46:14,AAPL,109.22,9,ASK
2020-10-30 10:46:15,AAPL,109.22,29,BID
2020-10-30 10:46:15,AAPL,109.23,24,ASK
2020-10-30 10:46:16,AAPL,109.22,12,BID
2020-10-30 10:46:16,AAPL,109.23,22,ASK
2020-10-30 10:46:17,AAPL,109.25,27,BID
2020-10-30 10:46:17,AAPL,109.26,13,ASK
2020-10-30 10:46:17,AAPL,109.23,12,BID
2020-10-30 10:46:17,AAPL,109.24,15,ASK
2020-10-30 10:46:18,AAPL,109.23,6,BID
2020-10-30 10:46:18,AAPL,109.24,14,ASK
2020-10-30 10:46:18,AAPL,109.21,14,BID
2020-10-30 10:46:19,AAPL,109.22,2,ASK
2020-10-30 10:46:14,AAPL,109.18,27,BID
2020-10-30 10:46:19,AAPL,109.2,20,ASK
2020-10-30 10:46:19,AAPL,109.17,1,BID
2020-10-30 10:46:19,AAPL,109.17,5,ASK
2020-10-30 10:46:19,AAPL,109.16,7,BID
2020-10-30 10:46:19,AAPL,109.18,15,ASK
2020-10-30 10:46:20,AAPL,109.17,20,BID
2020-10-30 10:46:20,AAPL,109.19,4,ASK
2020-10-30 10:46:21,AAPL,109.21,20,BID
2020-10-30 10:46:21,AAPL,109.22,8,ASK
2020-10-30 10:46:22,AAPL,109.22,7,BID
2020-10-30 10:46:21,AAPL,109.23,11,ASK
2020-10-30 10:46:23,AAPL,109.21,5,BID
2020-10-30 10:46:23,AAPL,109.23,22,ASK
2020-10-30 10:46:24,AAPL,109.18,24,BID
2020-10-30 10:46:24,AAPL,109.19,8,ASK
2020-10-30 10:46:25,AAPL,109.15,16,BID
2020-10-30 10:46:25,AAPL,109.17,16,ASK
2020-10-30 10:46:25,AAPL,109.09,18,BID
2020-10-30 10:46:26,AAPL,109.1,1,ASK
2020-10-30 10:46:26,AAPL,109.08,1,BID
2020-10-30 10:46:26,AAPL,109.09,8,ASK
2020-10-30 10:46:27,AAPL,109.07,12,BID
2020-10-30 10:46:27,AAPL,109.09,5,ASK
2020-10-30 10:46:04,AAPL,109.04,39,BID
2020-10-30 10:46:28,AAPL,109.05,8,ASK
2020-10-30 10:46:29,AAPL,109.06,2,BID
2020-10-30 10:46:29,AAPL,109.07,12,ASK
2020-10-30 10:46:30,AAPL,109.12,6,BID
2020-10-30 10:46:30,AAPL,109.13,5,ASK
2020-10-30 10:46:31,AAPL,109.12,16,BID
2020-10-30 10:46:31,AAPL,109.13,8,ASK
2020-10-30 10:46:32,AAPL,109.14,26,BID
2020-10-30 10:46:32,AAPL,109.15,2,ASK
2020-10-30 10:46:33,AAPL,109.17,31,BID
2020-10-30 10:46:34,AAPL,109.19,2,ASK
2020-10-30 10:46:35,AAPL,109.19,3,BID
2020-10-30 10:46:35,AAPL,109.2,8,ASK
2020-10-30 10:46:35,AAPL,109.18,29,BID
2020-10-30 10:46:36,AAPL,109.2,7,ASK
2020-10-30 10:46:37,AAPL,109.17,16,BID
2020-10-30 10:46:37,AAPL,109.19,12,ASK
2020-10-30 10:46:38,AAPL,109.2,16,BID
2020-10-30 10:46:38,AAPL,109.21,23,ASK
2020-10-30 10:46:39,AAPL,109.18,23,BID
2020-10-30 10:46:39,AAPL,109.2,31,ASK
2020-10-30 10:46:40,AAPL,109.16,25,BID
2020-10-30 10:46:40,AAPL,109.18,15,ASK
2020-10-30 10:46:33,AAPL,109.14,28,BID
2020-10-30 10:46:41,AAPL,109.16,12,ASK
2020-10-30 10:46:41,AAPL,109.14,2,BID
2020-10-30 10:46:41,AAPL,109.15,26,ASK
2020-10-30 10:46:42,AAPL,109.11,31,BID
2020-10-30 10:46:43,AAPL,109.12,12,ASK
2020-10-30 10:46:44,AAPL,109.07,12,BID
2020-10-30 10:46:44,AAPL,109.08,1,ASK
2020-10-30 10:46:45,AAPL,109.07,8,BID
2020-10-30 10:46:45,AAPL,109.08,30,ASK
2020-10-30 10:46:46,AAPL,109.09,7,BID
2020-10-30 10:46:46,AAPL,109.1,9,ASK
2020-10-30 10:46:47,AAPL,109.1,3,BID
2020-10-30 10:46:46,AAPL,109.11,25,ASK
2020-10-30 10:46:48,AAPL,109.1,30,BID
2020-10-30 10:46:47,AAPL,109.11,17,ASK
2020-10-30 10:46:48,AAPL,109.1,35,BID
2020-10-30 10:46:49,AAPL,109.11,58,ASK
2020-10-30 10:46:50,AAPL,109.13,6,BID
2020-10-30 10:46:42,AAPL,109.14,36,ASK
2020-10-30 10:46:51,AAPL,109.16,30,BID
2020-10-30 10:46:41,AAPL,109.17,10,ASK
2020-10-30 10:46:51,AAPL,109.16,34,BID
2020-10-30 10:46:41,AAPL,109.17,10,ASK
2020-10-30 10:46:51,AAPL,109.16,34,BID
2020-10-30 10:46:41,AAPL,109.17,10,ASK
2020-10-30 10:46:51,AAPL,109.16,34,BID
2020-10-30 10:46:41,AAPL,109.17,10,ASK
2020-10-30 10:46:51,AAPL,109.16,34,BID
2020-10-30 10:46:41,AAPL,109.17,10,ASK
2020-10-30 10:46:51,AAPL,109.16,34,BID
2020-10-30 10:46:41,AAPL,109.17,10,ASK
2020-10-30 10:46:51,AAPL,109.16,34,BID
2020-10-30 10:46:41,AAPL,109.17,10,ASK
2020-10-30 10:46:51,AAPL,109.16,34,BID
2020-10-30 10:46:41,AAPL,109.17,10,ASK
2020-10-30 10:46:51,AAPL,109.16,34,BID
2020-10-30 10:46:41,AAPL,109.17,10,ASK
2020-10-30 10:46:51,AAPL,109.16,34,BID
2020-10-30 10:46:41,AAPL,109.17,10,ASK
2020-10-30 10:46:51,AAPL,109.16,34,BID
2020-10-30 10:46:41,AAPL,109.17,10,ASK
2020-10-30 10:46:51,AAPL,109.16,34,BID
2020-10-30 10:46:41,AAPL,109.17,10,ASK
2020-10-30 10:46:51,AAPL,109.16,34,BID
2020-10-30 10:46:41,AAPL,109.17,10,ASK
2020-10-30 10:46:51,AAPL,109.16,34,BID
2020-10-30 10:46:41,AAPL,109.17,10,ASK
2020-10-30 10:46:51,AAPL,109.16,34,BID
2020-10-30 10:46:41,AAPL,109.17,10,ASK
2020-10-30 10:46:51,AAPL,109.16,34,BID
2020-10-30 10:46:41,AAPL,109.17,10,ASK
2020-10-30 10:46:51,AAPL,109.16,34,BID
2020-10-30 10:46:41,AAPL,109.17,10,ASK
2020-10-30 10:46:51,AAPL,109.16,34,BID
2020-10-30 10:46:41,AAPL,109.17,10,ASK
2020-10-30 10:46:51,AAPL,109.16,34,BID
2020-10-30 10:46:41,AAPL,109.17,10,ASK
2020-10-30 10:46:51,AAPL,109.16,34,BID
2020-10-30 10:46:41,AAPL,109.17,10,ASK
2020-10-30 10:46:51,AAPL,109.16,34,BID
2020-10-30 10:46:41,AAPL,109.17,10,ASK
2020-10-30 10:46:51,AAPL,109.16,34,BID
2020-10-30 10:46:41,AAPL,109.17,10,ASK
2020-10-30 10:46:51,AAPL,109.16,34,BID
2020-10-30 10:46:41,AAPL,109.17,10,ASK
2020-10-30 10:46:51,AAPL,109.16,34,BID
2020-10-30 10:46:41,AAPL,109.17,10,ASK
2020-10-30 10:46:51,AAPL,109.16,34,BID
2020-10-30 10:46:41,AAPL,109.17,10,ASK
2020-10-30 10:46:51,AAPL,109.16,34,BID
2020-10-30 10:46:41,AAPL,109.17,10,ASK
2020-10-30 10:46:51,AAPL,109.16,34,BID
2020-10-30 10:46:41,AAPL,109.17,10,ASK
2020-10-30 10:46:58,AAPL,109.1,31,BID
2020-10-30 10:46:59,AAPL,109.11,7,ASK
2020-10-30 10:47:00,AAPL,109.15,4,BID
2020-10-30 10:47:00,AAPL,109.16,8,ASK
2020-10-30 10:47:01,AAPL,109.1,46,BID
2020-10-30 10:47:01,AAPL,109.11,7,ASK
2020-10-30 10:47:02,AAPL,109.04,9,BID
2020-10-30 10:47:02,AAPL,109.53,36,ASK
2020-10-30 10:47:02,AAPL,109.04,15,BID
2020-10-30 10:47:02,AAPL,109.06,14,ASK
2020-10-30 10:47:02,AAPL,109.05,32,BID
2020-10-30 10:47:02,AAPL,109.07,13,ASK
2020-10-30 10:47:02,AAPL,109.06,9,BID
2020-10-30 10:47:02,AAPL,109.07,20,ASK
2020-10-30 10:47:02,AAPL,109.06,9,BID
2020-10-30 10:47:02,AAPL,109.07,20,ASK
2020-10-30 10:47:02,AAPL,109.06,9,BID
2020-10-30 10:47:02,AAPL,109.07,20,ASK
2020-10-30 10:47:02,AAPL,109.06,9,BID
2020-10-30 10:47:02,AAPL,109.07,20,ASK
2020-10-30 10:47:02,AAPL,109.06,9,BID
2020-10-30 10:47:02,AAPL,109.07,20,ASK
2020-10-30 10:47:07,AAPL,109.07,1,BID
2020-10-30 10:47:07,AAPL,109.08,32,ASK
2020-10-30 10:47:02,AAPL,109.05,31,BID
2020-10-30 10:47:07,AAPL,109.07,6,ASK
2020-10-30 10:47:02,AAPL,109.04,10,BID
2020-10-30 10:47:07,AAPL,109.06,28,ASK
2020-10-30 10:47:08,AAPL,109.02,1,BID
2020-10-30 10:47:08,AAPL,109.03,12,ASK
2020-10-30 10:47:08,AAPL,109.0,71,BID
2020-10-30 10:47:08,AAPL,109.01,11,ASK
2020-10-30 10:47:08,AAPL,109.0,33,BID
2020-10-30 10:47:08,AAPL,109.01,41,ASK
2020-10-30 10:47:08,AAPL,109.01,6,BID
2020-10-30 10:47:08,AAPL,109.03,29,ASK
2020-10-30 10:47:08,AAPL,109.02,10,BID
2020-10-30 10:47:08,AAPL,109.04,16,ASK
2020-10-30 10:47:09,AAPL,108.98,27,BID
2020-10-30 10:47:09,AAPL,108.99,5,ASK
2020-10-30 10:47:09,AAPL,108.94,14,BID
2020-10-30 10:47:09,AAPL,108.95,21,ASK
2020-10-30 10:47:09,AAPL,108.96,1,BID
2020-10-30 10:47:09,AAPL,108.97,4,ASK
2020-10-30 10:47:09,AAPL,108.9,39,BID
2020-10-30 10:47:09,AAPL,108.91,2,ASK
2020-10-30 10:47:10,AAPL,108.89,1,BID
2020-10-30 10:47:10,AAPL,108.9,33,ASK
2020-10-30 10:47:11,AAPL,108.9,1,BID
2020-10-30 10:47:11,AAPL,108.91,38,ASK
2020-10-30 10:47:12,AAPL,108.84,21,BID
2020-10-30 10:47:12,AAPL,108.86,30,ASK
2020-10-30 10:47:13,AAPL,108.88,1,BID
2020-10-30 10:47:13,AAPL,108.89,28,ASK
2020-10-30 10:47:13,AAPL,108.85,18,BID
2020-10-30 10:47:14,AAPL,108.87,20,ASK
2020-10-30 10:47:15,AAPL,108.86,19,BID
2020-10-30 10:47:14,AAPL,108.88,30,ASK
2020-10-30 10:47:17,AAPL,108.86,2,BID
2020-10-30 10:47:17,AAPL,108.87,30,ASK
2020-10-30 10:47:19,AAPL,108.88,33,BID
2020-10-30 10:47:19,AAPL,108.9,19,ASK
2020-10-30 10:47:20,AAPL,108.89,34,BID
2020-10-30 10:47:20,AAPL,108.91,35,ASK
2020-10-30 10:47:21,AAPL,108.86,24,BID
2020-10-30 10:47:21,AAPL,108.88,19,ASK
2020-10-30 10:47:17,AAPL,108.85,26,BID
2020-10-30 10:47:22,AAPL,108.87,21,ASK
2020-10-30 10:47:23,AAPL,108.84,27,BID
2020-10-30 10:47:23,AAPL,108.85,39,ASK
2020-10-30 10:47:24,AAPL,108.88,26,BID
2020-10-30 10:47:24,AAPL,108.9,27,ASK
2020-10-30 10:47:24,AAPL,108.91,1,BID
2020-10-30 10:47:24,AAPL,108.92,20,ASK
2020-10-30 10:47:25,AAPL,108.93,29,BID
2020-10-30 10:47:25,AAPL,108.95,21,ASK
2020-10-30 10:47:26,AAPL,108.93,3,BID
2020-10-30 10:47:26,AAPL,108.94,15,ASK
2020-10-30 10:47:27,AAPL,108.91,7,BID
2020-10-30 10:47:27,AAPL,108.93,34,ASK
2020-10-30 10:47:28,AAPL,108.9,33,BID
2020-10-30 10:47:29,AAPL,108.91,36,ASK
2020-10-30 10:47:24,AAPL,108.88,34,BID
2020-10-30 10:47:30,AAPL,108.9,13,ASK
2020-10-30 10:47:31,AAPL,108.92,17,BID
2020-10-30 10:47:31,AAPL,108.93,2,ASK
2020-10-30 10:47:24,AAPL,108.88,34,BID
2020-10-30 10:47:32,AAPL,108.9,33,ASK
2020-10-30 10:47:33,AAPL,108.87,5,BID
2020-10-30 10:47:33,AAPL,108.88,1,ASK
2020-10-30 10:47:34,AAPL,108.85,27,BID
2020-10-30 10:47:35,AAPL,108.87,23,ASK
2020-10-30 10:47:36,AAPL,108.82,31,BID
2020-10-30 10:47:36,AAPL,108.84,30,ASK
2020-10-30 10:47:37,AAPL,108.81,34,BID
2020-10-30 10:47:37,AAPL,108.82,5,ASK
2020-10-30 10:47:37,AAPL,108.77,4,BID
2020-10-30 10:47:37,AAPL,108.78,2,ASK
2020-10-30 10:47:38,AAPL,108.74,8,BID
2020-10-30 10:47:38,AAPL,108.76,28,ASK
2020-10-30 10:47:39,AAPL,108.77,5,BID
2020-10-30 10:47:37,AAPL,108.79,33,ASK
2020-10-30 10:47:40,AAPL,108.77,3,BID
2020-10-30 10:47:40,AAPL,108.78,23,ASK
2020-10-30 10:47:41,AAPL,108.79,11,BID
2020-10-30 10:47:37,AAPL,108.81,66,ASK
2020-10-30 10:47:41,AAPL,108.81,6,BID
2020-10-30 10:47:41,AAPL,108.82,24,ASK
2020-10-30 10:47:42,AAPL,108.77,30,BID
2020-10-30 10:47:42,AAPL,108.78,30,ASK
2020-10-30 10:47:43,AAPL,108.76,4,BID
2020-10-30 10:47:43,AAPL,108.77,11,ASK
2020-10-30 10:47:45,AAPL,108.76,13,BID
2020-10-30 10:47:45,AAPL,108.78,23,ASK
2020-10-30 10:47:45,AAPL,108.77,20,BID
2020-10-30 10:47:45,AAPL,108.78,27,ASK
2020-10-30 10:47:46,AAPL,108.79,1,BID
2020-10-30 10:47:44,AAPL,108.8,26,ASK
2020-10-30 10:47:47,AAPL,108.76,26,BID
2020-10-30 10:47:47,AAPL,108.77,18,ASK
2020-10-30 10:47:48,AAPL,108.72,15,BID
2020-10-30 10:47:48,AAPL,108.73,19,ASK
2020-10-30 10:47:49,AAPL,108.71,1,BID
2020-10-30 10:47:49,AAPL,108.72,25,ASK
2020-10-30 10:47:50,AAPL,108.73,3,BID
2020-10-30 10:47:50,AAPL,108.74,26,ASK
2020-10-30 10:47:52,AAPL,108.71,8,BID
2020-10-30 10:47:52,AAPL,108.73,17,ASK
2020-10-30 10:47:52,AAPL,108.7,23,BID
2020-10-30 10:47:52,AAPL,108.71,28,ASK
2020-10-30 10:47:52,AAPL,108.67,33,BID
2020-10-30 10:47:52,AAPL,108.69,19,ASK
2020-10-30 10:47:53,AAPL,108.67,1,BID
2020-10-30 10:47:53,AAPL,108.68,4,ASK
2020-10-30 10:47:54,AAPL,108.66,3,BID
2020-10-30 10:47:54,AAPL,108.67,21,ASK
2020-10-30 10:47:55,AAPL,108.67,29,BID
2020-10-30 10:47:55,AAPL,108.69,4,ASK
2020-10-30 10:47:56,AAPL,108.69,8,BID
2020-10-30 10:47:56,AAPL,108.7,3,ASK
2020-10-30 10:47:57,AAPL,108.68,5,BID
2020-10-30 10:47:57,AAPL,108.69,15,ASK
2020-10-30 10:47:57,AAPL,108.66,14,BID
2020-10-30 10:47:58,AAPL,108.67,30,ASK
2020-10-30 10:47:59,AAPL,108.69,7,BID
2020-10-30 10:47:59,AAPL,108.7,22,ASK
2020-10-30 10:48:00,AAPL,108.68,12,BID
2020-10-30 10:48:00,AAPL,108.69,3,ASK
2020-10-30 10:48:00,AAPL,108.67,1,BID
2020-10-30 10:48:00,AAPL,108.68,28,ASK
2020-10-30 10:48:01,AAPL,108.72,3,BID
2020-10-30 10:48:01,AAPL,108.73,12,ASK
2020-10-30 10:48:02,AAPL,108.7,2,BID
2020-10-30 10:48:02,AAPL,108.71,9,ASK
2020-10-30 10:48:03,AAPL,108.72,6,BID
2020-10-30 10:48:02,AAPL,108.73,8,ASK
2020-10-30 10:48:04,AAPL,108.72,6,BID
2020-10-30 10:47:50,AAPL,108.74,42,ASK
2020-10-30 10:48:05,AAPL,108.72,6,BID
2020-10-30 10:48:05,AAPL,108.73,4,ASK
2020-10-30 10:48:04,AAPL,108.7,34,BID
2020-10-30 10:48:06,AAPL,108.72,16,ASK
2020-10-30 10:48:08,AAPL,108.73,11,BID
2020-10-30 10:47:50,AAPL,108.74,41,ASK
2020-10-30 10:48:09,AAPL,108.74,33,BID
2020-10-30 10:48:09,AAPL,108.75,11,ASK
2020-10-30 10:48:10,AAPL,108.78,1,BID
2020-10-30 10:48:10,AAPL,108.79,22,ASK
2020-10-30 10:48:11,AAPL,108.83,5,BID
2020-10-30 10:48:11,AAPL,108.84,24,ASK
2020-10-30 10:48:12,AAPL,108.85,20,BID
2020-10-30 10:48:12,AAPL,108.86,1,ASK
2020-10-30 10:48:12,AAPL,108.85,22,BID
2020-10-30 10:48:13,AAPL,108.87,5,ASK
2020-10-30 10:48:14,AAPL,108.87,14,BID
2020-10-30 10:48:15,AAPL,108.88,12,ASK
2020-10-30 10:48:15,AAPL,108.84,32,BID
2020-10-30 10:48:15,AAPL,108.86,7,ASK
2020-10-30 10:48:17,AAPL,108.83,2,BID
2020-10-30 10:48:17,AAPL,108.84,6,ASK
2020-10-30 10:48:18,AAPL,108.79,10,BID
2020-10-30 10:48:18,AAPL,108.8,19,ASK
2020-10-30 10:48:08,AAPL,108.73,51,BID
2020-10-30 10:48:19,AAPL,108.74,30,ASK
2020-10-30 10:48:20,AAPL,108.67,15,BID
2020-10-30 10:48:20,AAPL,108.68,7,ASK
2020-10-30 10:48:21,AAPL,108.64,4,BID
2020-10-30 10:48:21,AAPL,108.65,8,ASK
2020-10-30 10:48:22,AAPL,108.61,3,BID
2020-10-30 10:48:22,AAPL,108.62,8,ASK
2020-10-30 10:48:24,AAPL,108.58,25,BID
2020-10-30 10:48:24,AAPL,108.6,18,ASK
2020-10-30 10:48:25,AAPL,108.6,2,BID
2020-10-30 10:48:25,AAPL,108.61,15,ASK
2020-10-30 10:48:26,AAPL,108.64,5,BID
2020-10-30 10:48:26,AAPL,108.65,1,ASK
2020-10-30 10:48:27,AAPL,108.64,16,BID
2020-10-30 10:48:27,AAPL,108.65,1,ASK
2020-10-30 10:48:29,AAPL,108.66,10,BID
2020-10-30 10:48:29,AAPL,108.67,7,ASK
2020-10-30 10:48:31,AAPL,108.66,25,BID
2020-10-30 10:48:31,AAPL,108.67,4,ASK
2020-10-30 10:48:32,AAPL,108.68,16,BID
2020-10-30 10:48:32,AAPL,108.69,17,ASK
2020-10-30 10:48:33,AAPL,108.7,17,BID
2020-10-30 10:48:33,AAPL,108.71,2,ASK
2020-10-30 10:48:35,AAPL,108.73,26,BID
2020-10-30 10:48:34,AAPL,108.75,18,ASK
2020-10-30 10:48:37,AAPL,108.72,1,BID
2020-10-30 10:48:37,AAPL,108.73,19,ASK
2020-10-30 10:48:38,AAPL,108.74,14,BID
2020-10-30 10:48:38,AAPL,108.76,28,ASK
2020-10-30 10:48:40,AAPL,108.69,17,BID
2020-10-30 10:48:40,AAPL,108.71,18,ASK
2020-10-30 10:48:42,AAPL,108.68,3,BID
2020-10-30 10:48:42,AAPL,108.69,22,ASK
2020-10-30 10:48:43,AAPL,108.66,23,BID
2020-10-30 10:48:43,AAPL,108.67,8,ASK
2020-10-30 10:48:44,AAPL,108.64,14,BID
2020-10-30 10:48:44,AAPL,108.65,4,ASK
2020-10-30 10:48:45,AAPL,108.62,25,BID
2020-10-30 10:48:46,AAPL,108.63,17,ASK
2020-10-30 10:48:46,AAPL,108.6,21,BID
2020-10-30 10:48:46,AAPL,108.61,23,ASK
2020-10-30 10:48:48,AAPL,108.62,2,BID
2020-10-30 10:48:47,AAPL,108.63,20,ASK
2020-10-30 10:48:49,AAPL,108.63,5,BID
2020-10-30 10:48:49,AAPL,108.64,26,ASK
2020-10-30 10:48:51,AAPL,108.63,22,BID
2020-10-30 10:48:51,AAPL,108.65,30,ASK
2020-10-30 10:48:53,AAPL,108.63,3,BID
2020-10-30 10:48:53,AAPL,108.64,7,ASK
2020-10-30 10:48:54,AAPL,108.64,1,BID
2020-10-30 10:48:54,AAPL,108.65,32,ASK
2020-10-30 10:48:56,AAPL,108.62,33,BID
2020-10-30 10:48:56,AAPL,108.63,5,ASK
2020-10-30 10:48:57,AAPL,108.61,6,BID
2020-10-30 10:48:57,AAPL,108.63,31,ASK
2020-10-30 10:48:58,AAPL,108.58,8,BID
2020-10-30 10:48:58,AAPL,108.6,25,ASK
2020-10-30 10:48:59,AAPL,108.58,31,BID
2020-10-30 10:48:59,AAPL,108.6,4,ASK
2020-10-30 10:49:00,AAPL,108.59,52,BID
2020-10-30 10:49:00,AAPL,108.6,7,ASK
2020-10-30 10:49:01,AAPL,108.61,24,BID
2020-10-30 10:49:01,AAPL,108.63,5,ASK
2020-10-30 10:49:01,AAPL,108.62,20,BID
2020-10-30 10:49:01,AAPL,108.64,21,ASK
2020-10-30 10:49:01,AAPL,108.62,20,BID
2020-10-30 10:49:01,AAPL,108.64,21,ASK
2020-10-30 10:49:01,AAPL,108.62,20,BID
2020-10-30 10:49:01,AAPL,108.64,21,ASK
2020-10-30 10:49:01,AAPL,108.62,20,BID
2020-10-30 10:49:01,AAPL,108.64,21,ASK
2020-10-30 10:49:01,AAPL,108.62,20,BID
2020-10-30 10:49:01,AAPL,108.64,21,ASK
2020-10-30 10:49:01,AAPL,108.62,20,BID
2020-10-30 10:49:01,AAPL,108.64,21,ASK
2020-10-30 10:49:01,AAPL,108.62,20,BID
2020-10-30 10:49:01,AAPL,108.64,21,ASK
2020-10-30 10:49:01,AAPL,108.62,20,BID
2020-10-30 10:49:01,AAPL,108.64,21,ASK
2020-10-30 10:49:01,AAPL,108.62,20,BID
2020-10-30 10:49:01,AAPL,108.64,21,ASK
2020-10-30 10:49:01,AAPL,108.62,20,BID
2020-10-30 10:49:01,AAPL,108.64,21,ASK
2020-10-30 10:49:01,AAPL,108.62,20,BID
2020-10-30 10:49:01,AAPL,108.64,21,ASK
2020-10-30 10:49:01,AAPL,108.62,20,BID
2020-10-30 10:49:01,AAPL,108.64,21,ASK
2020-10-30 10:49:01,AAPL,108.62,20,BID
2020-10-30 10:49:01,AAPL,108.64,21,ASK
2020-10-30 10:49:01,AAPL,108.62,20,BID
2020-10-30 10:49:01,AAPL,108.64,21,ASK
2020-10-30 10:49:01,AAPL,108.62,20,BID
2020-10-30 10:49:01,AAPL,108.64,21,ASK
2020-10-30 10:49:01,AAPL,108.62,20,BID
2020-10-30 10:49:01,AAPL,108.64,21,ASK
2020-10-30 10:49:01,AAPL,108.62,20,BID
2020-10-30 10:49:01,AAPL,108.64,21,ASK
2020-10-30 10:49:01,AAPL,108.62,20,BID
2020-10-30 10:49:01,AAPL,108.64,21,ASK
2020-10-30 10:49:01,AAPL,108.62,20,BID
2020-10-30 10:49:01,AAPL,108.64,21,ASK
2020-10-30 10:49:01,AAPL,108.62,20,BID
2020-10-30 10:49:01,AAPL,108.64,21,ASK
2020-10-30 10:49:01,AAPL,108.62,20,BID
2020-10-30 10:49:01,AAPL,108.64,21,ASK
2020-10-30 10:49:01,AAPL,108.62,20,BID
2020-10-30 10:49:01,AAPL,108.64,21,ASK
2020-10-30 10:49:01,AAPL,108.62,20,BID
2020-10-30 10:49:01,AAPL,108.64,21,ASK
2020-10-30 10:49:01,AAPL,108.62,20,BID
2020-10-30 10:49:01,AAPL,108.64,21,ASK
2020-10-30 10:49:01,AAPL,108.62,20,BID
2020-10-30 10:49:01,AAPL,108.64,21,ASK
2020-10-30 10:49:07,AAPL,108.77,8,BID
2020-10-30 10:48:19,AAPL,108.79,14,ASK
2020-10-30 10:49:09,AAPL,108.78,23,BID
2020-10-30 10:48:18,AAPL,108.8,14,ASK
2020-10-30 10:49:08,AAPL,108.76,37,BID
2020-10-30 10:49:11,AAPL,108.78,29,ASK
2020-10-30 10:49:12,AAPL,108.81,5,BID
2020-10-30 10:49:12,AAPL,108.83,27,ASK
2020-10-30 10:49:13,AAPL,108.78,8,BID
2020-10-30 10:49:13,AAPL,108.79,1,ASK
2020-10-30 10:49:14,AAPL,108.77,3,BID
2020-10-30 10:49:14,AAPL,108.78,4,ASK
2020-10-30 10:49:08,AAPL,108.76,37,BID
2020-10-30 10:49:15,AAPL,108.77,17,ASK
2020-10-30 10:49:15,AAPL,108.74,14,BID
2020-10-30 10:49:15,AAPL,108.76,19,ASK
2020-10-30 10:49:16,AAPL,108.72,2,BID
2020-10-30 10:49:16,AAPL,108.73,1,ASK
2020-10-30 10:49:17,AAPL,108.72,7,BID
2020-10-30 10:49:17,AAPL,108.73,1,ASK
2020-10-30 10:49:19,AAPL,108.73,2,BID
2020-10-30 10:49:19,AAPL,108.74,14,ASK
2020-10-30 10:49:20,AAPL,108.75,30,BID
2020-10-30 10:49:20,AAPL,108.76,1,ASK
2020-10-30 10:49:21,AAPL,108.75,26,BID
2020-10-30 10:49:21,AAPL,108.76,1,ASK
2020-10-30 10:49:22,AAPL,108.77,30,BID
2020-10-30 10:49:22,AAPL,108.79,19,ASK
2020-10-30 10:49:24,AAPL,108.78,31,BID
2020-10-30 10:49:24,AAPL,108.79,7,ASK
2020-10-30 10:49:25,AAPL,108.78,32,BID
2020-10-30 10:49:25,AAPL,108.79,16,ASK
2020-10-30 10:49:26,AAPL,108.83,34,BID
2020-10-30 10:49:27,AAPL,108.85,18,ASK
2020-10-30 10:49:28,AAPL,108.85,15,BID
2020-10-30 10:49:28,AAPL,108.86,1,ASK
2020-10-30 10:49:30,AAPL,108.91,16,BID
2020-10-30 10:49:30,AAPL,108.92,24,ASK
2020-10-30 10:49:32,AAPL,108.97,14,BID
2020-10-30 10:47:09,AAPL,108.99,37,ASK
2020-10-30 10:49:32,AAPL,108.98,14,BID
2020-10-30 10:49:32,AAPL,108.99,4,ASK
2020-10-30 10:49:32,AAPL,108.98,5,BID
2020-10-30 10:49:32,AAPL,108.99,3,ASK
2020-10-30 10:49:32,AAPL,108.97,25,BID
2020-10-30 10:49:32,AAPL,108.98,1,ASK
2020-10-30 10:49:32,AAPL,108.97,25,BID
2020-10-30 10:49:32,AAPL,108.98,1,ASK
2020-10-30 10:49:32,AAPL,108.97,25,BID
2020-10-30 10:49:32,AAPL,108.98,2,ASK
2020-10-30 10:49:32,AAPL,108.97,25,BID
2020-10-30 10:49:32,AAPL,108.98,2,ASK
2020-10-30 10:49:32,AAPL,108.97,25,BID
2020-10-30 10:49:32,AAPL,108.98,6,ASK
2020-10-30 10:49:37,AAPL,108.94,4,BID
2020-10-30 10:49:37,AAPL,108.95,1,ASK
2020-10-30 10:49:37,AAPL,108.88,3,BID
2020-10-30 10:49:37,AAPL,108.89,1,ASK
2020-10-30 10:49:38,AAPL,108.85,4,BID
2020-10-30 10:49:38,AAPL,108.87,7,ASK
2020-10-30 10:49:38,AAPL,108.82,1,BID
2020-10-30 10:49:38,AAPL,108.83,7,ASK
2020-10-30 10:49:40,AAPL,108.79,11,BID
2020-10-30 10:49:40,AAPL,108.8,5,ASK
2020-10-30 10:49:41,AAPL,108.78,16,BID
2020-10-30 10:49:41,AAPL,108.79,5,ASK
2020-10-30 10:49:43,AAPL,108.79,1,BID
2020-10-30 10:49:43,AAPL,108.8,9,ASK
2020-10-30 10:49:45,AAPL,108.8,5,BID
2020-10-30 10:49:45,AAPL,108.82,10,ASK
2020-10-30 10:49:47,AAPL,108.79,2,BID
2020-10-30 10:49:47,AAPL,108.8,3,ASK
2020-10-30 10:49:49,AAPL,108.82,28,BID
2020-10-30 10:49:44,AAPL,108.83,13,ASK
2020-10-30 10:49:49,AAPL,108.82,31,BID
2020-10-30 10:49:49,AAPL,108.85,4,ASK
2020-10-30 10:49:50,AAPL,108.81,9,BID
2020-10-30 10:49:50,AAPL,108.83,18,ASK
2020-10-30 10:49:52,AAPL,108.86,28,BID
2020-10-30 10:49:52,AAPL,108.88,1,ASK
2020-10-30 10:49:53,AAPL,108.88,29,BID
2020-10-30 10:49:53,AAPL,108.9,2,ASK
2020-10-30 10:49:54,AAPL,108.82,11,BID
2020-10-30 10:49:54,AAPL,108.83,1,ASK
2020-10-30 10:49:48,AAPL,108.79,30,BID
2020-10-30 10:49:55,AAPL,108.81,7,ASK
2020-10-30 10:49:56,AAPL,108.78,13,BID
2020-10-30 10:49:57,AAPL,108.79,3,ASK
2020-10-30 10:49:40,AAPL,108.77,18,BID
2020-10-30 10:49:58,AAPL,108.78,4,ASK
2020-10-30 10:50:00,AAPL,108.78,1,BID
2020-10-30 10:49:56,AAPL,108.8,7,ASK
2020-10-30 10:50:01,AAPL,108.8,1,BID
2020-10-30 10:50:01,AAPL,108.81,7,ASK
2020-10-30 10:50:01,AAPL,108.83,2,BID
2020-10-30 10:50:01,AAPL,108.84,4,ASK
2020-10-30 10:50:02,AAPL,108.8,26,BID
2020-10-30 10:50:02,AAPL,108.81,1,ASK
2020-10-30 10:50:03,AAPL,108.79,21,BID
2020-10-30 10:50:03,AAPL,108.81,3,ASK
2020-10-30 10:50:04,AAPL,108.76,13,BID
2020-10-30 10:50:04,AAPL,108.77,2,ASK
2020-10-30 10:50:04,AAPL,108.75,12,BID
2020-10-30 10:50:04,AAPL,108.77,8,ASK
2020-10-30 10:50:05,AAPL,108.78,2,BID
2020-10-30 10:50:05,AAPL,108.79,7,ASK
2020-10-30 10:50:06,AAPL,108.78,19,BID
2020-10-30 10:50:06,AAPL,108.8,2,ASK
2020-10-30 10:50:07,AAPL,108.77,21,BID
2020-10-30 10:50:07,AAPL,108.78,2,ASK
2020-10-30 10:50:07,AAPL,108.74,24,BID
2020-10-30 10:50:08,AAPL,108.76,3,ASK
2020-10-30 10:50:08,AAPL,108.77,2,BID
2020-10-30 10:50:08,AAPL,108.79,2,ASK
2020-10-30 10:50:09,AAPL,108.75,3,BID
2020-10-30 10:50:09,AAPL,108.76,3,ASK
2020-10-30 10:50:10,AAPL,108.75,21,BID
2020-10-30 10:50:10,AAPL,108.77,5,ASK
2020-10-30 10:50:11,AAPL,108.75,2,BID
2020-10-30 10:50:10,AAPL,108.76,6,ASK
2020-10-30 10:50:13,AAPL,108.76,16,BID
2020-10-30 10:50:12,AAPL,108.79,10,ASK
2020-10-30 10:50:14,AAPL,108.79,27,BID
2020-10-30 10:50:14,AAPL,108.8,3,ASK
2020-10-30 10:50:14,AAPL,108.84,6,BID
2020-10-30 10:50:14,AAPL,108.85,8,ASK
2020-10-30 10:50:15,AAPL,108.86,11,BID
