timestamp,ticker,price,volume,bid_ask
2020-10-30 10:31:26,AXP,89.81,4,BID
2020-10-30 10:31:16,AXP,89.84,5,ASK
2020-10-30 10:31:27,AXP,89.79,3,BID
2020-10-30 10:31:27,AXP,89.84,6,ASK
2020-10-30 10:31:28,AXP,89.79,7,BID
2020-10-30 10:31:27,AXP,89.84,6,ASK
2020-10-30 10:31:30,AXP,89.79,10,BID
2020-10-30 10:31:30,AXP,89.84,6,ASK
2020-10-30 10:31:30,AXP,89.79,10,BID
2020-10-30 10:31:30,AXP,89.83,1,ASK
2020-10-30 10:31:31,AXP,89.79,10,BID
2020-10-30 10:31:31,AXP,89.83,3,ASK
2020-10-30 10:31:32,AXP,89.76,4,BID
2020-10-30 10:31:32,AXP,89.81,2,ASK
2020-10-30 10:31:33,AXP,89.76,4,BID
2020-10-30 10:31:33,AXP,89.81,2,ASK
2020-10-30 10:31:35,AXP,89.77,3,BID
2020-10-30 10:31:35,AXP,89.83,3,ASK
2020-10-30 10:31:35,AXP,89.77,7,BID
2020-10-30 10:31:35,AXP,89.83,3,ASK
2020-10-30 10:31:36,AXP,89.77,9,BID
2020-10-30 10:31:36,AXP,89.83,3,ASK
2020-10-30 10:31:38,AXP,89.78,1,BID
2020-10-30 10:31:38,AXP,89.83,3,ASK
2020-10-30 10:31:36,AXP,89.77,9,BID
2020-10-30 10:31:38,AXP,89.83,3,ASK
2020-10-30 10:31:40,AXP,89.78,4,BID
2020-10-30 10:31:40,AXP,89.83,5,ASK
2020-10-30 10:31:40,AXP,89.78,7,BID
2020-10-30 10:31:40,AXP,89.83,6,ASK
2020-10-30 10:31:40,AXP,89.78,7,BID
2020-10-30 10:31:40,AXP,89.83,6,ASK
2020-10-30 10:31:40,AXP,89.78,7,BID
2020-10-30 10:31:40,AXP,89.83,6,ASK
2020-10-30 10:31:43,AXP,89.79,2,BID
2020-10-30 10:31:43,AXP,89.83,6,ASK
2020-10-30 10:31:45,AXP,89.79,3,BID
2020-10-30 10:31:43,AXP,89.83,5,ASK
2020-10-30 10:31:45,AXP,89.79,3,BID
2020-10-30 10:31:43,AXP,89.83,5,ASK
2020-10-30 10:31:47,AXP,89.73,8,BID
2020-10-30 10:31:47,AXP,89.8,5,ASK
2020-10-30 10:31:47,AXP,89.75,2,BID
2020-10-30 10:31:47,AXP,89.8,2,ASK
2020-10-30 10:31:47,AXP,89.75,1,BID
2020-10-30 10:31:47,AXP,89.8,2,ASK
2020-10-30 10:31:47,AXP,89.73,8,BID
2020-10-30 10:31:49,AXP,89.76,3,ASK
2020-10-30 10:31:50,AXP,89.73,10,BID
2020-10-30 10:31:50,AXP,89.77,2,ASK
2020-10-30 10:31:52,AXP,89.74,4,BID
2020-10-30 10:31:51,AXP,89.79,5,ASK
2020-10-30 10:31:52,AXP,89.73,9,BID
2020-10-30 10:31:51,AXP,89.79,5,ASK
2020-10-30 10:31:53,AXP,89.73,8,BID
2020-10-30 10:31:51,AXP,89.79,5,ASK
2020-10-30 10:31:53,AXP,89.73,8,BID
2020-10-30 10:31:51,AXP,89.79,5,ASK
2020-10-30 10:31:56,AXP,89.77,3,BID
2020-10-30 10:31:56,AXP,89.82,4,ASK
2020-10-30 10:31:56,AXP,89.77,3,BID
2020-10-30 10:31:56,AXP,89.81,1,ASK
2020-10-30 10:31:58,AXP,89.77,4,BID
2020-10-30 10:31:58,AXP,89.81,3,ASK
2020-10-30 10:31:59,AXP,89.77,8,BID
2020-10-30 10:31:59,AXP,89.81,1,ASK
2020-10-30 10:32:00,AXP,89.77,5,BID
2020-10-30 10:32:00,AXP,89.8,1,ASK
2020-10-30 10:32:00,AXP,89.73,3,BID
2020-10-30 10:32:00,AXP,89.76,2,ASK
2020-10-30 10:32:00,AXP,89.72,6,BID
2020-10-30 10:32:00,AXP,89.76,4,ASK
2020-10-30 10:32:00,AXP,89.72,7,BID
2020-10-30 10:32:00,AXP,89.76,6,ASK
2020-10-30 10:32:01,AXP,89.72,5,BID
2020-10-30 10:32:00,AXP,89.76,4,ASK
2020-10-30 10:32:01,AXP,89.72,3,BID
2020-10-30 10:32:01,AXP,89.76,8,ASK
2020-10-30 10:32:02,AXP,89.72,6,BID
2020-10-30 10:32:02,AXP,89.76,8,ASK
2020-10-30 10:32:03,AXP,89.72,4,BID
2020-10-30 10:32:03,AXP,89.76,8,ASK
2020-10-30 10:32:03,AXP,89.72,4,BID
2020-10-30 10:32:03,AXP,89.76,8,ASK
2020-10-30 10:32:03,AXP,89.72,6,BID
2020-10-30 10:32:04,AXP,89.76,8,ASK
2020-10-30 10:32:03,AXP,89.72,7,BID
2020-10-30 10:32:04,AXP,89.76,7,ASK
2020-10-30 10:32:03,AXP,89.72,7,BID
2020-10-30 10:32:04,AXP,89.76,7,ASK
2020-10-30 10:32:08,AXP,89.75,5,BID
2020-10-30 10:32:08,AXP,89.78,3,ASK
2020-10-30 10:32:09,AXP,89.74,4,BID
2020-10-30 10:32:08,AXP,89.78,3,ASK
2020-10-30 10:32:09,AXP,89.74,4,BID
2020-10-30 10:32:09,AXP,89.78,6,ASK
2020-10-30 10:32:09,AXP,89.74,4,BID
2020-10-30 10:32:10,AXP,89.78,7,ASK
2020-10-30 10:32:09,AXP,89.74,4,BID
2020-10-30 10:32:10,AXP,89.78,7,ASK
2020-10-30 10:32:12,AXP,89.76,4,BID
2020-10-30 10:32:12,AXP,89.79,3,ASK
2020-10-30 10:32:13,AXP,89.77,4,BID
2020-10-30 10:32:13,AXP,89.79,3,ASK
2020-10-30 10:32:14,AXP,89.76,4,BID
2020-10-30 10:32:13,AXP,89.79,6,ASK
2020-10-30 10:32:16,AXP,89.74,3,BID
2020-10-30 10:32:16,AXP,89.79,6,ASK
2020-10-30 10:32:17,AXP,89.74,4,BID
2020-10-30 10:32:17,AXP,89.77,8,ASK
2020-10-30 10:32:03,AXP,89.72,4,BID
2020-10-30 10:32:19,AXP,89.76,1,ASK
2020-10-30 10:32:03,AXP,89.72,4,BID
2020-10-30 10:32:19,AXP,89.74,3,ASK
2020-10-30 10:32:20,AXP,89.68,3,BID
2020-10-30 10:32:20,AXP,89.72,7,ASK
2020-10-30 10:32:20,AXP,89.68,3,BID
2020-10-30 10:32:20,AXP,89.72,8,ASK
2020-10-30 10:32:20,AXP,89.68,4,BID
2020-10-30 10:32:20,AXP,89.72,8,ASK
2020-10-30 10:32:20,AXP,89.68,4,BID
2020-10-30 10:32:20,AXP,89.72,10,ASK
2020-10-30 10:32:20,AXP,89.68,4,BID
2020-10-30 10:32:21,AXP,89.72,10,ASK
2020-10-30 10:32:22,AXP,89.68,4,BID
2020-10-30 10:32:23,AXP,89.71,3,ASK
2020-10-30 10:32:22,AXP,89.68,4,BID
2020-10-30 10:32:23,AXP,89.71,3,ASK
2020-10-30 10:32:23,AXP,89.68,4,BID
2020-10-30 10:32:23,AXP,89.71,3,ASK
2020-10-30 10:32:24,AXP,89.65,4,BID
2020-10-30 10:32:24,AXP,89.68,1,ASK
2020-10-30 10:29:47,AXP,89.63,3,BID
2020-10-30 10:32:24,AXP,89.67,3,ASK
2020-10-30 10:32:24,AXP,89.63,5,BID
2020-10-30 10:32:24,AXP,89.67,3,ASK
2020-10-30 10:32:25,AXP,89.65,1,BID
2020-10-30 10:32:24,AXP,89.68,4,ASK
2020-10-30 10:32:25,AXP,89.65,2,BID
2020-10-30 10:32:24,AXP,89.68,4,ASK
2020-10-30 10:32:26,AXP,89.68,5,BID
2020-10-30 10:32:26,AXP,89.71,7,ASK
2020-10-30 10:32:26,AXP,89.63,2,BID
2020-10-30 10:32:26,AXP,89.67,3,ASK
2020-10-30 10:32:27,AXP,89.63,3,BID
2020-10-30 10:32:26,AXP,89.67,7,ASK
2020-10-30 10:32:27,AXP,89.64,2,BID
2020-10-30 10:32:26,AXP,89.67,5,ASK
2020-10-30 10:32:27,AXP,89.64,2,BID
2020-10-30 10:32:26,AXP,89.67,5,ASK
2020-10-30 10:32:27,AXP,89.65,3,BID
2020-10-30 10:32:26,AXP,89.67,5,ASK
2020-10-30 10:32:28,AXP,89.64,2,BID
2020-10-30 10:32:28,AXP,89.67,7,ASK
2020-10-30 10:32:31,AXP,89.65,3,BID
2020-10-30 10:32:31,AXP,89.68,5,ASK
2020-10-30 10:32:31,AXP,89.65,3,BID
2020-10-30 10:32:31,AXP,89.68,5,ASK
2020-10-30 10:32:31,AXP,89.65,3,BID
2020-10-30 10:32:31,AXP,89.68,5,ASK
2020-10-30 10:32:31,AXP,89.65,3,BID
2020-10-30 10:32:31,AXP,89.68,5,ASK
2020-10-30 10:32:32,AXP,89.67,5,BID
2020-10-30 10:32:26,AXP,89.71,9,ASK
2020-10-30 10:32:33,AXP,89.67,8,BID
2020-10-30 10:32:33,AXP,89.71,8,ASK
2020-10-30 10:32:33,AXP,89.67,8,BID
2020-10-30 10:32:33,AXP,89.71,8,ASK
2020-10-30 10:32:35,AXP,89.67,4,BID
2020-10-30 10:32:36,AXP,89.7,3,ASK
2020-10-30 10:32:36,AXP,89.67,4,BID
2020-10-30 10:32:36,AXP,89.7,5,ASK
2020-10-30 10:32:37,AXP,89.68,7,BID
2020-10-30 10:32:38,AXP,89.7,1,ASK
2020-10-30 10:32:38,AXP,89.68,6,BID
2020-10-30 10:32:38,AXP,89.7,2,ASK
2020-10-30 10:32:38,AXP,89.68,2,BID
2020-10-30 10:32:38,AXP,89.7,2,ASK
2020-10-30 10:32:39,AXP,89.69,3,BID
2020-10-30 10:32:39,AXP,89.71,8,ASK
2020-10-30 10:32:40,AXP,89.68,2,BID
2020-10-30 10:32:40,AXP,89.71,8,ASK
2020-10-30 10:32:42,AXP,89.68,2,BID
2020-10-30 10:32:40,AXP,89.71,8,ASK
2020-10-30 10:32:42,AXP,89.68,2,BID
2020-10-30 10:32:42,AXP,89.72,11,ASK
2020-10-30 10:32:43,AXP,89.68,2,BID
2020-10-30 10:32:42,AXP,89.72,12,ASK
2020-10-30 10:32:44,AXP,89.68,2,BID
2020-10-30 10:32:44,AXP,89.7,4,ASK
2020-10-30 10:32:45,AXP,89.68,2,BID
2020-10-30 10:32:45,AXP,89.71,3,ASK
2020-10-30 10:32:45,AXP,89.69,3,BID
2020-10-30 10:32:45,AXP,89.71,3,ASK
2020-10-30 10:32:46,AXP,89.68,2,BID
2020-10-30 10:32:45,AXP,89.71,3,ASK
2020-10-30 10:32:48,AXP,89.7,3,BID
2020-10-30 10:32:48,AXP,89.72,12,ASK
2020-10-30 10:32:49,AXP,89.72,1,BID
2020-10-30 10:32:49,AXP,89.76,6,ASK
2020-10-30 10:32:50,AXP,89.72,6,BID
2020-10-30 10:32:50,AXP,89.75,1,ASK
2020-10-30 10:32:52,AXP,89.72,6,BID
2020-10-30 10:32:52,AXP,89.76,5,ASK
2020-10-30 10:32:52,AXP,89.72,6,BID
2020-10-30 10:32:52,AXP,89.75,1,ASK
2020-10-30 10:32:55,AXP,89.72,9,BID
2020-10-30 10:32:56,AXP,89.76,5,ASK
2020-10-30 10:32:56,AXP,89.71,6,BID
2020-10-30 10:32:57,AXP,89.74,7,ASK
2020-10-30 10:32:57,AXP,89.73,2,BID
2020-10-30 10:32:56,AXP,89.76,11,ASK
2020-10-30 10:32:58,AXP,89.74,2,BID
2020-10-30 10:32:56,AXP,89.76,11,ASK
2020-10-30 10:32:58,AXP,89.74,4,BID
2020-10-30 10:32:58,AXP,89.76,8,ASK
2020-10-30 10:32:59,AXP,89.74,5,BID
2020-10-30 10:32:59,AXP,89.76,10,ASK
2020-10-30 10:33:00,AXP,89.72,3,BID
2020-10-30 10:33:00,AXP,89.75,4,ASK
2020-10-30 10:33:01,AXP,89.73,2,BID
2020-10-30 10:33:01,AXP,89.76,7,ASK
2020-10-30 10:33:02,AXP,89.75,2,BID
2020-10-30 10:32:13,AXP,89.79,6,ASK
2020-10-30 10:33:02,AXP,89.75,4,BID
2020-10-30 10:33:02,AXP,89.79,7,ASK
2020-10-30 10:33:03,AXP,89.75,4,BID
2020-10-30 10:33:02,AXP,89.79,7,ASK
2020-10-30 10:33:04,AXP,89.74,6,BID
2020-10-30 10:33:04,AXP,89.78,3,ASK
2020-10-30 10:33:05,AXP,89.74,6,BID
2020-10-30 10:32:13,AXP,89.79,7,ASK
2020-10-30 10:33:07,AXP,89.75,3,BID
2020-10-30 10:32:13,AXP,89.79,8,ASK
2020-10-30 10:33:07,AXP,89.75,3,BID
2020-10-30 10:32:13,AXP,89.79,10,ASK
2020-10-30 10:33:08,AXP,89.76,1,BID
2020-10-30 10:33:08,AXP,89.78,5,ASK
2020-10-30 10:33:09,AXP,89.73,6,BID
2020-10-30 10:33:09,AXP,89.76,2,ASK
2020-10-30 10:33:10,AXP,89.73,9,BID
2020-10-30 10:32:13,AXP,89.79,7,ASK
2020-10-30 10:33:10,AXP,89.73,9,BID
2020-10-30 10:33:11,AXP,89.78,1,ASK
2020-10-30 10:33:12,AXP,89.76,6,BID
2020-10-30 10:32:13,AXP,89.79,6,ASK
2020-10-30 10:33:14,AXP,89.72,3,BID
2020-10-30 10:33:14,AXP,89.76,3,ASK
2020-10-30 10:33:15,AXP,89.72,1,BID
2020-10-30 10:33:15,AXP,89.76,2,ASK
2020-10-30 10:33:16,AXP,89.73,2,BID
2020-10-30 10:33:16,AXP,89.76,1,ASK
2020-10-30 10:33:16,AXP,89.74,3,BID
2020-10-30 10:33:16,AXP,89.76,1,ASK
2020-10-30 10:33:18,AXP,89.73,5,BID
2020-10-30 10:33:18,AXP,89.76,3,ASK
2020-10-30 10:33:19,AXP,89.73,5,BID
2020-10-30 10:33:19,AXP,89.76,3,ASK
2020-10-30 10:33:19,AXP,89.73,5,BID
2020-10-30 10:33:19,AXP,89.76,5,ASK
2020-10-30 10:33:20,AXP,89.74,2,BID
2020-10-30 10:33:19,AXP,89.76,4,ASK
2020-10-30 10:33:22,AXP,89.74,11,BID
2020-10-30 10:33:22,AXP,89.78,3,ASK
2020-10-30 10:33:22,AXP,89.73,5,BID
2020-10-30 10:33:23,AXP,89.77,3,ASK
2020-10-30 10:33:24,AXP,89.74,5,BID
2020-10-30 10:33:23,AXP,89.77,4,ASK
2020-10-30 10:33:22,AXP,89.73,5,BID
2020-10-30 10:33:25,AXP,89.77,3,ASK
2020-10-30 10:33:22,AXP,89.73,5,BID
2020-10-30 10:33:27,AXP,89.78,2,ASK
2020-10-30 10:33:22,AXP,89.73,5,BID
2020-10-30 10:33:28,AXP,89.78,2,ASK
2020-10-30 10:33:30,AXP,89.76,3,BID
2020-10-30 10:33:29,AXP,89.79,6,ASK
2020-10-30 10:33:30,AXP,89.76,3,BID
2020-10-30 10:33:29,AXP,89.79,6,ASK
2020-10-30 10:33:32,AXP,89.77,5,BID
2020-10-30 10:33:32,AXP,89.81,3,ASK
2020-10-30 10:33:33,AXP,89.78,3,BID
2020-10-30 10:33:32,AXP,89.83,7,ASK
2020-10-30 10:33:34,AXP,89.79,5,BID
2020-10-30 10:30:41,AXP,89.85,8,ASK
2020-10-30 10:33:34,AXP,89.8,3,BID
2020-10-30 10:33:34,AXP,89.85,9,ASK
2020-10-30 10:33:35,AXP,89.8,3,BID
2020-10-30 10:33:35,AXP,89.84,3,ASK
2020-10-30 10:33:29,AXP,89.73,8,BID
2020-10-30 10:33:36,AXP,89.8,3,ASK
2020-10-30 10:33:36,AXP,89.75,3,BID
2020-10-30 10:33:36,AXP,89.81,5,ASK
2020-10-30 10:33:37,AXP,89.75,3,BID
2020-10-30 10:33:37,AXP,89.81,8,ASK
2020-10-30 10:33:38,AXP,89.75,6,BID
2020-10-30 10:33:37,AXP,89.81,7,ASK
2020-10-30 10:33:38,AXP,89.75,6,BID
2020-10-30 10:33:39,AXP,89.83,1,ASK
2020-10-30 10:33:38,AXP,89.75,6,BID
2020-10-30 10:33:40,AXP,89.83,4,ASK
2020-10-30 10:33:41,AXP,89.76,10,BID
2020-10-30 10:33:41,AXP,89.83,6,ASK
2020-10-30 10:33:42,AXP,89.76,11,BID
2020-10-30 10:33:43,AXP,89.81,2,ASK
2020-10-30 10:33:42,AXP,89.76,12,BID
2020-10-30 10:33:44,AXP,89.79,1,ASK
2020-10-30 10:33:42,AXP,89.76,12,BID
2020-10-30 10:33:44,AXP,89.81,2,ASK
2020-10-30 10:33:45,AXP,89.76,13,BID
2020-10-30 10:33:45,AXP,89.83,5,ASK
2020-10-30 10:33:46,AXP,89.76,13,BID
2020-10-30 10:33:45,AXP,89.83,7,ASK
2020-10-30 10:33:46,AXP,89.78,7,BID
2020-10-30 10:33:46,AXP,89.82,3,ASK
2020-10-30 10:33:48,AXP,89.78,8,BID
2020-10-30 10:33:48,AXP,89.83,8,ASK
2020-10-30 10:33:48,AXP,89.78,7,BID
2020-10-30 10:33:48,AXP,89.83,8,ASK
2020-10-30 10:33:48,AXP,89.78,7,BID
2020-10-30 10:33:48,AXP,89.83,8,ASK
2020-10-30 10:33:49,AXP,89.77,4,BID
2020-10-30 10:33:49,AXP,89.81,2,ASK
2020-10-30 10:33:50,AXP,89.78,5,BID
2020-10-30 10:33:48,AXP,89.83,8,ASK
2020-10-30 10:33:52,AXP,89.78,3,BID
2020-10-30 10:33:52,AXP,89.82,4,ASK
2020-10-30 10:33:53,AXP,89.78,5,BID
2020-10-30 10:33:52,AXP,89.82,4,ASK
2020-10-30 10:33:54,AXP,89.78,5,BID
2020-10-30 10:33:54,AXP,89.82,1,ASK
2020-10-30 10:33:54,AXP,89.78,5,BID
2020-10-30 10:33:54,AXP,89.82,1,ASK
2020-10-30 10:33:57,AXP,89.8,2,BID
2020-10-30 10:33:48,AXP,89.83,8,ASK
2020-10-30 10:33:58,AXP,89.81,3,BID
2020-10-30 10:33:48,AXP,89.83,8,ASK
2020-10-30 10:34:00,AXP,89.86,3,BID
2020-10-30 10:34:00,AXP,89.89,5,ASK
2020-10-30 10:34:01,AXP,89.86,2,BID
2020-10-30 10:34:00,AXP,89.89,8,ASK
2020-10-30 10:34:00,AXP,89.84,5,BID
2020-10-30 10:34:01,AXP,89.87,1,ASK
2020-10-30 10:34:00,AXP,89.84,5,BID
2020-10-30 10:34:02,AXP,89.88,5,ASK
2020-10-30 10:34:03,AXP,89.84,5,BID
2020-10-30 10:34:03,AXP,89.87,2,ASK
2020-10-30 10:34:03,AXP,89.84,5,BID
2020-10-30 10:34:02,AXP,89.88,4,ASK
2020-10-30 10:34:04,AXP,89.84,6,BID
2020-10-30 10:34:02,AXP,89.88,4,ASK
2020-10-30 10:34:04,AXP,89.84,6,BID
2020-10-30 10:34:02,AXP,89.88,5,ASK
2020-10-30 10:34:04,AXP,89.84,6,BID
2020-10-30 10:34:02,AXP,89.88,5,ASK
2020-10-30 10:34:07,AXP,89.87,3,BID
2020-10-30 10:29:11,AXP,89.91,4,ASK
2020-10-30 10:34:08,AXP,89.86,3,BID
2020-10-30 10:34:08,AXP,89.87,2,ASK
2020-10-30 10:34:08,AXP,89.85,5,BID
2020-10-30 10:34:08,AXP,89.87,1,ASK
2020-10-30 10:34:04,AXP,89.84,5,BID
2020-10-30 10:34:09,AXP,89.87,4,ASK
2020-10-30 10:34:04,AXP,89.84,6,BID
2020-10-30 10:34:10,AXP,89.87,6,ASK
2020-10-30 10:34:04,AXP,89.84,6,BID
2020-10-30 10:34:10,AXP,89.87,6,ASK
2020-10-30 10:34:04,AXP,89.84,5,BID
2020-10-30 10:34:11,AXP,89.87,6,ASK
2020-10-30 10:34:12,AXP,89.82,6,BID
2020-10-30 10:34:12,AXP,89.84,1,ASK
2020-10-30 10:33:59,AXP,89.81,3,BID
2020-10-30 10:34:12,AXP,89.85,7,ASK
2020-10-30 10:34:14,AXP,89.78,4,BID
2020-10-30 10:34:14,AXP,89.84,5,ASK
2020-10-30 10:34:14,AXP,89.8,5,BID
2020-10-30 10:34:14,AXP,89.84,5,ASK
2020-10-30 10:34:14,AXP,89.8,5,BID
2020-10-30 10:34:14,AXP,89.84,5,ASK
2020-10-30 10:34:15,AXP,89.8,5,BID
2020-10-30 10:34:15,AXP,89.84,6,ASK
2020-10-30 10:34:16,AXP,89.8,5,BID
2020-10-30 10:34:16,AXP,89.84,6,ASK
2020-10-30 10:34:18,AXP,89.8,2,BID
2020-10-30 10:34:18,AXP,89.84,7,ASK
2020-10-30 10:34:17,AXP,89.78,6,BID
2020-10-30 10:34:18,AXP,89.84,8,ASK
2020-10-30 10:34:20,AXP,89.8,3,BID
2020-10-30 10:34:20,AXP,89.84,8,ASK
2020-10-30 10:34:22,AXP,89.8,6,BID
2020-10-30 10:34:21,AXP,89.84,7,ASK
2020-10-30 10:34:23,AXP,89.8,6,BID
2020-10-30 10:34:23,AXP,89.84,8,ASK
2020-10-30 10:34:23,AXP,89.81,2,BID
2020-10-30 10:34:23,AXP,89.84,8,ASK
2020-10-30 10:34:23,AXP,89.81,2,BID
2020-10-30 10:34:23,AXP,89.84,8,ASK
2020-10-30 10:34:25,AXP,89.85,2,BID
2020-10-30 10:34:25,AXP,89.87,6,ASK
2020-10-30 10:34:26,AXP,89.85,4,BID
2020-10-30 10:34:25,AXP,89.87,6,ASK
2020-10-30 10:34:27,AXP,89.84,7,BID
2020-10-30 10:34:27,AXP,89.87,6,ASK
2020-10-30 10:34:28,AXP,89.84,7,BID
2020-10-30 10:34:28,AXP,89.87,7,ASK
2020-10-30 10:34:30,AXP,89.84,9,BID
2020-10-30 10:34:31,AXP,89.87,7,ASK
2020-10-30 10:34:30,AXP,89.84,9,BID
2020-10-30 10:34:32,AXP,89.87,8,ASK
2020-10-30 10:34:33,AXP,89.85,5,BID
2020-10-30 10:34:33,AXP,89.88,3,ASK
2020-10-30 10:34:34,AXP,89.85,7,BID
2020-10-30 10:34:34,AXP,89.88,5,ASK
2020-10-30 10:34:36,AXP,89.87,2,BID
2020-10-30 10:34:36,AXP,89.91,7,ASK
2020-10-30 10:34:36,AXP,89.84,10,BID
2020-10-30 10:34:36,AXP,89.89,1,ASK
2020-10-30 10:34:39,AXP,89.84,12,BID
2020-10-30 10:34:39,AXP,89.88,3,ASK
2020-10-30 10:34:39,AXP,89.84,12,BID
2020-10-30 10:34:41,AXP,89.88,3,ASK
2020-10-30 10:34:42,AXP,89.84,13,BID
2020-10-30 10:34:42,AXP,89.88,5,ASK
2020-10-30 10:34:44,AXP,89.85,1,BID
2020-10-30 10:34:44,AXP,89.88,6,ASK
2020-10-30 10:34:45,AXP,89.85,2,BID
2020-10-30 10:34:45,AXP,89.87,1,ASK
2020-10-30 10:34:46,AXP,89.85,2,BID
2020-10-30 10:34:46,AXP,89.88,6,ASK
2020-10-30 10:34:49,AXP,89.86,2,BID
2020-10-30 10:34:49,AXP,89.88,6,ASK
2020-10-30 10:34:49,AXP,89.87,1,BID
2020-10-30 10:34:49,AXP,89.88,5,ASK
2020-10-30 10:34:50,AXP,89.88,5,BID
2020-10-30 10:34:50,AXP,89.9,2,ASK
2020-10-30 10:34:51,AXP,89.85,5,BID
2020-10-30 10:34:51,AXP,89.89,1,ASK
2020-10-30 10:34:51,AXP,89.85,6,BID
2020-10-30 10:34:51,AXP,89.89,4,ASK
2020-10-30 10:34:51,AXP,89.85,5,BID
2020-10-30 10:34:52,AXP,89.89,4,ASK
2020-10-30 10:34:52,AXP,89.85,5,BID
2020-10-30 10:34:52,AXP,89.89,4,ASK
2020-10-30 10:34:52,AXP,89.85,5,BID
2020-10-30 10:34:52,AXP,89.89,4,ASK
2020-10-30 10:34:52,AXP,89.85,5,BID
2020-10-30 10:34:53,AXP,89.89,5,ASK
2020-10-30 10:34:52,AXP,89.85,5,BID
2020-10-30 10:34:53,AXP,89.89,5,ASK
2020-10-30 10:34:52,AXP,89.85,5,BID
2020-10-30 10:34:53,AXP,89.89,5,ASK
2020-10-30 10:34:52,AXP,89.85,5,BID
2020-10-30 10:34:53,AXP,89.89,5,ASK
2020-10-30 10:34:52,AXP,89.85,5,BID
2020-10-30 10:34:53,AXP,89.89,5,ASK
2020-10-30 10:34:54,AXP,89.83,7,BID
2020-10-30 10:34:54,AXP,89.87,3,ASK
2020-10-30 10:34:54,AXP,89.8,10,BID
2020-10-30 10:34:55,AXP,89.85,5,ASK
2020-10-30 10:34:54,AXP,89.8,10,BID
2020-10-30 10:34:58,AXP,89.84,3,ASK
2020-10-30 10:35:00,AXP,89.78,6,BID
2020-10-30 10:35:00,AXP,89.82,4,ASK
2020-10-30 10:35:03,AXP,89.75,11,BID
2020-10-30 10:35:03,AXP,89.8,4,ASK
2020-10-30 10:35:04,AXP,89.75,10,BID
2020-10-30 10:35:04,AXP,89.78,4,ASK
2020-10-30 10:35:05,AXP,89.75,10,BID
2020-10-30 10:35:05,AXP,89.77,3,ASK
2020-10-30 10:35:05,AXP,89.75,10,BID
2020-10-30 10:35:05,AXP,89.77,3,ASK
2020-10-30 10:35:05,AXP,89.72,3,BID
2020-10-30 10:35:05,AXP,89.77,3,ASK
2020-10-30 10:35:05,AXP,89.7,11,BID
2020-10-30 10:35:05,AXP,89.75,1,ASK
2020-10-30 10:35:05,AXP,89.72,1,BID
2020-10-30 10:35:05,AXP,89.76,2,ASK
2020-10-30 10:35:05,AXP,89.7,12,BID
2020-10-30 10:35:05,AXP,89.76,2,ASK
2020-10-30 10:35:05,AXP,89.7,12,BID
2020-10-30 10:35:05,AXP,89.76,2,ASK
2020-10-30 10:35:05,AXP,89.7,12,BID
2020-10-30 10:35:05,AXP,89.76,2,ASK
2020-10-30 10:35:05,AXP,89.7,12,BID
2020-10-30 10:35:05,AXP,89.76,2,ASK
2020-10-30 10:35:05,AXP,89.7,12,BID
2020-10-30 10:35:05,AXP,89.76,2,ASK
2020-10-30 10:35:05,AXP,89.7,12,BID
2020-10-30 10:35:05,AXP,89.76,2,ASK
2020-10-30 10:35:05,AXP,89.7,12,BID
2020-10-30 10:35:05,AXP,89.76,2,ASK
2020-10-30 10:32:48,AXP,89.7,12,BID
2020-10-30 10:35:05,AXP,89.76,2,ASK
2020-10-30 10:32:48,AXP,89.7,12,BID
2020-10-30 10:35:05,AXP,89.74,3,ASK
2020-10-30 10:35:08,AXP,89.69,6,BID
2020-10-30 10:35:08,AXP,89.72,9,ASK
2020-10-30 10:35:08,AXP,89.71,3,BID
2020-10-30 10:35:08,AXP,89.73,1,ASK
2020-10-30 10:35:08,AXP,89.7,4,BID
2020-10-30 10:35:08,AXP,89.73,1,ASK
2020-10-30 10:35:08,AXP,89.7,4,BID
2020-10-30 10:35:08,AXP,89.73,1,ASK
2020-10-30 10:35:08,AXP,89.7,4,BID
2020-10-30 10:35:08,AXP,89.73,1,ASK
2020-10-30 10:35:09,AXP,89.72,3,BID
2020-10-30 10:35:09,AXP,89.76,4,ASK
2020-10-30 10:35:11,AXP,89.73,3,BID
2020-10-30 10:35:11,AXP,89.78,5,ASK
2020-10-30 10:35:12,AXP,89.73,7,BID
2020-10-30 10:35:11,AXP,89.78,5,ASK
2020-10-30 10:35:16,AXP,89.78,4,BID
2020-10-30 10:35:16,AXP,89.81,3,ASK
2020-10-30 10:35:20,AXP,89.74,5,BID
2020-10-30 10:35:20,AXP,89.81,6,ASK
2020-10-30 10:35:20,AXP,89.75,1,BID
2020-10-30 10:35:20,AXP,89.81,6,ASK
2020-10-30 10:35:20,AXP,89.75,1,BID
2020-10-30 10:35:20,AXP,89.81,6,ASK
2020-10-30 10:35:20,AXP,89.74,3,BID
2020-10-30 10:35:20,AXP,89.8,5,ASK
2020-10-30 10:35:21,AXP,89.75,1,BID
2020-10-30 10:35:21,AXP,89.78,5,ASK
2020-10-30 10:35:08,AXP,89.7,4,BID
2020-10-30 10:35:21,AXP,89.77,5,ASK
2020-10-30 10:35:21,AXP,89.69,4,BID
2020-10-30 10:35:21,AXP,89.76,3,ASK
2020-10-30 10:35:21,AXP,89.7,1,BID
2020-10-30 10:35:21,AXP,89.76,3,ASK
2020-10-30 10:35:22,AXP,89.7,2,BID
2020-10-30 10:35:22,AXP,89.76,3,ASK
2020-10-30 10:35:22,AXP,89.7,2,BID
2020-10-30 10:35:22,AXP,89.76,4,ASK
2020-10-30 10:35:23,AXP,89.7,4,BID
2020-10-30 10:35:23,AXP,89.76,5,ASK
2020-10-30 10:35:24,AXP,89.7,6,BID
2020-10-30 10:35:24,AXP,89.76,7,ASK
2020-10-30 10:35:24,AXP,89.7,6,BID
2020-10-30 10:35:24,AXP,89.75,2,ASK
2020-10-30 10:35:25,AXP,89.7,5,BID
2020-10-30 10:35:25,AXP,89.75,6,ASK
2020-10-30 10:35:25,AXP,89.7,5,BID
2020-10-30 10:35:25,AXP,89.75,6,ASK
2020-10-30 10:35:25,AXP,89.7,5,BID
2020-10-30 10:35:25,AXP,89.75,6,ASK
2020-10-30 10:35:25,AXP,89.7,5,BID
2020-10-30 10:35:25,AXP,89.75,6,ASK
2020-10-30 10:35:28,AXP,89.7,5,BID
2020-10-30 10:35:25,AXP,89.75,7,ASK
2020-10-30 10:35:28,AXP,89.7,5,BID
2020-10-30 10:35:25,AXP,89.75,7,ASK
2020-10-30 10:35:28,AXP,89.7,5,BID
2020-10-30 10:35:25,AXP,89.75,7,ASK
2020-10-30 10:35:30,AXP,89.7,4,BID
2020-10-30 10:35:25,AXP,89.75,7,ASK
2020-10-30 10:35:30,AXP,89.66,2,BID
2020-10-30 10:35:30,AXP,89.68,3,ASK
2020-10-30 10:35:31,AXP,89.67,7,BID
2020-10-30 10:35:31,AXP,89.7,5,ASK
2020-10-30 10:35:32,AXP,89.65,11,BID
2020-10-30 10:35:32,AXP,89.7,7,ASK
2020-10-30 10:35:32,AXP,89.69,4,BID
2020-10-30 10:35:32,AXP,89.74,3,ASK
2020-10-30 10:35:32,AXP,89.69,4,BID
2020-10-30 10:35:32,AXP,89.74,3,ASK
2020-10-30 10:35:33,AXP,89.67,5,BID
2020-10-30 10:35:33,AXP,89.74,6,ASK
2020-10-30 10:35:33,AXP,89.67,5,BID
2020-10-30 10:35:33,AXP,89.74,6,ASK
2020-10-30 10:35:36,AXP,89.66,3,BID
2020-10-30 10:35:36,AXP,89.74,6,ASK
2020-10-30 10:35:38,AXP,89.69,6,BID
2020-10-30 10:35:38,AXP,89.74,2,ASK
2020-10-30 10:35:38,AXP,89.69,6,BID
2020-10-30 10:35:38,AXP,89.74,2,ASK
2020-10-30 10:35:40,AXP,89.69,5,BID
2020-10-30 10:35:40,AXP,89.74,2,ASK
2020-10-30 10:35:42,AXP,89.68,6,BID
2020-10-30 10:35:41,AXP,89.74,3,ASK
2020-10-30 10:35:42,AXP,89.69,1,BID
2020-10-30 10:35:42,AXP,89.75,7,ASK
2020-10-30 10:35:43,AXP,89.71,2,BID
2020-10-30 10:35:43,AXP,89.75,9,ASK
2020-10-30 10:35:44,AXP,89.74,3,BID
2020-10-30 10:35:44,AXP,89.78,6,ASK
2020-10-30 10:35:44,AXP,89.77,6,BID
2020-10-30 10:35:14,AXP,89.82,7,ASK
2020-10-30 10:35:44,AXP,89.77,6,BID
2020-10-30 10:35:14,AXP,89.82,7,ASK
2020-10-30 10:35:45,AXP,89.79,7,BID
2020-10-30 10:35:45,AXP,89.84,7,ASK
2020-10-30 10:35:45,AXP,89.77,10,BID
2020-10-30 10:35:45,AXP,89.83,2,ASK
2020-10-30 10:35:45,AXP,89.77,2,BID
2020-10-30 10:35:45,AXP,89.8,2,ASK
2020-10-30 10:35:46,AXP,89.78,3,BID
2020-10-30 10:35:47,AXP,89.82,3,ASK
2020-10-30 10:35:48,AXP,89.77,2,BID
2020-10-30 10:35:48,AXP,89.83,3,ASK
2020-10-30 10:35:50,AXP,89.77,2,BID
2020-10-30 10:35:47,AXP,89.84,8,ASK
2020-10-30 10:35:51,AXP,89.78,8,BID
2020-10-30 10:35:51,AXP,89.83,4,ASK
2020-10-30 10:35:51,AXP,89.78,8,BID
2020-10-30 10:35:51,AXP,89.82,3,ASK
2020-10-30 10:35:51,AXP,89.78,8,BID
2020-10-30 10:35:51,AXP,89.82,3,ASK
2020-10-30 10:35:53,AXP,89.78,5,BID
2020-10-30 10:35:53,AXP,89.82,4,ASK
2020-10-30 10:35:54,AXP,89.78,6,BID
2020-10-30 10:35:55,AXP,89.82,4,ASK
2020-10-30 10:35:54,AXP,89.78,6,BID
2020-10-30 10:35:55,AXP,89.82,4,ASK
2020-10-30 10:35:56,AXP,89.78,8,BID
2020-10-30 10:35:57,AXP,89.82,5,ASK
2020-10-30 10:35:56,AXP,89.78,7,BID
2020-10-30 10:35:57,AXP,89.85,4,ASK
2020-10-30 10:35:56,AXP,89.78,7,BID
2020-10-30 10:35:57,AXP,89.85,4,ASK
2020-10-30 10:35:56,AXP,89.78,7,BID
2020-10-30 10:35:57,AXP,89.85,4,ASK
2020-10-30 10:35:56,AXP,89.78,7,BID
2020-10-30 10:35:57,AXP,89.85,4,ASK
2020-10-30 10:35:56,AXP,89.78,7,BID
2020-10-30 10:35:57,AXP,89.85,4,ASK
2020-10-30 10:35:57,AXP,89.8,3,BID
2020-10-30 10:35:57,AXP,89.85,6,ASK
2020-10-30 10:36:01,AXP,89.79,5,BID
2020-10-30 10:36:01,AXP,89.83,5,ASK
2020-10-30 10:36:02,AXP,89.79,4,BID
2020-10-30 10:36:02,AXP,89.83,5,ASK
2020-10-30 10:36:03,AXP,89.79,4,BID
2020-10-30 10:36:02,AXP,89.83,5,ASK
2020-10-30 10:36:04,AXP,89.79,6,BID
2020-10-30 10:36:02,AXP,89.83,5,ASK
2020-10-30 10:36:04,AXP,89.79,6,BID
2020-10-30 10:36:04,AXP,89.84,4,ASK
2020-10-30 10:36:05,AXP,89.76,10,BID
2020-10-30 10:36:05,AXP,89.82,2,ASK
2020-10-30 10:36:06,AXP,89.78,3,BID
2020-10-30 10:36:06,AXP,89.83,3,ASK
2020-10-30 10:36:07,AXP,89.8,7,BID
2020-10-30 10:36:07,AXP,89.84,4,ASK
2020-10-30 10:36:08,AXP,89.8,7,BID
2020-10-30 10:36:08,AXP,89.84,4,ASK
2020-10-30 10:36:11,AXP,89.78,9,BID
2020-10-30 10:36:11,AXP,89.82,3,ASK
2020-10-30 10:36:05,AXP,89.76,11,BID
2020-10-30 10:36:12,AXP,89.82,4,ASK
2020-10-30 10:36:14,AXP,89.76,11,BID
2020-10-30 10:36:13,AXP,89.82,5,ASK
2020-10-30 10:36:14,AXP,89.75,3,BID
2020-10-30 10:36:14,AXP,89.81,4,ASK
2020-10-30 10:36:15,AXP,89.74,6,BID
2020-10-30 10:36:15,AXP,89.79,2,ASK
2020-10-30 10:36:15,AXP,89.74,6,BID
2020-10-30 10:36:15,AXP,89.79,2,ASK
2020-10-30 10:36:15,AXP,89.74,6,BID
2020-10-30 10:36:15,AXP,89.79,2,ASK
2020-10-30 10:36:15,AXP,89.74,6,BID
2020-10-30 10:36:15,AXP,89.79,2,ASK
2020-10-30 10:36:17,AXP,89.74,8,BID
2020-10-30 10:36:18,AXP,89.78,2,ASK
2020-10-30 10:36:19,AXP,89.7,2,BID
2020-10-30 10:36:19,AXP,89.78,3,ASK
2020-10-30 10:36:20,AXP,89.69,1,BID
2020-10-30 10:36:20,AXP,89.76,3,ASK
2020-10-30 10:36:21,AXP,89.73,4,BID
2020-10-30 10:36:21,AXP,89.77,2,ASK
2020-10-30 10:36:21,AXP,89.69,9,BID
2020-10-30 10:36:21,AXP,89.74,4,ASK
2020-10-30 10:36:20,AXP,89.68,8,BID
2020-10-30 10:36:22,AXP,89.74,4,ASK
2020-10-30 10:36:22,AXP,89.65,13,BID
2020-10-30 10:36:22,AXP,89.74,4,ASK
2020-10-30 10:36:22,AXP,89.65,13,BID
2020-10-30 10:36:23,AXP,89.74,4,ASK
2020-10-30 10:36:24,AXP,89.68,2,BID
2020-10-30 10:36:24,AXP,89.74,4,ASK
2020-10-30 10:36:24,AXP,89.67,4,BID
2020-10-30 10:36:24,AXP,89.74,3,ASK
2020-10-30 10:36:24,AXP,89.67,5,BID
2020-10-30 10:36:25,AXP,89.74,4,ASK
2020-10-30 10:36:27,AXP,89.69,11,BID
2020-10-30 10:36:27,AXP,89.74,3,ASK
2020-10-30 10:36:28,AXP,89.69,10,BID
2020-10-30 10:36:28,AXP,89.74,3,ASK
2020-10-30 10:36:28,AXP,89.69,10,BID
2020-10-30 10:36:28,AXP,89.74,3,ASK
2020-10-30 10:36:28,AXP,89.69,10,BID
2020-10-30 10:36:28,AXP,89.74,4,ASK
2020-10-30 10:36:30,AXP,89.69,10,BID
2020-10-30 10:36:30,AXP,89.73,1,ASK
2020-10-30 10:36:31,AXP,89.67,3,BID
2020-10-30 10:36:31,AXP,89.72,4,ASK
2020-10-30 10:36:31,AXP,89.67,4,BID
2020-10-30 10:36:31,AXP,89.72,4,ASK
2020-10-30 10:36:31,AXP,89.66,4,BID
2020-10-30 10:36:31,AXP,89.72,4,ASK
2020-10-30 10:36:32,AXP,89.65,12,BID
2020-10-30 10:36:32,AXP,89.72,4,ASK
2020-10-30 10:36:33,AXP,89.65,12,BID
2020-10-30 10:36:33,AXP,89.72,5,ASK
2020-10-30 10:36:33,AXP,89.65,12,BID
2020-10-30 10:36:33,AXP,89.72,5,ASK
2020-10-30 10:36:35,AXP,89.65,12,BID
2020-10-30 10:36:36,AXP,89.69,2,ASK
2020-10-30 10:36:35,AXP,89.65,13,BID
2020-10-30 10:36:37,AXP,89.69,4,ASK
2020-10-30 10:36:35,AXP,89.65,14,BID
2020-10-30 10:36:38,AXP,89.69,5,ASK
2020-10-30 10:36:39,AXP,89.66,3,BID
2020-10-30 10:36:37,AXP,89.69,5,ASK
2020-10-30 10:36:40,AXP,89.66,3,BID
2020-10-30 10:36:40,AXP,89.69,5,ASK
2020-10-30 10:36:41,AXP,89.66,3,BID
2020-10-30 10:36:41,AXP,89.69,5,ASK
2020-10-30 10:36:42,AXP,89.66,3,BID
2020-10-30 10:36:42,AXP,89.69,6,ASK
2020-10-30 10:36:44,AXP,89.66,3,BID
2020-10-30 10:36:43,AXP,89.69,6,ASK
2020-10-30 10:36:35,AXP,89.65,12,BID
2020-10-30 10:36:44,AXP,89.68,4,ASK
2020-10-30 10:36:35,AXP,89.65,12,BID
2020-10-30 10:36:44,AXP,89.68,4,ASK
2020-10-30 10:36:46,AXP,89.64,3,BID
2020-10-30 10:36:46,AXP,89.68,5,ASK
2020-10-30 10:36:46,AXP,89.61,8,BID
2020-10-30 10:36:46,AXP,89.66,3,ASK
2020-10-30 10:36:47,AXP,89.61,6,BID
2020-10-30 10:36:47,AXP,89.66,4,ASK
2020-10-30 10:36:47,AXP,89.61,5,BID
2020-10-30 10:36:47,AXP,89.66,4,ASK
2020-10-30 10:36:48,AXP,89.64,3,BID
2020-10-30 10:36:46,AXP,89.68,7,ASK
2020-10-30 10:36:49,AXP,89.63,1,BID
2020-10-30 10:36:46,AXP,89.68,7,ASK
2020-10-30 10:36:49,AXP,89.63,5,BID
2020-10-30 10:36:50,AXP,89.68,8,ASK
2020-10-30 10:36:49,AXP,89.63,5,BID
2020-10-30 10:36:50,AXP,89.68,8,ASK
2020-10-30 10:36:52,AXP,89.65,3,BID
2020-10-30 10:36:50,AXP,89.68,8,ASK
2020-10-30 10:36:53,AXP,89.65,2,BID
2020-10-30 10:36:50,AXP,89.68,9,ASK
2020-10-30 10:36:53,AXP,89.65,2,BID
2020-10-30 10:36:50,AXP,89.68,9,ASK
2020-10-30 10:36:54,AXP,89.63,8,BID
2020-10-30 10:36:50,AXP,89.68,10,ASK
2020-10-30 10:36:55,AXP,89.67,3,BID
2020-10-30 10:36:55,AXP,89.71,2,ASK
2020-10-30 10:36:55,AXP,89.66,9,BID
2020-10-30 10:36:55,AXP,89.7,2,ASK
2020-10-30 10:36:55,AXP,89.65,9,BID
2020-10-30 10:36:56,AXP,89.71,4,ASK
2020-10-30 10:36:56,AXP,89.65,1,BID
2020-10-30 10:36:56,AXP,89.71,4,ASK
2020-10-30 10:36:57,AXP,89.66,4,BID
2020-10-30 10:36:57,AXP,89.7,4,ASK
2020-10-30 10:36:58,AXP,89.66,1,BID
2020-10-30 10:36:58,AXP,89.7,4,ASK
2020-10-30 10:36:58,AXP,89.65,4,BID
2020-10-30 10:37:00,AXP,89.7,5,ASK
2020-10-30 10:37:00,AXP,89.67,3,BID
2020-10-30 10:37:00,AXP,89.71,4,ASK
2020-10-30 10:37:00,AXP,89.67,3,BID
2020-10-30 10:37:00,AXP,89.71,4,ASK
2020-10-30 10:37:01,AXP,89.67,3,BID
2020-10-30 10:37:00,AXP,89.71,4,ASK
2020-10-30 10:37:01,AXP,89.67,3,BID
2020-10-30 10:37:00,AXP,89.71,4,ASK
2020-10-30 10:37:04,AXP,89.67,5,BID
2020-10-30 10:37:00,AXP,89.71,4,ASK
2020-10-30 10:37:04,AXP,89.67,5,BID
2020-10-30 10:37:00,AXP,89.71,4,ASK
2020-10-30 10:37:05,AXP,89.66,5,BID
2020-10-30 10:37:00,AXP,89.71,4,ASK
2020-10-30 10:37:06,AXP,89.67,5,BID
2020-10-30 10:37:00,AXP,89.71,4,ASK
2020-10-30 10:37:06,AXP,89.67,10,BID
2020-10-30 10:37:07,AXP,89.71,5,ASK
2020-10-30 10:37:08,AXP,89.67,8,BID
2020-10-30 10:37:07,AXP,89.71,5,ASK
2020-10-30 10:36:58,AXP,89.65,4,BID
2020-10-30 10:37:09,AXP,89.7,3,ASK
2020-10-30 10:37:09,AXP,89.67,4,BID
2020-10-30 10:37:09,AXP,89.7,4,ASK
2020-10-30 10:37:11,AXP,89.66,4,BID
2020-10-30 10:37:11,AXP,89.7,2,ASK
2020-10-30 10:37:12,AXP,89.64,5,BID
2020-10-30 10:37:12,AXP,89.7,2,ASK
2020-10-30 10:37:13,AXP,89.64,6,BID
2020-10-30 10:37:13,AXP,89.7,2,ASK
2020-10-30 10:37:13,AXP,89.64,6,BID
2020-10-30 10:37:13,AXP,89.7,2,ASK
2020-10-30 10:37:15,AXP,89.61,10,BID
2020-10-30 10:37:15,AXP,89.68,2,ASK
2020-10-30 10:37:15,AXP,89.64,4,BID
2020-10-30 10:37:15,AXP,89.69,4,ASK
2020-10-30 10:37:16,AXP,89.65,4,BID
2020-10-30 10:37:16,AXP,89.7,3,ASK
2020-10-30 10:37:17,AXP,89.65,6,BID
2020-10-30 10:37:16,AXP,89.7,3,ASK
2020-10-30 10:37:18,AXP,89.65,4,BID
2020-10-30 10:37:18,AXP,89.7,3,ASK
2020-10-30 10:37:19,AXP,89.65,5,BID
2020-10-30 10:37:19,AXP,89.7,3,ASK
2020-10-30 10:37:16,AXP,89.61,11,BID
2020-10-30 10:37:20,AXP,89.7,6,ASK
2020-10-30 10:37:22,AXP,89.63,2,BID
2020-10-30 10:37:22,AXP,89.68,2,ASK
2020-10-30 10:37:22,AXP,89.65,4,BID
2020-10-30 10:37:22,AXP,89.7,6,ASK
2020-10-30 10:37:22,AXP,89.65,3,BID
2020-10-30 10:37:22,AXP,89.7,6,ASK
2020-10-30 10:37:22,AXP,89.65,3,BID
2020-10-30 10:37:22,AXP,89.7,6,ASK
2020-10-30 10:37:25,AXP,89.65,4,BID
2020-10-30 10:37:22,AXP,89.7,6,ASK
2020-10-30 10:37:25,AXP,89.65,4,BID
2020-10-30 10:37:22,AXP,89.7,6,ASK
2020-10-30 10:37:26,AXP,89.65,6,BID
2020-10-30 10:37:26,AXP,89.7,6,ASK
2020-10-30 10:37:27,AXP,89.68,6,BID
2020-10-30 10:37:27,AXP,89.72,5,ASK
2020-10-30 10:37:28,AXP,89.67,5,BID
2020-10-30 10:37:28,AXP,89.71,8,ASK
2020-10-30 10:37:30,AXP,89.69,5,BID
2020-10-30 10:37:27,AXP,89.72,6,ASK
2020-10-30 10:37:30,AXP,89.7,3,BID
2020-10-30 10:37:30,AXP,89.74,2,ASK
2020-10-30 10:37:31,AXP,89.7,3,BID
2020-10-30 10:37:31,AXP,89.74,4,ASK
2020-10-30 10:37:31,AXP,89.71,3,BID
2020-10-30 10:37:31,AXP,89.74,4,ASK
2020-10-30 10:37:32,AXP,89.71,3,BID
2020-10-30 10:37:31,AXP,89.74,4,ASK
2020-10-30 10:37:33,AXP,89.71,6,BID
2020-10-30 10:37:33,AXP,89.78,4,ASK
2020-10-30 10:37:34,AXP,89.74,7,BID
2020-10-30 10:37:34,AXP,89.79,4,ASK
2020-10-30 10:37:34,AXP,89.75,3,BID
2020-10-30 10:37:34,AXP,89.79,4,ASK
2020-10-30 10:37:34,AXP,89.75,3,BID
2020-10-30 10:37:34,AXP,89.79,4,ASK
2020-10-30 10:37:34,AXP,89.75,3,BID
2020-10-30 10:37:34,AXP,89.79,4,ASK
2020-10-30 10:37:37,AXP,89.74,9,BID
2020-10-30 10:37:37,AXP,89.79,4,ASK
2020-10-30 10:37:37,AXP,89.74,9,BID
2020-10-30 10:37:37,AXP,89.79,4,ASK
2020-10-30 10:37:38,AXP,89.77,5,BID
2020-10-30 10:37:38,AXP,89.81,6,ASK
2020-10-30 10:37:39,AXP,89.78,2,BID
2020-10-30 10:36:13,AXP,89.82,5,ASK
2020-10-30 10:37:39,AXP,89.78,3,BID
2020-10-30 10:36:13,AXP,89.82,5,ASK
2020-10-30 10:37:39,AXP,89.78,3,BID
2020-10-30 10:36:13,AXP,89.82,5,ASK
2020-10-30 10:37:39,AXP,89.78,3,BID
2020-10-30 10:36:13,AXP,89.82,5,ASK
2020-10-30 10:37:39,AXP,89.78,3,BID
2020-10-30 10:36:13,AXP,89.82,5,ASK
2020-10-30 10:37:39,AXP,89.78,3,BID
2020-10-30 10:36:13,AXP,89.82,5,ASK
2020-10-30 10:37:44,AXP,89.78,4,BID
2020-10-30 10:36:13,AXP,89.82,5,ASK
2020-10-30 10:37:45,AXP,89.78,4,BID
2020-10-30 10:36:13,AXP,89.82,5,ASK
2020-10-30 10:37:46,AXP,89.79,1,BID
2020-10-30 10:36:13,AXP,89.82,5,ASK
2020-10-30 10:37:46,AXP,89.8,7,BID
2020-10-30 10:37:46,AXP,89.85,2,ASK
2020-10-30 10:37:47,AXP,89.82,3,BID
2020-10-30 10:37:47,AXP,89.85,1,ASK
2020-10-30 10:37:47,AXP,89.82,3,BID
2020-10-30 10:37:47,AXP,89.87,4,ASK
2020-10-30 10:37:48,AXP,89.82,5,BID
2020-10-30 10:37:49,AXP,89.87,6,ASK
2020-10-30 10:37:49,AXP,89.82,7,BID
2020-10-30 10:37:49,AXP,89.87,6,ASK
2020-10-30 10:37:50,AXP,89.82,7,BID
2020-10-30 10:37:50,AXP,89.87,6,ASK
2020-10-30 10:37:50,AXP,89.82,7,BID
2020-10-30 10:37:50,AXP,89.87,6,ASK
2020-10-30 10:37:52,AXP,89.83,5,BID
2020-10-30 10:37:52,AXP,89.87,5,ASK
2020-10-30 10:37:53,AXP,89.83,1,BID
2020-10-30 10:37:52,AXP,89.87,6,ASK
2020-10-30 10:37:53,AXP,89.85,5,BID
2020-10-30 10:37:53,AXP,89.89,1,ASK
2020-10-30 10:37:54,AXP,89.86,2,BID
2020-10-30 10:37:54,AXP,89.9,2,ASK
2020-10-30 10:37:54,AXP,89.86,4,BID
2020-10-30 10:37:54,AXP,89.9,4,ASK
2020-10-30 10:37:55,AXP,89.86,5,BID
2020-10-30 10:34:36,AXP,89.91,7,ASK
2020-10-30 10:37:55,AXP,89.87,3,BID
2020-10-30 10:37:55,AXP,89.91,8,ASK
2020-10-30 10:37:56,AXP,89.87,2,BID
2020-10-30 10:37:55,AXP,89.91,8,ASK
2020-10-30 10:37:57,AXP,89.87,2,BID
2020-10-30 10:37:55,AXP,89.91,8,ASK
2020-10-30 10:37:55,AXP,89.86,8,BID
2020-10-30 10:37:58,AXP,89.9,3,ASK
2020-10-30 10:38:00,AXP,89.86,10,BID
2020-10-30 10:38:00,AXP,89.89,1,ASK
2020-10-30 10:38:00,AXP,89.86,10,BID
2020-10-30 10:38:00,AXP,89.89,3,ASK
2020-10-30 10:38:01,AXP,89.86,10,BID
2020-10-30 10:38:01,AXP,89.9,4,ASK
2020-10-30 10:38:01,AXP,89.86,10,BID
2020-10-30 10:38:01,AXP,89.9,4,ASK
2020-10-30 10:38:02,AXP,89.87,3,BID
2020-10-30 10:38:01,AXP,89.9,4,ASK
2020-10-30 10:38:03,AXP,89.87,1,BID
2020-10-30 10:38:03,AXP,89.9,4,ASK
2020-10-30 10:38:01,AXP,89.86,10,BID
2020-10-30 10:38:04,AXP,89.9,1,ASK
2020-10-30 10:38:05,AXP,89.86,10,BID
2020-10-30 10:38:05,AXP,89.9,3,ASK
2020-10-30 10:38:05,AXP,89.87,1,BID
2020-10-30 10:37:55,AXP,89.91,7,ASK
2020-10-30 10:38:06,AXP,89.86,11,BID
2020-10-30 10:38:06,AXP,89.9,3,ASK
2020-10-30 10:38:07,AXP,89.83,3,BID
2020-10-30 10:38:07,AXP,89.88,2,ASK
2020-10-30 10:38:07,AXP,89.83,4,BID
2020-10-30 10:38:08,AXP,89.89,3,ASK
2020-10-30 10:38:09,AXP,89.81,9,BID
2020-10-30 10:38:09,AXP,89.86,2,ASK
2020-10-30 10:38:11,AXP,89.82,2,BID
2020-10-30 10:38:11,AXP,89.86,3,ASK
2020-10-30 10:38:12,AXP,89.8,10,BID
2020-10-30 10:38:11,AXP,89.86,3,ASK
2020-10-30 10:38:12,AXP,89.79,6,BID
2020-10-30 10:38:12,AXP,89.83,2,ASK
2020-10-30 10:38:13,AXP,89.77,8,BID
2020-10-30 10:38:13,AXP,89.81,3,ASK
2020-10-30 10:38:13,AXP,89.77,12,BID
2020-10-30 10:38:13,AXP,89.81,3,ASK
2020-10-30 10:38:14,AXP,89.78,6,BID
2020-10-30 10:38:14,AXP,89.81,4,ASK
2020-10-30 10:38:15,AXP,89.78,8,BID
2020-10-30 10:38:15,AXP,89.81,4,ASK
2020-10-30 10:38:13,AXP,89.77,13,BID
2020-10-30 10:38:15,AXP,89.81,4,ASK
2020-10-30 10:38:17,AXP,89.76,2,BID
2020-10-30 10:38:17,AXP,89.8,3,ASK
2020-10-30 10:38:18,AXP,89.76,8,BID
2020-10-30 10:38:18,AXP,89.81,8,ASK
2020-10-30 10:38:19,AXP,89.78,2,BID
2020-10-30 10:38:19,AXP,89.81,8,ASK
2020-10-30 10:38:19,AXP,89.76,7,BID
2020-10-30 10:38:20,AXP,89.81,9,ASK
2020-10-30 10:38:21,AXP,89.76,14,BID
2020-10-30 10:38:21,AXP,89.81,9,ASK
2020-10-30 10:38:21,AXP,89.76,11,BID
2020-10-30 10:38:22,AXP,89.8,2,ASK
2020-10-30 10:38:24,AXP,89.74,15,BID
2020-10-30 10:38:24,AXP,89.8,4,ASK
2020-10-30 10:38:25,AXP,89.74,14,BID
2020-10-30 10:38:25,AXP,89.8,4,ASK
2020-10-30 10:38:27,AXP,89.75,5,BID
2020-10-30 10:38:27,AXP,89.79,1,ASK
2020-10-30 10:38:28,AXP,89.74,16,BID
2020-10-30 10:38:28,AXP,89.79,2,ASK
2020-10-30 10:38:29,AXP,89.72,2,BID
2020-10-30 10:38:29,AXP,89.79,3,ASK
2020-10-30 10:38:31,AXP,89.72,4,BID
2020-10-30 10:38:31,AXP,89.79,3,ASK
2020-10-30 10:38:31,AXP,89.72,4,BID
2020-10-30 10:38:31,AXP,89.79,3,ASK
2020-10-30 10:38:33,AXP,89.73,1,BID
2020-10-30 10:38:33,AXP,89.79,3,ASK
2020-10-30 10:38:33,AXP,89.72,4,BID
2020-10-30 10:38:33,AXP,89.79,3,ASK
2020-10-30 10:38:34,AXP,89.72,6,BID
2020-10-30 10:38:34,AXP,89.79,3,ASK
2020-10-30 10:38:36,AXP,89.72,4,BID
2020-10-30 10:38:35,AXP,89.79,3,ASK
2020-10-30 10:38:36,AXP,89.72,5,BID
2020-10-30 10:38:36,AXP,89.79,3,ASK
2020-10-30 10:38:36,AXP,89.72,5,BID
2020-10-30 10:38:36,AXP,89.79,3,ASK
2020-10-30 10:38:36,AXP,89.72,5,BID
2020-10-30 10:38:36,AXP,89.79,3,ASK
2020-10-30 10:38:38,AXP,89.73,3,BID
2020-10-30 10:38:38,AXP,89.79,3,ASK
2020-10-30 10:38:40,AXP,89.74,7,BID
2020-10-30 10:38:40,AXP,89.79,1,ASK
2020-10-30 10:38:41,AXP,89.74,2,BID
2020-10-30 10:38:41,AXP,89.79,2,ASK
2020-10-30 10:38:41,AXP,89.75,2,BID
2020-10-30 10:38:41,AXP,89.79,2,ASK
2020-10-30 10:38:43,AXP,89.76,2,BID
2020-10-30 10:38:43,AXP,89.8,11,ASK
2020-10-30 10:38:44,AXP,89.75,8,BID
2020-10-30 10:38:44,AXP,89.8,11,ASK
2020-10-30 10:38:45,AXP,89.76,5,BID
2020-10-30 10:38:46,AXP,89.8,11,ASK
2020-10-30 10:38:45,AXP,89.76,5,BID
2020-10-30 10:38:46,AXP,89.8,11,ASK
2020-10-30 10:38:48,AXP,89.76,4,BID
2020-10-30 10:38:48,AXP,89.8,10,ASK
2020-10-30 10:38:48,AXP,89.76,4,BID
2020-10-30 10:38:49,AXP,89.8,10,ASK
2020-10-30 10:38:48,AXP,89.76,4,BID
2020-10-30 10:38:50,AXP,89.8,11,ASK
2020-10-30 10:38:50,AXP,89.79,2,BID
2020-10-30 10:38:50,AXP,89.82,1,ASK
2020-10-30 10:38:51,AXP,89.81,2,BID
2020-10-30 10:38:51,AXP,89.86,4,ASK
2020-10-30 10:38:51,AXP,89.8,8,BID
2020-10-30 10:38:51,AXP,89.86,10,ASK
2020-10-30 10:38:52,AXP,89.82,5,BID
2020-10-30 10:38:52,AXP,89.86,12,ASK
2020-10-30 10:38:52,AXP,89.82,6,BID
2020-10-30 10:38:52,AXP,89.86,13,ASK
2020-10-30 10:38:52,AXP,89.82,6,BID
2020-10-30 10:38:53,AXP,89.86,13,ASK
2020-10-30 10:38:54,AXP,89.83,3,BID
2020-10-30 10:38:54,AXP,89.86,13,ASK
2020-10-30 10:38:55,AXP,89.8,10,BID
2020-10-30 10:38:55,AXP,89.86,13,ASK
2020-10-30 10:38:56,AXP,89.82,3,BID
2020-10-30 10:38:56,AXP,89.85,3,ASK
2020-10-30 10:38:56,AXP,89.82,3,BID
2020-10-30 10:38:57,AXP,89.85,5,ASK
2020-10-30 10:38:58,AXP,89.82,6,BID
2020-10-30 10:38:55,AXP,89.86,12,ASK
2020-10-30 10:38:58,AXP,89.82,6,BID
2020-10-30 10:38:55,AXP,89.86,12,ASK
2020-10-30 10:38:58,AXP,89.82,6,BID
2020-10-30 10:38:55,AXP,89.86,12,ASK
2020-10-30 10:39:02,AXP,89.83,2,BID
2020-10-30 10:38:55,AXP,89.86,12,ASK
2020-10-30 10:38:58,AXP,89.82,7,BID
2020-10-30 10:38:55,AXP,89.86,12,ASK
2020-10-30 10:39:03,AXP,89.82,8,BID
2020-10-30 10:38:55,AXP,89.86,12,ASK
2020-10-30 10:39:04,AXP,89.83,7,BID
2020-10-30 10:38:55,AXP,89.86,12,ASK
2020-10-30 10:39:04,AXP,89.83,6,BID
2020-10-30 10:38:55,AXP,89.86,12,ASK
2020-10-30 10:39:05,AXP,89.8,2,BID
2020-10-30 10:39:05,AXP,89.85,1,ASK
2020-10-30 10:39:06,AXP,89.8,9,BID
2020-10-30 10:38:55,AXP,89.86,12,ASK
2020-10-30 10:39:06,AXP,89.78,10,BID
2020-10-30 10:39:08,AXP,89.84,3,ASK
2020-10-30 10:39:09,AXP,89.8,4,BID
2020-10-30 10:39:09,AXP,89.84,3,ASK
2020-10-30 10:39:10,AXP,89.76,10,BID
2020-10-30 10:39:10,AXP,89.83,3,ASK
2020-10-30 10:39:10,AXP,89.76,10,BID
2020-10-30 10:39:10,AXP,89.83,3,ASK
2020-10-30 10:39:10,AXP,89.75,1,BID
2020-10-30 10:39:10,AXP,89.83,3,ASK
2020-10-30 10:39:11,AXP,89.76,7,BID
2020-10-30 10:39:11,AXP,89.83,3,ASK
2020-10-30 10:39:12,AXP,89.76,7,BID
2020-10-30 10:39:12,AXP,89.83,3,ASK
2020-10-30 10:39:13,AXP,89.77,9,BID
2020-10-30 10:39:14,AXP,89.83,1,ASK
2020-10-30 10:39:14,AXP,89.78,5,BID
2020-10-30 10:39:14,AXP,89.83,3,ASK
2020-10-30 10:39:16,AXP,89.78,7,BID
2020-10-30 10:39:17,AXP,89.83,4,ASK
2020-10-30 10:39:18,AXP,89.8,7,BID
2020-10-30 10:39:18,AXP,89.83,4,ASK
2020-10-30 10:39:18,AXP,89.8,7,BID
2020-10-30 10:39:22,AXP,89.83,2,ASK
2020-10-30 10:39:23,AXP,89.8,7,BID
2020-10-30 10:39:13,AXP,89.85,5,ASK
2020-10-30 10:39:26,AXP,89.81,1,BID
2020-10-30 10:39:04,AXP,89.86,11,ASK
2020-10-30 10:39:26,AXP,89.8,4,BID
2020-10-30 10:39:26,AXP,89.84,3,ASK
2020-10-30 10:39:29,AXP,89.79,2,BID
2020-10-30 10:39:26,AXP,89.84,3,ASK
2020-10-30 10:39:29,AXP,89.79,3,BID
2020-10-30 10:39:26,AXP,89.84,3,ASK
2020-10-30 10:39:30,AXP,89.77,4,BID
2020-10-30 10:39:30,AXP,89.83,5,ASK
2020-10-30 10:39:31,AXP,89.78,2,BID
2020-10-30 10:39:31,AXP,89.83,5,ASK
2020-10-30 10:39:31,AXP,89.78,2,BID
2020-10-30 10:39:31,AXP,89.83,5,ASK
2020-10-30 10:39:31,AXP,89.78,2,BID
2020-10-30 10:39:31,AXP,89.83,5,ASK
2020-10-30 10:39:33,AXP,89.78,8,BID
2020-10-30 10:39:33,AXP,89.83,3,ASK
2020-10-30 10:39:36,AXP,89.74,3,BID
2020-10-30 10:39:36,AXP,89.8,3,ASK
2020-10-30 10:39:37,AXP,89.75,1,BID
2020-10-30 10:39:37,AXP,89.8,3,ASK
2020-10-30 10:39:38,AXP,89.76,2,BID
2020-10-30 10:39:38,AXP,89.8,3,ASK
2020-10-30 10:39:39,AXP,89.76,3,BID
2020-10-30 10:39:39,AXP,89.8,3,ASK
2020-10-30 10:39:41,AXP,89.76,3,BID
2020-10-30 10:39:41,AXP,89.8,3,ASK
2020-10-30 10:39:41,AXP,89.76,3,BID
2020-10-30 10:39:41,AXP,89.8,3,ASK
2020-10-30 10:39:41,AXP,89.76,3,BID
2020-10-30 10:39:41,AXP,89.8,3,ASK
2020-10-30 10:39:45,AXP,89.71,10,BID
2020-10-30 10:39:46,AXP,89.78,5,ASK
2020-10-30 10:39:46,AXP,89.72,2,BID
2020-10-30 10:39:46,AXP,89.78,5,ASK
2020-10-30 10:39:46,AXP,89.72,2,BID
2020-10-30 10:39:46,AXP,89.78,6,ASK
2020-10-30 10:39:47,AXP,89.73,4,BID
2020-10-30 10:39:47,AXP,89.8,4,ASK
2020-10-30 10:39:47,AXP,89.73,4,BID
2020-10-30 10:39:47,AXP,89.79,2,ASK
2020-10-30 10:39:48,AXP,89.73,4,BID
2020-10-30 10:39:48,AXP,89.79,2,ASK
2020-10-30 10:39:49,AXP,89.73,4,BID
2020-10-30 10:39:49,AXP,89.79,2,ASK
2020-10-30 10:39:51,AXP,89.73,4,BID
2020-10-30 10:39:51,AXP,89.79,3,ASK
2020-10-30 10:39:53,AXP,89.77,8,BID
2020-10-30 10:39:53,AXP,89.83,6,ASK
2020-10-30 10:39:56,AXP,89.75,4,BID
2020-10-30 10:39:54,AXP,89.83,9,ASK
2020-10-30 10:39:56,AXP,89.76,3,BID
2020-10-30 10:39:54,AXP,89.83,9,ASK
2020-10-30 10:39:58,AXP,89.76,3,BID
2020-10-30 10:39:54,AXP,89.83,9,ASK
2020-10-30 10:39:58,AXP,89.76,3,BID
2020-10-30 10:39:54,AXP,89.83,9,ASK
2020-10-30 10:40:00,AXP,89.75,7,BID
2020-10-30 10:39:54,AXP,89.83,10,ASK
2020-10-30 10:40:00,AXP,89.75,7,BID
2020-10-30 10:39:54,AXP,89.83,12,ASK
2020-10-30 10:40:00,AXP,89.75,7,BID
2020-10-30 10:39:54,AXP,89.83,12,ASK
2020-10-30 10:40:00,AXP,89.75,7,BID
2020-10-30 10:39:54,AXP,89.83,12,ASK
2020-10-30 10:40:00,AXP,89.75,7,BID
2020-10-30 10:39:54,AXP,89.83,12,ASK
2020-10-30 10:40:00,AXP,89.75,6,BID
2020-10-30 10:39:54,AXP,89.83,12,ASK
2020-10-30 10:40:00,AXP,89.75,6,BID
2020-10-30 10:39:54,AXP,89.83,12,ASK
2020-10-30 10:40:00,AXP,89.75,6,BID
2020-10-30 10:39:54,AXP,89.83,12,ASK
2020-10-30 10:40:00,AXP,89.75,6,BID
2020-10-30 10:39:54,AXP,89.83,12,ASK
2020-10-30 10:40:01,AXP,89.74,4,BID
2020-10-30 10:40:01,AXP,89.79,2,ASK
2020-10-30 10:40:01,AXP,89.74,4,BID
2020-10-30 10:40:01,AXP,89.79,2,ASK
2020-10-30 10:40:03,AXP,89.7,9,BID
2020-10-30 10:40:03,AXP,89.75,2,ASK
2020-10-30 10:40:03,AXP,89.71,4,BID
2020-10-30 10:40:03,AXP,89.76,8,ASK
2020-10-30 10:40:04,AXP,89.7,6,BID
2020-10-30 10:40:04,AXP,89.74,1,ASK
2020-10-30 10:40:07,AXP,89.67,2,BID
2020-10-30 10:40:06,AXP,89.74,5,ASK
2020-10-30 10:40:07,AXP,89.67,2,BID
2020-10-30 10:40:06,AXP,89.74,5,ASK
2020-10-30 10:40:09,AXP,89.67,1,BID
2020-10-30 10:40:06,AXP,89.74,5,ASK
2020-10-30 10:40:10,AXP,89.7,7,BID
2020-10-30 10:40:10,AXP,89.74,5,ASK
2020-10-30 10:40:10,AXP,89.69,5,BID
2020-10-30 10:40:10,AXP,89.74,5,ASK
2020-10-30 10:40:11,AXP,89.69,6,BID
2020-10-30 10:40:11,AXP,89.73,3,ASK
2020-10-30 10:40:12,AXP,89.69,8,BID
2020-10-30 10:40:11,AXP,89.74,9,ASK
2020-10-30 10:40:13,AXP,89.71,1,BID
2020-10-30 10:40:13,AXP,89.72,2,ASK
2020-10-30 10:40:13,AXP,89.68,2,BID
2020-10-30 10:40:11,AXP,89.74,9,ASK
2020-10-30 10:40:13,AXP,89.67,8,BID
2020-10-30 10:40:14,AXP,89.73,2,ASK
2020-10-30 10:40:14,AXP,89.68,2,BID
2020-10-30 10:40:14,AXP,89.73,4,ASK
2020-10-30 10:40:17,AXP,89.68,7,BID
2020-10-30 10:40:17,AXP,89.73,9,ASK
2020-10-30 10:40:17,AXP,89.68,2,BID
2020-10-30 10:40:17,AXP,89.72,6,ASK
2020-10-30 10:40:18,AXP,89.67,3,BID
2020-10-30 10:40:18,AXP,89.72,9,ASK
2020-10-30 10:40:18,AXP,89.68,2,BID
2020-10-30 10:40:18,AXP,89.72,9,ASK
2020-10-30 10:40:18,AXP,89.68,2,BID
2020-10-30 10:40:18,AXP,89.72,9,ASK
2020-10-30 10:40:18,AXP,89.68,2,BID
2020-10-30 10:40:18,AXP,89.72,9,ASK
2020-10-30 10:40:18,AXP,89.68,2,BID
2020-10-30 10:40:18,AXP,89.72,12,ASK
2020-10-30 10:40:19,AXP,89.65,8,BID
2020-10-30 10:40:19,AXP,89.71,3,ASK
2020-10-30 10:40:19,AXP,89.65,7,BID
2020-10-30 10:40:19,AXP,89.7,6,ASK
2020-10-30 10:37:25,AXP,89.65,7,BID
2020-10-30 10:40:19,AXP,89.7,6,ASK
2020-10-30 10:40:27,AXP,89.72,6,BID
2020-10-30 10:40:28,AXP,89.77,8,ASK
2020-10-30 10:40:30,AXP,89.72,2,BID
2020-10-30 10:40:30,AXP,89.77,8,ASK
2020-10-30 10:40:31,AXP,89.71,6,BID
2020-10-30 10:40:31,AXP,89.75,5,ASK
2020-10-30 10:40:31,AXP,89.71,6,BID
2020-10-30 10:40:31,AXP,89.75,8,ASK
2020-10-30 10:40:31,AXP,89.71,6,BID
2020-10-30 10:40:31,AXP,89.75,8,ASK
2020-10-30 10:40:33,AXP,89.72,2,BID
2020-10-30 10:40:33,AXP,89.75,8,ASK
2020-10-30 10:40:34,AXP,89.71,8,BID
2020-10-30 10:40:34,AXP,89.75,10,ASK
2020-10-30 10:40:34,AXP,89.71,8,BID
2020-10-30 10:40:34,AXP,89.75,10,ASK
2020-10-30 10:40:36,AXP,89.75,1,BID
2020-10-30 10:40:36,AXP,89.79,7,ASK
2020-10-30 10:40:37,AXP,89.75,4,BID
2020-10-30 10:40:37,AXP,89.81,9,ASK
2020-10-30 10:40:37,AXP,89.75,5,BID
2020-10-30 10:40:38,AXP,89.79,2,ASK
2020-10-30 10:40:37,AXP,89.75,6,BID
2020-10-30 10:40:39,AXP,89.78,8,ASK
2020-10-30 10:40:37,AXP,89.75,6,BID
2020-10-30 10:40:40,AXP,89.78,9,ASK
2020-10-30 10:40:37,AXP,89.75,6,BID
2020-10-30 10:40:40,AXP,89.78,9,ASK
2020-10-30 10:40:43,AXP,89.75,3,BID
2020-10-30 10:40:43,AXP,89.77,11,ASK
2020-10-30 10:40:45,AXP,89.78,4,BID
2020-10-30 10:40:45,AXP,89.81,12,ASK
2020-10-30 10:40:45,AXP,89.78,4,BID
2020-10-30 10:40:45,AXP,89.81,12,ASK
2020-10-30 10:40:46,AXP,89.78,3,BID
2020-10-30 10:40:46,AXP,89.81,11,ASK
2020-10-30 10:40:48,AXP,89.78,3,BID
2020-10-30 10:40:48,AXP,89.81,11,ASK
2020-10-30 10:40:49,AXP,89.78,4,BID
2020-10-30 10:40:48,AXP,89.81,11,ASK
2020-10-30 10:40:51,AXP,89.79,4,BID
2020-10-30 10:40:48,AXP,89.81,12,ASK
2020-10-30 10:40:52,AXP,89.79,4,BID
2020-10-30 10:40:51,AXP,89.81,10,ASK
2020-10-30 10:40:52,AXP,89.79,4,BID
2020-10-30 10:40:51,AXP,89.81,9,ASK
2020-10-30 10:40:54,AXP,89.8,4,BID
2020-10-30 10:40:54,AXP,89.84,9,ASK
2020-10-30 10:40:55,AXP,89.83,3,BID
2020-10-30 10:40:55,AXP,89.87,4,ASK
2020-10-30 10:40:55,AXP,89.85,1,BID
2020-10-30 10:40:55,AXP,89.87,4,ASK
2020-10-30 10:40:56,AXP,89.85,1,BID
2020-10-30 10:40:56,AXP,89.87,4,ASK
2020-10-30 10:40:57,AXP,89.82,1,BID
2020-10-30 10:40:57,AXP,89.85,5,ASK
2020-10-30 10:40:58,AXP,89.8,5,BID
2020-10-30 10:40:58,AXP,89.84,3,ASK
2020-10-30 10:40:59,AXP,89.8,8,BID
2020-10-30 10:40:59,AXP,89.84,3,ASK
2020-10-30 10:41:00,AXP,89.81,1,BID
2020-10-30 10:41:00,AXP,89.84,2,ASK
2020-10-30 10:41:01,AXP,89.81,2,BID
2020-10-30 10:41:00,AXP,89.85,2,ASK
2020-10-30 10:41:01,AXP,89.81,2,BID
2020-10-30 10:41:02,AXP,89.85,3,ASK
2020-10-30 10:41:03,AXP,89.81,2,BID
2020-10-30 10:41:03,AXP,89.85,5,ASK
2020-10-30 10:41:03,AXP,89.81,2,BID
2020-10-30 10:41:03,AXP,89.85,5,ASK
2020-10-30 10:41:05,AXP,89.83,1,BID
2020-10-30 10:41:05,AXP,89.86,3,ASK
2020-10-30 10:41:06,AXP,89.82,2,BID
2020-10-30 10:41:06,AXP,89.85,3,ASK
2020-10-30 10:41:07,AXP,89.8,1,BID
2020-10-30 10:41:07,AXP,89.85,3,ASK
2020-10-30 10:41:08,AXP,89.8,4,BID
2020-10-30 10:41:08,AXP,89.85,5,ASK
2020-10-30 10:41:09,AXP,89.79,3,BID
2020-10-30 10:41:09,AXP,89.82,7,ASK
2020-10-30 10:41:10,AXP,89.78,4,BID
2020-10-30 10:41:09,AXP,89.82,8,ASK
2020-10-30 10:41:12,AXP,89.79,4,BID
2020-10-30 10:41:09,AXP,89.82,6,ASK
2020-10-30 10:41:12,AXP,89.79,4,BID
2020-10-30 10:41:09,AXP,89.82,6,ASK
2020-10-30 10:40:51,AXP,89.76,4,BID
2020-10-30 10:41:14,AXP,89.82,7,ASK
2020-10-30 10:40:51,AXP,89.76,4,BID
2020-10-30 10:41:14,AXP,89.82,6,ASK
2020-10-30 10:40:51,AXP,89.76,6,BID
2020-10-30 10:41:14,AXP,89.82,6,ASK
2020-10-30 10:40:51,AXP,89.76,5,BID
2020-10-30 10:41:14,AXP,89.82,7,ASK
2020-10-30 10:40:51,AXP,89.76,5,BID
2020-10-30 10:41:14,AXP,89.82,7,ASK
2020-10-30 10:40:51,AXP,89.76,5,BID
2020-10-30 10:41:14,AXP,89.82,6,ASK
2020-10-30 10:40:51,AXP,89.76,5,BID
2020-10-30 10:41:14,AXP,89.82,7,ASK
2020-10-30 10:40:51,AXP,89.76,5,BID
2020-10-30 10:41:14,AXP,89.82,7,ASK
2020-10-30 10:41:22,AXP,89.7,3,BID
2020-10-30 10:41:22,AXP,89.74,3,ASK
2020-10-30 10:41:22,AXP,89.7,3,BID
2020-10-30 10:41:22,AXP,89.74,3,ASK
2020-10-30 10:41:22,AXP,89.7,3,BID
2020-10-30 10:41:22,AXP,89.74,5,ASK
2020-10-30 10:40:23,AXP,89.7,3,BID
2020-10-30 10:41:22,AXP,89.74,5,ASK
2020-10-30 10:40:23,AXP,89.7,3,BID
2020-10-30 10:41:22,AXP,89.74,5,ASK
2020-10-30 10:41:24,AXP,89.72,4,BID
2020-10-30 10:41:24,AXP,89.76,2,ASK
2020-10-30 10:41:25,AXP,89.72,4,BID
2020-10-30 10:41:25,AXP,89.77,3,ASK
2020-10-30 10:41:26,AXP,89.72,4,BID
2020-10-30 10:41:26,AXP,89.76,2,ASK
2020-10-30 10:41:26,AXP,89.72,6,BID
2020-10-30 10:41:26,AXP,89.76,1,ASK
2020-10-30 10:41:27,AXP,89.72,7,BID
2020-10-30 10:41:27,AXP,89.76,5,ASK
2020-10-30 10:41:27,AXP,89.69,4,BID
2020-10-30 10:41:27,AXP,89.73,5,ASK
2020-10-30 10:41:28,AXP,89.69,4,BID
2020-10-30 10:41:27,AXP,89.73,4,ASK
2020-10-30 10:41:28,AXP,89.69,4,BID
2020-10-30 10:41:27,AXP,89.73,4,ASK
2020-10-30 10:41:30,AXP,89.69,6,BID
2020-10-30 10:41:30,AXP,89.75,3,ASK
2020-10-30 10:41:32,AXP,89.7,1,BID
2020-10-30 10:41:32,AXP,89.74,5,ASK
2020-10-30 10:41:34,AXP,89.69,6,BID
2020-10-30 10:41:34,AXP,89.75,5,ASK
2020-10-30 10:41:35,AXP,89.7,3,BID
2020-10-30 10:41:35,AXP,89.73,2,ASK
2020-10-30 10:41:36,AXP,89.7,3,BID
2020-10-30 10:41:36,AXP,89.72,1,ASK
2020-10-30 10:41:37,AXP,89.7,3,BID
2020-10-30 10:41:37,AXP,89.72,2,ASK
2020-10-30 10:41:37,AXP,89.7,3,BID
2020-10-30 10:41:37,AXP,89.72,2,ASK
2020-10-30 10:41:40,AXP,89.65,10,BID
2020-10-30 10:41:40,AXP,89.69,2,ASK
2020-10-30 10:41:40,AXP,89.66,5,BID
2020-10-30 10:41:40,AXP,89.69,3,ASK
2020-10-30 10:41:41,AXP,89.66,6,BID
2020-10-30 10:41:41,AXP,89.69,1,ASK
2020-10-30 10:41:42,AXP,89.67,5,BID
2020-10-30 10:41:42,AXP,89.7,3,ASK
2020-10-30 10:41:43,AXP,89.69,1,BID
2020-10-30 10:41:43,AXP,89.71,2,ASK
2020-10-30 10:41:44,AXP,89.67,5,BID
2020-10-30 10:41:44,AXP,89.71,2,ASK
2020-10-30 10:41:45,AXP,89.67,6,BID
2020-10-30 10:41:44,AXP,89.71,3,ASK
2020-10-30 10:41:45,AXP,89.67,6,BID
2020-10-30 10:41:45,AXP,89.71,3,ASK
2020-10-30 10:41:45,AXP,89.67,6,BID
2020-10-30 10:41:45,AXP,89.71,3,ASK
2020-10-30 10:41:45,AXP,89.67,6,BID
2020-10-30 10:41:45,AXP,89.71,3,ASK
2020-10-30 10:41:45,AXP,89.67,6,BID
2020-10-30 10:41:45,AXP,89.71,3,ASK
2020-10-30 10:41:45,AXP,89.67,6,BID
2020-10-30 10:41:45,AXP,89.71,3,ASK
2020-10-30 10:41:50,AXP,89.76,3,BID
2020-10-30 10:41:50,AXP,89.78,7,ASK
2020-10-30 10:41:50,AXP,89.72,10,BID
2020-10-30 10:41:50,AXP,89.78,11,ASK
2020-10-30 10:41:50,AXP,89.72,10,BID
2020-10-30 10:41:50,AXP,89.78,11,ASK
2020-10-30 10:41:50,AXP,89.72,10,BID
2020-10-30 10:41:50,AXP,89.76,3,ASK
2020-10-30 10:41:51,AXP,89.73,2,BID
2020-10-30 10:41:51,AXP,89.76,5,ASK
2020-10-30 10:41:52,AXP,89.73,3,BID
2020-10-30 10:41:51,AXP,89.76,5,ASK
2020-10-30 10:41:54,AXP,89.73,3,BID
2020-10-30 10:41:54,AXP,89.78,12,ASK
2020-10-30 10:41:54,AXP,89.73,5,BID
2020-10-30 10:41:54,AXP,89.79,3,ASK
2020-10-30 10:41:55,AXP,89.75,6,BID
2020-10-30 10:41:55,AXP,89.79,5,ASK
2020-10-30 10:41:56,AXP,89.75,6,BID
2020-10-30 10:41:56,AXP,89.79,1,ASK
2020-10-30 10:41:57,AXP,89.77,3,BID
2020-10-30 10:41:57,AXP,89.82,11,ASK
2020-10-30 10:41:57,AXP,89.77,3,BID
2020-10-30 10:41:57,AXP,89.82,11,ASK
2020-10-30 10:41:59,AXP,89.76,4,BID
2020-10-30 10:41:59,AXP,89.79,3,ASK
2020-10-30 10:42:00,AXP,89.72,14,BID
2020-10-30 10:42:00,AXP,89.75,4,ASK
2020-10-30 10:42:00,AXP,89.72,14,BID
2020-10-30 10:42:00,AXP,89.75,5,ASK
2020-10-30 10:42:01,AXP,89.72,12,BID
2020-10-30 10:42:01,AXP,89.75,6,ASK
2020-10-30 10:42:01,AXP,89.72,12,BID
2020-10-30 10:42:02,AXP,89.74,2,ASK
2020-10-30 10:42:01,AXP,89.72,12,BID
2020-10-30 10:42:03,AXP,89.74,2,ASK
2020-10-30 10:42:03,AXP,89.67,7,BID
2020-10-30 10:42:03,AXP,89.72,1,ASK
2020-10-30 10:42:04,AXP,89.67,9,BID
2020-10-30 10:42:04,AXP,89.72,5,ASK
2020-10-30 10:42:04,AXP,89.67,9,BID
2020-10-30 10:42:04,AXP,89.72,2,ASK
2020-10-30 10:42:05,AXP,89.67,11,BID
2020-10-30 10:42:04,AXP,89.72,6,ASK
2020-10-30 10:42:05,AXP,89.67,1,BID
2020-10-30 10:42:05,AXP,89.71,3,ASK
2020-10-30 10:42:05,AXP,89.65,9,BID
2020-10-30 10:42:06,AXP,89.71,5,ASK
2020-10-30 10:42:07,AXP,89.66,3,BID
2020-10-30 10:42:07,AXP,89.71,6,ASK
2020-10-30 10:42:07,AXP,89.66,4,BID
2020-10-30 10:42:07,AXP,89.71,6,ASK
2020-10-30 10:42:05,AXP,89.65,8,BID
2020-10-30 10:42:09,AXP,89.7,6,ASK
2020-10-30 10:42:05,AXP,89.65,8,BID
2020-10-30 10:42:11,AXP,89.7,7,ASK
2020-10-30 10:42:11,AXP,89.66,5,BID
2020-10-30 10:42:11,AXP,89.7,9,ASK
2020-10-30 10:42:12,AXP,89.66,1,BID
2020-10-30 10:42:12,AXP,89.7,9,ASK
2020-10-30 10:42:12,AXP,89.66,5,BID
2020-10-30 10:42:12,AXP,89.7,9,ASK
2020-10-30 10:42:12,AXP,89.66,5,BID
2020-10-30 10:42:13,AXP,89.7,9,ASK
2020-10-30 10:42:12,AXP,89.66,5,BID
2020-10-30 10:42:13,AXP,89.7,9,ASK
2020-10-30 10:42:16,AXP,89.66,6,BID
2020-10-30 10:42:13,AXP,89.7,8,ASK
2020-10-30 10:42:16,AXP,89.66,6,BID
2020-10-30 10:42:13,AXP,89.7,8,ASK
2020-10-30 10:42:18,AXP,89.63,1,BID
2020-10-30 10:42:18,AXP,89.69,6,ASK
2020-10-30 10:42:18,AXP,89.63,2,BID
2020-10-30 10:42:18,AXP,89.69,8,ASK
2020-10-30 10:42:18,AXP,89.63,2,BID
2020-10-30 10:42:18,AXP,89.69,7,ASK
2020-10-30 10:42:20,AXP,89.65,1,BID
2020-10-30 10:42:18,AXP,89.69,7,ASK
2020-10-30 10:42:21,AXP,89.65,4,BID
2020-10-30 10:42:18,AXP,89.69,7,ASK
2020-10-30 10:42:21,AXP,89.65,4,BID
2020-10-30 10:42:18,AXP,89.69,7,ASK
2020-10-30 10:42:25,AXP,89.62,4,BID
2020-10-30 10:42:25,AXP,89.66,6,ASK
2020-10-30 10:42:25,AXP,89.63,3,BID
2020-10-30 10:42:25,AXP,89.66,6,ASK
2020-10-30 10:42:26,AXP,89.63,2,BID
2020-10-30 10:42:26,AXP,89.66,3,ASK
2020-10-30 10:42:28,AXP,89.63,3,BID
2020-10-30 10:42:28,AXP,89.66,8,ASK
2020-10-30 10:42:28,AXP,89.63,3,BID
2020-10-30 10:42:28,AXP,89.66,7,ASK
2020-10-30 10:42:30,AXP,89.63,3,BID
2020-10-30 10:42:30,AXP,89.65,3,ASK
2020-10-30 10:42:31,AXP,89.61,3,BID
2020-10-30 10:42:31,AXP,89.65,10,ASK
2020-10-30 10:42:34,AXP,89.6,5,BID
2020-10-30 10:42:34,AXP,89.64,5,ASK
2020-10-30 10:42:35,AXP,89.6,5,BID
2020-10-30 10:42:35,AXP,89.63,1,ASK
2020-10-30 10:42:36,AXP,89.53,3,BID
2020-10-30 10:42:35,AXP,89.57,5,ASK
2020-10-30 10:42:37,AXP,89.54,1,BID
2020-10-30 10:42:37,AXP,89.58,4,ASK
2020-10-30 10:42:38,AXP,89.54,5,BID
2020-10-30 10:42:38,AXP,89.57,4,ASK
2020-10-30 10:42:38,AXP,89.52,7,BID
2020-10-30 10:42:38,AXP,89.54,7,ASK
2020-10-30 10:42:38,AXP,89.52,7,BID
2020-10-30 10:42:38,AXP,89.54,8,ASK
2020-10-30 10:42:40,AXP,89.51,4,BID
2020-10-30 10:42:40,AXP,89.53,4,ASK
2020-10-30 10:42:42,AXP,89.55,2,BID
2020-10-30 10:42:42,AXP,89.59,9,ASK
2020-10-30 10:42:43,AXP,89.53,13,BID
2020-10-30 10:42:43,AXP,89.59,8,ASK
2020-10-30 10:42:44,AXP,89.54,8,BID
2020-10-30 10:42:44,AXP,89.6,9,ASK
2020-10-30 10:42:44,AXP,89.54,7,BID
2020-10-30 10:42:45,AXP,89.61,1,ASK
2020-10-30 10:42:46,AXP,89.55,5,BID
2020-10-30 10:42:44,AXP,89.63,6,ASK
2020-10-30 10:42:47,AXP,89.56,8,BID
2020-10-30 10:42:47,AXP,89.59,2,ASK
2020-10-30 10:42:47,AXP,89.56,8,BID
2020-10-30 10:42:49,AXP,89.6,7,ASK
2020-10-30 10:42:51,AXP,89.52,13,BID
2020-10-30 10:42:51,AXP,89.58,5,ASK
2020-10-30 10:42:52,AXP,89.52,6,BID
2020-10-30 10:42:52,AXP,89.58,7,ASK
2020-10-30 10:42:52,AXP,89.56,4,BID
2020-10-30 10:42:52,AXP,89.6,1,ASK
2020-10-30 10:42:53,AXP,89.58,2,BID
2020-10-30 10:42:53,AXP,89.6,4,ASK
2020-10-30 10:42:54,AXP,89.58,2,BID
2020-10-30 10:42:54,AXP,89.6,2,ASK
2020-10-30 10:42:54,AXP,89.58,4,BID
2020-10-30 10:42:54,AXP,89.6,2,ASK
2020-10-30 10:42:54,AXP,89.58,4,BID
2020-10-30 10:42:54,AXP,89.6,2,ASK
2020-10-30 10:42:52,AXP,89.52,11,BID
2020-10-30 10:42:57,AXP,89.59,11,ASK
2020-10-30 10:42:57,AXP,89.52,11,BID
2020-10-30 10:42:57,AXP,89.59,8,ASK
2020-10-30 10:42:58,AXP,89.53,4,BID
2020-10-30 10:42:58,AXP,89.58,1,ASK
2020-10-30 10:42:59,AXP,89.54,1,BID
2020-10-30 10:42:59,AXP,89.58,2,ASK
2020-10-30 10:42:58,AXP,89.52,13,BID
2020-10-30 10:43:00,AXP,89.58,3,ASK
2020-10-30 10:43:00,AXP,89.57,1,BID
2020-10-30 10:43:00,AXP,89.61,4,ASK
2020-10-30 10:43:00,AXP,89.57,1,BID
2020-10-30 10:43:00,AXP,89.61,4,ASK
2020-10-30 10:43:01,AXP,89.57,3,BID
2020-10-30 10:43:01,AXP,89.61,4,ASK
2020-10-30 10:43:01,AXP,89.59,1,BID
2020-10-30 10:43:01,AXP,89.61,4,ASK
2020-10-30 10:43:01,AXP,89.59,5,BID
2020-10-30 10:43:01,AXP,89.62,5,ASK
2020-10-30 10:43:02,AXP,89.58,5,BID
2020-10-30 10:43:02,AXP,89.62,5,ASK
2020-10-30 10:43:02,AXP,89.58,7,BID
2020-10-30 10:43:02,AXP,89.62,5,ASK
2020-10-30 10:43:03,AXP,89.6,2,BID
2020-10-30 10:43:03,AXP,89.64,4,ASK
2020-10-30 10:43:03,AXP,89.6,3,BID
2020-10-30 10:43:03,AXP,89.64,4,ASK
2020-10-30 10:43:03,AXP,89.63,3,BID
2020-10-30 10:43:03,AXP,89.67,3,ASK
2020-10-30 10:43:04,AXP,89.63,2,BID
2020-10-30 10:43:04,AXP,89.66,2,ASK
2020-10-30 10:43:04,AXP,89.59,2,BID
2020-10-30 10:43:04,AXP,89.63,2,ASK
2020-10-30 10:43:05,AXP,89.57,2,BID
2020-10-30 10:43:05,AXP,89.61,3,ASK
2020-10-30 10:43:05,AXP,89.58,3,BID
2020-10-30 10:43:05,AXP,89.63,5,ASK
2020-10-30 10:43:05,AXP,89.59,9,BID
2020-10-30 10:43:05,AXP,89.63,5,ASK
2020-10-30 10:43:06,AXP,89.59,8,BID
2020-10-30 10:43:06,AXP,89.63,5,ASK
2020-10-30 10:43:06,AXP,89.59,8,BID
2020-10-30 10:43:05,AXP,89.63,5,ASK
2020-10-30 10:43:07,AXP,89.58,5,BID
2020-10-30 10:43:07,AXP,89.61,2,ASK
2020-10-30 10:43:08,AXP,89.58,7,BID
2020-10-30 10:43:08,AXP,89.61,2,ASK
2020-10-30 10:43:09,AXP,89.58,1,BID
2020-10-30 10:43:09,AXP,89.6,2,ASK
2020-10-30 10:43:09,AXP,89.58,1,BID
2020-10-30 10:43:09,AXP,89.6,3,ASK
2020-10-30 10:43:11,AXP,89.54,5,BID
2020-10-30 10:43:10,AXP,89.6,4,ASK
2020-10-30 10:43:11,AXP,89.54,7,BID
2020-10-30 10:43:11,AXP,89.6,3,ASK
2020-10-30 10:43:12,AXP,89.54,7,BID
2020-10-30 10:43:12,AXP,89.6,2,ASK
2020-10-30 10:43:13,AXP,89.54,6,BID
2020-10-30 10:43:13,AXP,89.6,2,ASK
2020-10-30 10:43:14,AXP,89.55,1,BID
2020-10-30 10:43:14,AXP,89.6,2,ASK
2020-10-30 10:43:15,AXP,89.56,7,BID
2020-10-30 10:43:15,AXP,89.63,5,ASK
2020-10-30 10:43:15,AXP,89.56,7,BID
2020-10-30 10:43:15,AXP,89.63,4,ASK
2020-10-30 10:43:15,AXP,89.56,8,BID
2020-10-30 10:43:15,AXP,89.63,4,ASK
2020-10-30 10:43:17,AXP,89.56,7,BID
2020-10-30 10:43:18,AXP,89.62,4,ASK
2020-10-30 10:43:18,AXP,89.54,10,BID
2020-10-30 10:43:18,AXP,89.61,3,ASK
2020-10-30 10:43:18,AXP,89.54,10,BID
2020-10-30 10:43:19,AXP,89.6,5,ASK
2020-10-30 10:43:19,AXP,89.54,1,BID
2020-10-30 10:43:19,AXP,89.6,7,ASK
2020-10-30 10:43:20,AXP,89.54,5,BID
2020-10-30 10:43:20,AXP,89.6,7,ASK
2020-10-30 10:43:20,AXP,89.52,7,BID
2020-10-30 10:43:21,AXP,89.58,3,ASK
2020-10-30 10:43:21,AXP,89.51,4,BID
2020-10-30 10:43:21,AXP,89.56,4,ASK
2020-10-30 10:43:22,AXP,89.51,4,BID
2020-10-30 10:43:22,AXP,89.54,2,ASK
2020-10-30 10:43:22,AXP,89.51,6,BID
2020-10-30 10:43:22,AXP,89.56,5,ASK
2020-10-30 10:43:23,AXP,89.51,4,BID
2020-10-30 10:43:23,AXP,89.56,3,ASK
2020-10-30 10:43:23,AXP,89.5,3,BID
2020-10-30 10:43:23,AXP,89.55,7,ASK
2020-10-30 10:43:23,AXP,89.47,2,BID
2020-10-30 10:43:23,AXP,89.52,7,ASK
2020-10-30 10:43:23,AXP,89.47,2,BID
2020-10-30 10:43:23,AXP,89.52,7,ASK
2020-10-30 10:43:23,AXP,89.47,2,BID
2020-10-30 10:43:23,AXP,89.52,7,ASK
2020-10-30 10:43:23,AXP,89.47,2,BID
2020-10-30 10:43:23,AXP,89.52,7,ASK
2020-10-30 10:43:25,AXP,89.47,2,BID
2020-10-30 10:43:25,AXP,89.49,2,ASK
2020-10-30 10:43:26,AXP,89.46,2,BID
2020-10-30 10:43:26,AXP,89.49,3,ASK
2020-10-30 10:43:27,AXP,89.46,4,BID
2020-10-30 10:43:27,AXP,89.49,3,ASK
2020-10-30 10:43:28,AXP,89.46,3,BID
2020-10-30 10:43:28,AXP,89.49,3,ASK
2020-10-30 10:43:30,AXP,89.46,3,BID
2020-10-30 10:43:30,AXP,89.49,3,ASK
2020-10-30 10:43:30,AXP,89.47,3,BID
2020-10-30 10:43:31,AXP,89.49,1,ASK
2020-10-30 10:43:30,AXP,89.47,3,BID
2020-10-30 10:43:32,AXP,89.49,2,ASK
2020-10-30 10:43:32,AXP,89.49,1,BID
2020-10-30 10:43:25,AXP,89.51,9,ASK
2020-10-30 10:43:32,AXP,89.49,1,BID
2020-10-30 10:43:25,AXP,89.51,9,ASK
2020-10-30 10:43:35,AXP,89.46,5,BID
2020-10-30 10:43:35,AXP,89.5,1,ASK
2020-10-30 10:43:35,AXP,89.46,5,BID
2020-10-30 10:43:35,AXP,89.5,2,ASK
2020-10-30 10:43:35,AXP,89.46,5,BID
2020-10-30 10:43:25,AXP,89.51,10,ASK
2020-10-30 10:43:38,AXP,89.46,5,BID
2020-10-30 10:43:38,AXP,89.5,3,ASK
2020-10-30 10:43:38,AXP,89.46,5,BID
2020-10-30 10:43:38,AXP,89.5,3,ASK
2020-10-30 10:43:40,AXP,89.46,1,BID
2020-10-30 10:43:40,AXP,89.5,6,ASK
2020-10-30 10:43:40,AXP,89.46,3,BID
2020-10-30 10:43:40,AXP,89.5,5,ASK
2020-10-30 10:43:40,AXP,89.46,2,BID
2020-10-30 10:43:40,AXP,89.5,5,ASK
2020-10-30 10:43:42,AXP,89.46,4,BID
2020-10-30 10:43:40,AXP,89.5,4,ASK
2020-10-30 10:43:44,AXP,89.46,4,BID
2020-10-30 10:43:40,AXP,89.5,5,ASK
2020-10-30 10:43:45,AXP,89.42,4,BID
2020-10-30 10:43:45,AXP,89.47,4,ASK
2020-10-30 10:43:46,AXP,89.43,2,BID
2020-10-30 10:43:45,AXP,89.47,5,ASK
2020-10-30 10:43:46,AXP,89.43,2,BID
2020-10-30 10:43:46,AXP,89.47,5,ASK
2020-10-30 10:43:47,AXP,89.43,7,BID
2020-10-30 10:43:47,AXP,89.46,2,ASK
2020-10-30 10:43:47,AXP,89.4,14,BID
2020-10-30 10:43:47,AXP,89.46,5,ASK
2020-10-30 10:43:47,AXP,89.43,2,BID
2020-10-30 10:43:47,AXP,89.47,7,ASK
2020-10-30 10:43:48,AXP,89.43,2,BID
2020-10-30 10:43:48,AXP,89.47,8,ASK
2020-10-30 10:43:48,AXP,89.41,7,BID
2020-10-30 10:43:48,AXP,89.46,2,ASK
2020-10-30 10:43:49,AXP,89.42,1,BID
2020-10-30 10:43:49,AXP,89.46,5,ASK
2020-10-30 10:43:48,AXP,89.41,5,BID
2020-10-30 10:43:49,AXP,89.46,5,ASK
2020-10-30 10:43:48,AXP,89.41,5,BID
2020-10-30 10:43:49,AXP,89.46,5,ASK
2020-10-30 10:43:50,AXP,89.4,14,BID
2020-10-30 10:43:50,AXP,89.45,7,ASK
2020-10-30 10:43:50,AXP,89.4,14,BID
2020-10-30 10:43:50,AXP,89.45,6,ASK
2020-10-30 10:43:50,AXP,89.4,13,BID
2020-10-30 10:43:50,AXP,89.43,3,ASK
2020-10-30 10:43:50,AXP,89.31,5,BID
2020-10-30 10:43:50,AXP,89.37,8,ASK
2020-10-30 10:43:51,AXP,89.31,6,BID
2020-10-30 10:43:51,AXP,89.39,3,ASK
2020-10-30 10:43:51,AXP,89.31,5,BID
2020-10-30 10:43:51,AXP,89.37,2,ASK
2020-10-30 10:43:51,AXP,89.37,1,BID
2020-10-30 10:43:51,AXP,89.42,5,ASK
2020-10-30 10:43:52,AXP,89.36,6,BID
2020-10-30 10:43:52,AXP,89.42,6,ASK
2020-10-30 10:43:52,AXP,89.36,8,BID
2020-10-30 10:43:52,AXP,89.42,9,ASK
2020-10-30 10:43:52,AXP,89.39,2,BID
2020-10-30 10:43:52,AXP,89.43,1,ASK
2020-10-30 10:43:53,AXP,89.39,2,BID
2020-10-30 10:43:52,AXP,89.44,7,ASK
2020-10-30 10:43:53,AXP,89.39,2,BID
2020-10-30 10:43:52,AXP,89.44,7,ASK
2020-10-30 10:43:54,AXP,89.4,2,BID
2020-10-30 10:43:54,AXP,89.46,8,ASK
2020-10-30 10:43:54,AXP,89.4,3,BID
2020-10-30 10:43:54,AXP,89.45,2,ASK
2020-10-30 10:43:54,AXP,89.4,2,BID
2020-10-30 10:43:54,AXP,89.44,2,ASK
2020-10-30 10:43:54,AXP,89.4,2,BID
2020-10-30 10:43:54,AXP,89.44,2,ASK
2020-10-30 10:43:55,AXP,89.35,6,BID
2020-10-30 10:43:55,AXP,89.41,4,ASK
2020-10-30 10:43:55,AXP,89.35,6,BID
2020-10-30 10:43:55,AXP,89.41,4,ASK
2020-10-30 10:43:55,AXP,89.35,6,BID
2020-10-30 10:43:55,AXP,89.42,4,ASK
2020-10-30 10:43:56,AXP,89.35,6,BID
2020-10-30 10:43:56,AXP,89.41,2,ASK
2020-10-30 10:43:56,AXP,89.36,3,BID
2020-10-30 10:43:56,AXP,89.43,7,ASK
2020-10-30 10:43:56,AXP,89.38,4,BID
2020-10-30 10:43:56,AXP,89.43,6,ASK
2020-10-30 10:43:57,AXP,89.36,9,BID
2020-10-30 10:43:57,AXP,89.42,7,ASK
2020-10-30 10:43:57,AXP,89.36,8,BID
2020-10-30 10:43:57,AXP,89.41,2,ASK
2020-10-30 10:43:58,AXP,89.36,6,BID
2020-10-30 10:43:58,AXP,89.42,2,ASK
2020-10-30 10:43:58,AXP,89.38,3,BID
2020-10-30 10:43:58,AXP,89.43,10,ASK
2020-10-30 10:43:59,AXP,89.39,4,BID
2020-10-30 10:43:59,AXP,89.45,2,ASK
2020-10-30 10:44:00,AXP,89.39,4,BID
2020-10-30 10:44:00,AXP,89.45,2,ASK
2020-10-30 10:44:01,AXP,89.41,3,BID
2020-10-30 10:43:54,AXP,89.46,10,ASK
2020-10-30 10:44:01,AXP,89.41,6,BID
2020-10-30 10:43:54,AXP,89.46,8,ASK
2020-10-30 10:44:02,AXP,89.44,5,BID
2020-10-30 10:44:02,AXP,89.49,3,ASK
2020-10-30 10:44:03,AXP,89.43,8,BID
2020-10-30 10:44:03,AXP,89.48,4,ASK
2020-10-30 10:44:03,AXP,89.44,2,BID
2020-10-30 10:44:03,AXP,89.49,9,ASK
2020-10-30 10:44:03,AXP,89.44,11,BID
2020-10-30 10:44:03,AXP,89.49,2,ASK
2020-10-30 10:44:04,AXP,89.45,2,BID
2020-10-30 10:44:04,AXP,89.49,1,ASK
2020-10-30 10:44:03,AXP,89.44,10,BID
2020-10-30 10:44:04,AXP,89.49,2,ASK
2020-10-30 10:44:03,AXP,89.44,9,BID
2020-10-30 10:44:05,AXP,89.48,2,ASK
2020-10-30 10:44:03,AXP,89.43,8,BID
2020-10-30 10:44:05,AXP,89.47,4,ASK
2020-10-30 10:44:06,AXP,89.42,5,BID
2020-10-30 10:44:05,AXP,89.46,5,ASK
2020-10-30 10:44:06,AXP,89.43,1,BID
2020-10-30 10:44:06,AXP,89.46,6,ASK
2020-10-30 10:44:06,AXP,89.45,5,BID
2020-10-30 10:44:06,AXP,89.5,13,ASK
2020-10-30 10:44:08,AXP,89.46,1,BID
2020-10-30 10:44:08,AXP,89.49,2,ASK
2020-10-30 10:44:08,AXP,89.43,6,BID
2020-10-30 10:44:08,AXP,89.46,4,ASK
2020-10-30 10:44:08,AXP,89.43,6,BID
2020-10-30 10:44:08,AXP,89.46,5,ASK
2020-10-30 10:44:09,AXP,89.43,7,BID
2020-10-30 10:44:09,AXP,89.46,5,ASK
2020-10-30 10:44:10,AXP,89.44,4,BID
2020-10-30 10:44:10,AXP,89.48,3,ASK
2020-10-30 10:44:10,AXP,89.43,8,BID
2020-10-30 10:44:11,AXP,89.48,8,ASK
2020-10-30 10:44:10,AXP,89.43,8,BID
2020-10-30 10:44:12,AXP,89.45,4,ASK
2020-10-30 10:44:12,AXP,89.45,3,BID
2020-10-30 10:44:12,AXP,89.47,1,ASK
2020-10-30 10:44:12,AXP,89.43,9,BID
2020-10-30 10:44:12,AXP,89.46,1,ASK
2020-10-30 10:44:14,AXP,89.44,8,BID
2020-10-30 10:44:14,AXP,89.49,5,ASK
2020-10-30 10:44:15,AXP,89.46,6,BID
2020-10-30 10:44:15,AXP,89.49,5,ASK
2020-10-30 10:44:17,AXP,89.44,10,BID
2020-10-30 10:44:17,AXP,89.48,9,ASK
2020-10-30 10:44:19,AXP,89.44,11,BID
2020-10-30 10:44:19,AXP,89.49,7,ASK
2020-10-30 10:44:21,AXP,89.44,13,BID
2020-10-30 10:44:20,AXP,89.49,7,ASK
2020-10-30 10:44:21,AXP,89.44,13,BID
2020-10-30 10:44:22,AXP,89.48,4,ASK
2020-10-30 10:44:23,AXP,89.45,4,BID
2020-10-30 10:44:22,AXP,89.49,7,ASK
2020-10-30 10:44:23,AXP,89.45,4,BID
2020-10-30 10:44:23,AXP,89.49,6,ASK
2020-10-30 10:44:24,AXP,89.47,3,BID
2020-10-30 10:44:24,AXP,89.5,3,ASK
2020-10-30 10:44:25,AXP,89.47,7,BID
2020-10-30 10:44:25,AXP,89.52,8,ASK
2020-10-30 10:44:26,AXP,89.47,5,BID
2020-10-30 10:44:26,AXP,89.51,5,ASK
2020-10-30 10:44:27,AXP,89.47,6,BID
2020-10-30 10:44:27,AXP,89.51,8,ASK
2020-10-30 10:44:28,AXP,89.49,3,BID
2020-10-30 10:44:28,AXP,89.53,2,ASK
2020-10-30 10:44:29,AXP,89.49,5,BID
2020-10-30 10:44:30,AXP,89.53,2,ASK
2020-10-30 10:44:31,AXP,89.49,6,BID
2020-10-30 10:44:31,AXP,89.53,2,ASK
2020-10-30 10:44:32,AXP,89.49,7,BID
2020-10-30 10:43:23,AXP,89.55,6,ASK
2020-10-30 10:44:34,AXP,89.52,3,BID
2020-10-30 10:43:23,AXP,89.55,6,ASK
2020-10-30 10:44:35,AXP,89.52,4,BID
2020-10-30 10:44:35,AXP,89.54,3,ASK
2020-10-30 10:44:36,AXP,89.49,7,BID
2020-10-30 10:44:36,AXP,89.54,4,ASK
2020-10-30 10:44:38,AXP,89.49,10,BID
2020-10-30 10:44:38,AXP,89.55,9,ASK
2020-10-30 10:44:39,AXP,89.49,1,BID
2020-10-30 10:44:39,AXP,89.53,2,ASK
2020-10-30 10:44:40,AXP,89.48,1,BID
2020-10-30 10:44:40,AXP,89.49,1,ASK
2020-10-30 10:44:40,AXP,89.47,10,BID
2020-10-30 10:44:40,AXP,89.49,3,ASK
2020-10-30 10:44:41,AXP,89.47,10,BID
2020-10-30 10:44:41,AXP,89.49,1,ASK
2020-10-30 10:44:41,AXP,89.48,2,BID
2020-10-30 10:44:41,AXP,89.5,5,ASK
2020-10-30 10:44:41,AXP,89.47,10,BID
2020-10-30 10:44:41,AXP,89.49,5,ASK
2020-10-30 10:44:41,AXP,89.47,10,BID
2020-10-30 10:44:42,AXP,89.49,2,ASK
2020-10-30 10:44:41,AXP,89.47,11,BID
2020-10-30 10:44:43,AXP,89.49,4,ASK
2020-10-30 10:44:41,AXP,89.47,11,BID
2020-10-30 10:44:44,AXP,89.49,4,ASK
2020-10-30 10:44:41,AXP,89.47,12,BID
2020-10-30 10:44:41,AXP,89.5,4,ASK
2020-10-30 10:44:41,AXP,89.47,11,BID
2020-10-30 10:44:41,AXP,89.5,4,ASK
2020-10-30 10:44:41,AXP,89.47,11,BID
2020-10-30 10:44:41,AXP,89.5,4,ASK
2020-10-30 10:44:41,AXP,89.47,13,BID
2020-10-30 10:44:48,AXP,89.51,4,ASK
2020-10-30 10:44:49,AXP,89.49,3,BID
2020-10-30 10:44:49,AXP,89.53,9,ASK
2020-10-30 10:44:50,AXP,89.5,6,BID
2020-10-30 10:44:50,AXP,89.57,7,ASK
2020-10-30 10:44:50,AXP,89.5,5,BID
2020-10-30 10:44:50,AXP,89.55,2,ASK
2020-10-30 10:44:51,AXP,89.5,6,BID
2020-10-30 10:44:51,AXP,89.54,9,ASK
2020-10-30 10:44:52,AXP,89.52,2,BID
2020-10-30 10:44:52,AXP,89.55,8,ASK
2020-10-30 10:44:52,AXP,89.52,4,BID
2020-10-30 10:44:53,AXP,89.56,1,ASK
2020-10-30 10:44:54,AXP,89.52,6,BID
2020-10-30 10:44:54,AXP,89.56,3,ASK
2020-10-30 10:44:54,AXP,89.52,8,BID
2020-10-30 10:44:54,AXP,89.55,1,ASK
2020-10-30 10:44:54,AXP,89.53,3,BID
2020-10-30 10:44:54,AXP,89.56,4,ASK
2020-10-30 10:44:55,AXP,89.54,3,BID
2020-10-30 10:44:50,AXP,89.58,6,ASK
2020-10-30 10:44:55,AXP,89.54,3,BID
2020-10-30 10:44:50,AXP,89.58,6,ASK
2020-10-30 10:44:55,AXP,89.54,3,BID
2020-10-30 10:44:50,AXP,89.58,6,ASK
2020-10-30 10:44:55,AXP,89.54,3,BID
2020-10-30 10:44:50,AXP,89.58,6,ASK
2020-10-30 10:44:55,AXP,89.54,3,BID
2020-10-30 10:44:50,AXP,89.58,6,ASK
2020-10-30 10:44:55,AXP,89.54,3,BID
2020-10-30 10:44:50,AXP,89.58,6,ASK
2020-10-30 10:44:55,AXP,89.54,3,BID
2020-10-30 10:44:50,AXP,89.58,6,ASK
2020-10-30 10:44:55,AXP,89.54,3,BID
2020-10-30 10:44:50,AXP,89.58,6,ASK
2020-10-30 10:44:56,AXP,89.53,5,BID
2020-10-30 10:44:56,AXP,89.56,2,ASK
2020-10-30 10:44:57,AXP,89.54,2,BID
2020-10-30 10:44:50,AXP,89.58,4,ASK
2020-10-30 10:44:58,AXP,89.54,3,BID
2020-10-30 10:44:50,AXP,89.58,5,ASK
2020-10-30 10:45:00,AXP,89.54,3,BID
2020-10-30 10:44:50,AXP,89.58,5,ASK
2020-10-30 10:45:01,AXP,89.55,9,BID
2020-10-30 10:43:20,AXP,89.6,13,ASK
2020-10-30 10:45:01,AXP,89.55,9,BID
2020-10-30 10:43:20,AXP,89.6,13,ASK
2020-10-30 10:45:01,AXP,89.55,9,BID
2020-10-30 10:43:20,AXP,89.6,13,ASK
2020-10-30 10:45:01,AXP,89.55,8,BID
2020-10-30 10:43:20,AXP,89.6,13,ASK
2020-10-30 10:45:02,AXP,89.55,7,BID
2020-10-30 10:45:02,AXP,89.58,7,ASK
2020-10-30 10:45:03,AXP,89.55,7,BID
2020-10-30 10:45:03,AXP,89.58,7,ASK
2020-10-30 10:45:03,AXP,89.55,6,BID
2020-10-30 10:45:03,AXP,89.56,2,ASK
2020-10-30 10:44:54,AXP,89.52,7,BID
2020-10-30 10:45:03,AXP,89.55,5,ASK
2020-10-30 10:45:03,AXP,89.52,10,BID
2020-10-30 10:45:04,AXP,89.55,5,ASK
2020-10-30 10:45:04,AXP,89.52,12,BID
2020-10-30 10:45:04,AXP,89.55,6,ASK
2020-10-30 10:45:05,AXP,89.54,1,BID
2020-10-30 10:45:04,AXP,89.55,5,ASK
2020-10-30 10:45:06,AXP,89.54,5,BID
2020-10-30 10:45:06,AXP,89.57,4,ASK
2020-10-30 10:45:06,AXP,89.55,2,BID
2020-10-30 10:43:20,AXP,89.6,13,ASK
2020-10-30 10:45:07,AXP,89.58,3,BID
2020-10-30 10:43:20,AXP,89.6,10,ASK
2020-10-30 10:45:08,AXP,89.55,2,BID
2020-10-30 10:45:08,AXP,89.57,2,ASK
2020-10-30 10:45:09,AXP,89.55,4,BID
2020-10-30 10:45:09,AXP,89.57,5,ASK
2020-10-30 10:45:10,AXP,89.55,4,BID
2020-10-30 10:45:10,AXP,89.6,6,ASK
2020-10-30 10:45:11,AXP,89.55,4,BID
2020-10-30 10:45:10,AXP,89.6,6,ASK
2020-10-30 10:45:12,AXP,89.55,6,BID
2020-10-30 10:45:12,AXP,89.63,5,ASK
2020-10-30 10:45:13,AXP,89.55,6,BID
2020-10-30 10:45:13,AXP,89.61,3,ASK
2020-10-30 10:45:13,AXP,89.55,6,BID
2020-10-30 10:45:13,AXP,89.61,3,ASK
2020-10-30 10:45:15,AXP,89.55,8,BID
2020-10-30 10:45:15,AXP,89.62,1,ASK
2020-10-30 10:45:16,AXP,89.55,8,BID
2020-10-30 10:45:16,AXP,89.61,2,ASK
2020-10-30 10:45:16,AXP,89.55,8,BID
2020-10-30 10:45:16,AXP,89.61,4,ASK
2020-10-30 10:45:17,AXP,89.55,8,BID
2020-10-30 10:45:17,AXP,89.62,6,ASK
2020-10-30 10:45:18,AXP,89.55,8,BID
2020-10-30 10:45:18,AXP,89.6,6,ASK
2020-10-30 10:45:19,AXP,89.55,8,BID
2020-10-30 10:45:19,AXP,89.6,5,ASK
2020-10-30 10:45:19,AXP,89.55,8,BID
2020-10-30 10:45:20,AXP,89.6,8,ASK
2020-10-30 10:45:21,AXP,89.58,4,BID
2020-10-30 10:45:21,AXP,89.6,4,ASK
2020-10-30 10:45:22,AXP,89.56,3,BID
2020-10-30 10:45:22,AXP,89.6,5,ASK
2020-10-30 10:45:22,AXP,89.55,11,BID
2020-10-30 10:45:22,AXP,89.58,3,ASK
2020-10-30 10:45:23,AXP,89.56,7,BID
2020-10-30 10:45:23,AXP,89.6,3,ASK
2020-10-30 10:45:23,AXP,89.56,7,BID
2020-10-30 10:45:23,AXP,89.6,3,ASK
2020-10-30 10:45:24,AXP,89.56,8,BID
2020-10-30 10:45:23,AXP,89.6,3,ASK
2020-10-30 10:45:24,AXP,89.56,8,BID
2020-10-30 10:45:23,AXP,89.6,4,ASK
2020-10-30 10:45:24,AXP,89.56,8,BID
2020-10-30 10:45:23,AXP,89.6,4,ASK
2020-10-30 10:45:28,AXP,89.55,9,BID
2020-10-30 10:45:28,AXP,89.57,2,ASK
2020-10-30 10:45:05,AXP,89.52,11,BID
2020-10-30 10:45:29,AXP,89.55,5,ASK
2020-10-30 10:45:05,AXP,89.52,11,BID
2020-10-30 10:45:30,AXP,89.58,1,ASK
2020-10-30 10:45:31,AXP,89.52,13,BID
2020-10-30 10:45:32,AXP,89.58,4,ASK
2020-10-30 10:45:31,AXP,89.52,14,BID
2020-10-30 10:45:33,AXP,89.56,3,ASK
2020-10-30 10:45:31,AXP,89.52,14,BID
2020-10-30 10:45:32,AXP,89.58,4,ASK
2020-10-30 10:45:31,AXP,89.52,13,BID
2020-10-30 10:45:35,AXP,89.58,3,ASK
2020-10-30 10:45:31,AXP,89.52,13,BID
2020-10-30 10:45:36,AXP,89.58,6,ASK
2020-10-30 10:45:31,AXP,89.52,14,BID
2020-10-30 10:45:38,AXP,89.58,4,ASK
2020-10-30 10:45:31,AXP,89.52,14,BID
2020-10-30 10:45:38,AXP,89.58,4,ASK
2020-10-30 10:45:31,AXP,89.52,14,BID
2020-10-30 10:45:41,AXP,89.57,6,ASK
2020-10-30 10:45:31,AXP,89.52,13,BID
2020-10-30 10:45:41,AXP,89.57,6,ASK
2020-10-30 10:45:31,AXP,89.52,13,BID
2020-10-30 10:45:41,AXP,89.57,6,ASK
2020-10-30 10:45:31,AXP,89.52,14,BID
2020-10-30 10:45:43,AXP,89.57,6,ASK
2020-10-30 10:45:31,AXP,89.52,14,BID
2020-10-30 10:45:43,AXP,89.57,6,ASK
2020-10-30 10:45:31,AXP,89.52,13,BID
2020-10-30 10:45:43,AXP,89.57,6,ASK
2020-10-30 10:45:46,AXP,89.53,3,BID
2020-10-30 10:45:46,AXP,89.57,6,ASK
2020-10-30 10:45:46,AXP,89.54,5,BID
2020-10-30 10:45:46,AXP,89.6,6,ASK
2020-10-30 10:45:46,AXP,89.54,5,BID
2020-10-30 10:45:46,AXP,89.6,6,ASK
2020-10-30 10:45:47,AXP,89.56,2,BID
2020-10-30 10:45:47,AXP,89.59,1,ASK
2020-10-30 10:45:48,AXP,89.56,2,BID
2020-10-30 10:45:47,AXP,89.6,10,ASK
2020-10-30 10:45:49,AXP,89.57,3,BID
2020-10-30 10:45:48,AXP,89.6,10,ASK
2020-10-30 10:45:51,AXP,89.57,3,BID
2020-10-30 10:45:48,AXP,89.6,10,ASK
2020-10-30 10:45:53,AXP,89.58,2,BID
2020-10-30 10:45:53,AXP,89.62,2,ASK
2020-10-30 10:45:54,AXP,89.58,1,BID
2020-10-30 10:45:54,AXP,89.6,4,ASK
2020-10-30 10:45:56,AXP,89.58,4,BID
2020-10-30 10:45:56,AXP,89.6,3,ASK
2020-10-30 10:45:58,AXP,89.58,6,BID
2020-10-30 10:45:58,AXP,89.61,1,ASK
2020-10-30 10:45:59,AXP,89.58,6,BID
2020-10-30 10:45:59,AXP,89.61,2,ASK
2020-10-30 10:46:00,AXP,89.58,6,BID
2020-10-30 10:46:00,AXP,89.6,6,ASK
2020-10-30 10:46:01,AXP,89.55,1,BID
2020-10-30 10:46:01,AXP,89.6,5,ASK
2020-10-30 10:46:02,AXP,89.56,2,BID
2020-10-30 10:46:02,AXP,89.6,5,ASK
2020-10-30 10:46:03,AXP,89.56,2,BID
2020-10-30 10:46:03,AXP,89.6,9,ASK
2020-10-30 10:46:04,AXP,89.55,2,BID
2020-10-30 10:46:03,AXP,89.6,10,ASK
2020-10-30 10:46:05,AXP,89.52,14,BID
2020-10-30 10:46:06,AXP,89.57,2,ASK
2020-10-30 10:46:07,AXP,89.55,1,BID
2020-10-30 10:46:07,AXP,89.57,3,ASK
2020-10-30 10:46:08,AXP,89.55,2,BID
2020-10-30 10:46:08,AXP,89.57,2,ASK
2020-10-30 10:46:09,AXP,89.55,6,BID
2020-10-30 10:46:00,AXP,89.61,9,ASK
2020-10-30 10:46:10,AXP,89.55,6,BID
2020-10-30 10:46:10,AXP,89.61,9,ASK
2020-10-30 10:46:11,AXP,89.55,6,BID
2020-10-30 10:46:11,AXP,89.61,9,ASK
2020-10-30 10:46:11,AXP,89.55,9,BID
2020-10-30 10:46:11,AXP,89.6,10,ASK
2020-10-30 10:46:11,AXP,89.55,11,BID
2020-10-30 10:46:11,AXP,89.61,8,ASK
2020-10-30 10:46:11,AXP,89.55,13,BID
2020-10-30 10:46:11,AXP,89.61,7,ASK
2020-10-30 10:46:11,AXP,89.55,14,BID
2020-10-30 10:46:11,AXP,89.61,7,ASK
2020-10-30 10:46:15,AXP,89.56,4,BID
2020-10-30 10:46:11,AXP,89.61,7,ASK
2020-10-30 10:46:15,AXP,89.56,7,BID
2020-10-30 10:46:11,AXP,89.61,7,ASK
2020-10-30 10:46:17,AXP,89.59,8,BID
2020-10-30 10:46:17,AXP,89.64,8,ASK
2020-10-30 10:46:17,AXP,89.59,9,BID
2020-10-30 10:46:17,AXP,89.64,10,ASK
2020-10-30 10:46:18,AXP,89.58,5,BID
2020-10-30 10:46:18,AXP,89.63,5,ASK
2020-10-30 10:46:19,AXP,89.56,5,BID
2020-10-30 10:46:19,AXP,89.61,2,ASK
2020-10-30 10:46:11,AXP,89.55,10,BID
2020-10-30 10:46:19,AXP,89.59,6,ASK
2020-10-30 10:46:11,AXP,89.55,10,BID
2020-10-30 10:46:19,AXP,89.59,6,ASK
2020-10-30 10:46:11,AXP,89.55,11,BID
2020-10-30 10:46:19,AXP,89.59,6,ASK
2020-10-30 10:46:20,AXP,89.56,1,BID
2020-10-30 10:46:20,AXP,89.6,6,ASK
2020-10-30 10:46:20,AXP,89.56,1,BID
2020-10-30 10:46:20,AXP,89.6,6,ASK
2020-10-30 10:46:20,AXP,89.56,1,BID
2020-10-30 10:46:20,AXP,89.6,6,ASK
2020-10-30 10:46:23,AXP,89.53,1,BID
2020-10-30 10:46:23,AXP,89.57,4,ASK
2020-10-30 10:45:43,AXP,89.52,13,BID
2020-10-30 10:46:24,AXP,89.56,5,ASK
2020-10-30 10:45:43,AXP,89.52,13,BID
2020-10-30 10:46:25,AXP,89.54,4,ASK
2020-10-30 10:46:26,AXP,89.47,13,BID
2020-10-30 10:46:25,AXP,89.52,6,ASK
2020-10-30 10:46:26,AXP,89.47,13,BID
2020-10-30 10:46:26,AXP,89.51,4,ASK
2020-10-30 10:46:27,AXP,89.48,1,BID
2020-10-30 10:46:27,AXP,89.51,5,ASK
2020-10-30 10:46:28,AXP,89.47,14,BID
2020-10-30 10:46:28,AXP,89.52,5,ASK
2020-10-30 10:46:29,AXP,89.48,8,BID
2020-10-30 10:46:28,AXP,89.53,6,ASK
2020-10-30 10:46:30,AXP,89.48,7,BID
2020-10-30 10:46:28,AXP,89.53,6,ASK
2020-10-30 10:46:31,AXP,89.51,9,BID
2020-10-30 10:46:31,AXP,89.56,2,ASK
2020-10-30 10:46:32,AXP,89.5,7,BID
2020-10-30 10:46:32,AXP,89.54,6,ASK
2020-10-30 10:46:33,AXP,89.53,1,BID
2020-10-30 10:46:33,AXP,89.56,4,ASK
2020-10-30 10:46:32,AXP,89.5,7,BID
2020-10-30 10:46:34,AXP,89.57,11,ASK
2020-10-30 10:46:35,AXP,89.52,6,BID
2020-10-30 10:46:34,AXP,89.57,10,ASK
2020-10-30 10:46:36,AXP,89.52,6,BID
2020-10-30 10:46:34,AXP,89.57,10,ASK
2020-10-30 10:46:38,AXP,89.52,6,BID
2020-10-30 10:46:37,AXP,89.57,10,ASK
2020-10-30 10:46:38,AXP,89.52,6,BID
2020-10-30 10:46:37,AXP,89.57,10,ASK
2020-10-30 10:46:38,AXP,89.52,6,BID
2020-10-30 10:46:37,AXP,89.57,10,ASK
2020-10-30 10:46:35,AXP,89.51,3,BID
2020-10-30 10:46:41,AXP,89.56,4,ASK
2020-10-30 10:46:41,AXP,89.51,1,BID
2020-10-30 10:46:41,AXP,89.55,2,ASK
2020-10-30 10:46:43,AXP,89.51,2,BID
2020-10-30 10:46:43,AXP,89.54,1,ASK
2020-10-30 10:46:44,AXP,89.51,2,BID
2020-10-30 10:46:44,AXP,89.55,2,ASK
2020-10-30 10:46:45,AXP,89.51,4,BID
2020-10-30 10:46:41,AXP,89.56,5,ASK
2020-10-30 10:46:46,AXP,89.51,5,BID
2020-10-30 10:46:41,AXP,89.56,4,ASK
2020-10-30 10:46:47,AXP,89.52,5,BID
2020-10-30 10:46:47,AXP,89.56,1,ASK
2020-10-30 10:46:48,AXP,89.54,1,BID
2020-10-30 10:46:48,AXP,89.57,5,ASK
2020-10-30 10:46:49,AXP,89.54,1,BID
2020-10-30 10:46:49,AXP,89.56,2,ASK
2020-10-30 10:46:50,AXP,89.52,6,BID
2020-10-30 10:46:50,AXP,89.55,3,ASK
2020-10-30 10:46:51,AXP,89.53,3,BID
2020-10-30 10:46:49,AXP,89.57,9,ASK
2020-10-30 10:46:51,AXP,89.53,3,BID
2020-10-30 10:46:51,AXP,89.57,8,ASK
2020-10-30 10:46:51,AXP,89.53,3,BID
2020-10-30 10:46:51,AXP,89.57,8,ASK
2020-10-30 10:46:51,AXP,89.53,3,BID
2020-10-30 10:46:51,AXP,89.57,8,ASK
2020-10-30 10:46:51,AXP,89.53,3,BID
2020-10-30 10:46:51,AXP,89.57,8,ASK
2020-10-30 10:46:51,AXP,89.53,3,BID
2020-10-30 10:46:51,AXP,89.57,8,ASK
2020-10-30 10:46:51,AXP,89.53,3,BID
2020-10-30 10:46:51,AXP,89.57,8,ASK
2020-10-30 10:46:51,AXP,89.53,3,BID
2020-10-30 10:46:51,AXP,89.57,8,ASK
2020-10-30 10:46:51,AXP,89.53,3,BID
2020-10-30 10:46:51,AXP,89.57,8,ASK
2020-10-30 10:46:51,AXP,89.53,3,BID
2020-10-30 10:46:51,AXP,89.57,8,ASK
2020-10-30 10:46:51,AXP,89.53,3,BID
2020-10-30 10:46:51,AXP,89.57,8,ASK
2020-10-30 10:46:51,AXP,89.53,3,BID
2020-10-30 10:46:51,AXP,89.57,8,ASK
2020-10-30 10:46:51,AXP,89.53,3,BID
2020-10-30 10:46:51,AXP,89.57,8,ASK
2020-10-30 10:46:51,AXP,89.53,3,BID
2020-10-30 10:46:51,AXP,89.57,8,ASK
2020-10-30 10:46:51,AXP,89.53,3,BID
2020-10-30 10:46:51,AXP,89.57,8,ASK
2020-10-30 10:46:51,AXP,89.53,3,BID
2020-10-30 10:46:51,AXP,89.57,8,ASK
2020-10-30 10:46:51,AXP,89.53,3,BID
2020-10-30 10:46:51,AXP,89.57,8,ASK
2020-10-30 10:46:51,AXP,89.53,3,BID
2020-10-30 10:46:51,AXP,89.57,8,ASK
2020-10-30 10:46:51,AXP,89.53,3,BID
2020-10-30 10:46:51,AXP,89.57,8,ASK
2020-10-30 10:46:51,AXP,89.53,3,BID
2020-10-30 10:46:51,AXP,89.57,8,ASK
2020-10-30 10:46:51,AXP,89.53,3,BID
2020-10-30 10:46:51,AXP,89.57,8,ASK
2020-10-30 10:46:51,AXP,89.53,3,BID
2020-10-30 10:46:51,AXP,89.57,8,ASK
2020-10-30 10:46:51,AXP,89.53,3,BID
2020-10-30 10:46:51,AXP,89.57,8,ASK
2020-10-30 10:46:51,AXP,89.53,3,BID
2020-10-30 10:46:51,AXP,89.57,8,ASK
2020-10-30 10:46:51,AXP,89.53,3,BID
2020-10-30 10:46:51,AXP,89.57,8,ASK
2020-10-30 10:46:51,AXP,89.53,3,BID
2020-10-30 10:46:51,AXP,89.57,8,ASK
2020-10-30 10:46:51,AXP,89.53,3,BID
2020-10-30 10:46:51,AXP,89.57,8,ASK
2020-10-30 10:46:59,AXP,89.5,9,BID
2020-10-30 10:46:56,AXP,89.55,5,ASK
2020-10-30 10:46:59,AXP,89.54,1,BID
2020-10-30 10:46:51,AXP,89.57,6,ASK
2020-10-30 10:47:00,AXP,89.54,10,BID
2020-10-30 10:46:23,AXP,89.59,7,ASK
2020-10-30 10:47:00,AXP,89.54,10,BID
2020-10-30 10:46:23,AXP,89.59,7,ASK
2020-10-30 10:47:02,AXP,89.54,10,BID
2020-10-30 10:47:02,AXP,89.59,7,ASK
2020-10-30 10:47:02,AXP,89.54,10,BID
2020-10-30 10:47:02,AXP,89.59,7,ASK
2020-10-30 10:47:02,AXP,89.54,10,BID
2020-10-30 10:47:02,AXP,89.59,7,ASK
2020-10-30 10:47:02,AXP,89.54,10,BID
2020-10-30 10:47:02,AXP,89.59,7,ASK
2020-10-30 10:47:02,AXP,89.54,10,BID
2020-10-30 10:47:02,AXP,89.59,7,ASK
2020-10-30 10:47:02,AXP,89.54,10,BID
2020-10-30 10:47:02,AXP,89.59,7,ASK
2020-10-30 10:47:02,AXP,89.54,10,BID
2020-10-30 10:47:02,AXP,89.59,7,ASK
2020-10-30 10:47:07,AXP,89.56,2,BID
2020-10-30 10:47:02,AXP,89.6,5,ASK
2020-10-30 10:47:07,AXP,89.59,3,BID
2020-10-30 10:47:02,AXP,89.64,11,ASK
2020-10-30 10:47:07,AXP,89.55,8,BID
2020-10-30 10:47:07,AXP,89.59,3,ASK
2020-10-30 10:47:08,AXP,89.54,12,BID
2020-10-30 10:47:08,AXP,89.57,8,ASK
2020-10-30 10:47:08,AXP,89.54,13,BID
2020-10-30 10:47:08,AXP,89.57,7,ASK
2020-10-30 10:47:08,AXP,89.54,15,BID
2020-10-30 10:47:08,AXP,89.57,7,ASK
2020-10-30 10:47:08,AXP,89.55,2,BID
2020-10-30 10:47:08,AXP,89.57,7,ASK
2020-10-30 10:47:08,AXP,89.55,2,BID
2020-10-30 10:47:08,AXP,89.57,7,ASK
2020-10-30 10:47:09,AXP,89.55,2,BID
2020-10-30 10:47:08,AXP,89.57,7,ASK
2020-10-30 10:47:09,AXP,89.55,2,BID
2020-10-30 10:47:09,AXP,89.57,8,ASK
2020-10-30 10:47:09,AXP,89.55,2,BID
2020-10-30 10:47:09,AXP,89.57,8,ASK
2020-10-30 10:47:09,AXP,89.55,2,BID
2020-10-30 10:47:09,AXP,89.57,8,ASK
2020-10-30 10:47:10,AXP,89.55,2,BID
2020-10-30 10:47:09,AXP,89.57,6,ASK
2020-10-30 10:47:11,AXP,89.55,2,BID
2020-10-30 10:47:11,AXP,89.56,3,ASK
2020-10-30 10:47:08,AXP,89.54,14,BID
2020-10-30 10:47:12,AXP,89.56,2,ASK
2020-10-30 10:47:13,AXP,89.56,1,BID
2020-10-30 10:47:13,AXP,89.59,4,ASK
2020-10-30 10:47:13,AXP,89.56,3,BID
2020-10-30 10:47:13,AXP,89.59,4,ASK
2020-10-30 10:47:13,AXP,89.56,4,BID
2020-10-30 10:47:13,AXP,89.59,4,ASK
2020-10-30 10:47:16,AXP,89.56,4,BID
2020-10-30 10:47:16,AXP,89.59,6,ASK
2020-10-30 10:47:18,AXP,89.57,3,BID
2020-10-30 10:47:18,AXP,89.59,2,ASK
2020-10-30 10:47:20,AXP,89.57,3,BID
2020-10-30 10:47:20,AXP,89.59,2,ASK
2020-10-30 10:47:17,AXP,89.56,10,BID
2020-10-30 10:47:21,AXP,89.58,2,ASK
2020-10-30 10:47:17,AXP,89.56,11,BID
2020-10-30 10:47:22,AXP,89.61,10,ASK
2020-10-30 10:47:17,AXP,89.56,11,BID
2020-10-30 10:47:23,AXP,89.59,1,ASK
2020-10-30 10:47:24,AXP,89.58,2,BID
2020-10-30 10:47:24,AXP,89.62,6,ASK
2020-10-30 10:47:24,AXP,89.58,2,BID
2020-10-30 10:47:24,AXP,89.62,6,ASK
2020-10-30 10:47:24,AXP,89.6,5,BID
2020-10-30 10:47:24,AXP,89.64,3,ASK
2020-10-30 10:47:26,AXP,89.59,6,BID
2020-10-30 10:47:26,AXP,89.63,1,ASK
2020-10-30 10:47:26,AXP,89.59,6,BID
2020-10-30 10:47:27,AXP,89.63,3,ASK
2020-10-30 10:47:28,AXP,89.59,7,BID
2020-10-30 10:47:28,AXP,89.63,5,ASK
2020-10-30 10:47:29,AXP,89.58,5,BID
2020-10-30 10:47:29,AXP,89.63,3,ASK
2020-10-30 10:47:30,AXP,89.58,7,BID
2020-10-30 10:47:30,AXP,89.63,7,ASK
2020-10-30 10:47:30,AXP,89.58,9,BID
2020-10-30 10:47:31,AXP,89.63,7,ASK
2020-10-30 10:47:33,AXP,89.59,1,BID
2020-10-30 10:47:33,AXP,89.62,4,ASK
2020-10-30 10:47:34,AXP,89.58,8,BID
2020-10-30 10:47:34,AXP,89.62,4,ASK
2020-10-30 10:47:36,AXP,89.56,3,BID
2020-10-30 10:47:36,AXP,89.61,2,ASK
2020-10-30 10:47:37,AXP,89.54,1,BID
2020-10-30 10:47:37,AXP,89.58,2,ASK
2020-10-30 10:47:37,AXP,89.53,3,BID
2020-10-30 10:47:37,AXP,89.57,3,ASK
2020-10-30 10:47:38,AXP,89.54,3,BID
2020-10-30 10:47:38,AXP,89.57,2,ASK
2020-10-30 10:47:39,AXP,89.54,3,BID
2020-10-30 10:47:39,AXP,89.58,3,ASK
2020-10-30 10:47:40,AXP,89.54,5,BID
2020-10-30 10:47:38,AXP,89.59,7,ASK
2020-10-30 10:47:40,AXP,89.55,1,BID
2020-10-30 10:47:37,AXP,89.59,7,ASK
2020-10-30 10:47:41,AXP,89.56,3,BID
2020-10-30 10:47:34,AXP,89.62,4,ASK
2020-10-30 10:47:42,AXP,89.56,6,BID
2020-10-30 10:47:42,AXP,89.59,2,ASK
2020-10-30 10:47:40,AXP,89.54,4,BID
2020-10-30 10:47:43,AXP,89.58,6,ASK
2020-10-30 10:47:40,AXP,89.54,4,BID
2020-10-30 10:47:43,AXP,89.58,6,ASK
2020-10-30 10:47:45,AXP,89.54,5,BID
2020-10-30 10:47:45,AXP,89.57,4,ASK
2020-10-30 10:47:46,AXP,89.51,1,BID
2020-10-30 10:47:46,AXP,89.57,5,ASK
2020-10-30 10:47:47,AXP,89.52,3,BID
2020-10-30 10:47:47,AXP,89.56,3,ASK
2020-10-30 10:47:48,AXP,89.47,2,BID
2020-10-30 10:47:48,AXP,89.52,6,ASK
2020-10-30 10:47:49,AXP,89.48,3,BID
2020-10-30 10:47:49,AXP,89.51,3,ASK
2020-10-30 10:47:49,AXP,89.47,3,BID
2020-10-30 10:47:50,AXP,89.51,3,ASK
2020-10-30 10:47:02,AXP,89.45,14,BID
2020-10-30 10:47:51,AXP,89.49,2,ASK
2020-10-30 10:47:02,AXP,89.45,13,BID
2020-10-30 10:47:52,AXP,89.48,3,ASK
2020-10-30 10:47:52,AXP,89.43,1,BID
2020-10-30 10:47:52,AXP,89.48,3,ASK
2020-10-30 10:47:53,AXP,89.43,2,BID
2020-10-30 10:47:53,AXP,89.48,3,ASK
2020-10-30 10:47:54,AXP,89.44,3,BID
2020-10-30 10:47:54,AXP,89.48,5,ASK
2020-10-30 10:47:55,AXP,89.45,5,BID
2020-10-30 10:47:55,AXP,89.49,1,ASK
2020-10-30 10:47:55,AXP,89.45,5,BID
2020-10-30 10:47:55,AXP,89.49,6,ASK
2020-10-30 10:47:55,AXP,89.45,5,BID
2020-10-30 10:47:55,AXP,89.49,6,ASK
2020-10-30 10:47:57,AXP,89.45,5,BID
2020-10-30 10:47:57,AXP,89.49,8,ASK
2020-10-30 10:47:58,AXP,89.44,3,BID
2020-10-30 10:47:58,AXP,89.49,8,ASK
2020-10-30 10:47:58,AXP,89.44,3,BID
2020-10-30 10:47:59,AXP,89.49,7,ASK
2020-10-30 10:48:00,AXP,89.41,7,BID
2020-10-30 10:48:00,AXP,89.45,2,ASK
2020-10-30 10:48:00,AXP,89.41,7,BID
2020-10-30 10:48:00,AXP,89.45,2,ASK
2020-10-30 10:48:00,AXP,89.41,7,BID
2020-10-30 10:48:00,AXP,89.45,2,ASK
2020-10-30 10:48:00,AXP,89.41,7,BID
2020-10-30 10:48:00,AXP,89.45,2,ASK
2020-10-30 10:48:03,AXP,89.42,4,BID
2020-10-30 10:48:03,AXP,89.45,4,ASK
2020-10-30 10:48:04,AXP,89.42,8,BID
2020-10-30 10:48:05,AXP,89.45,4,ASK
2020-10-30 10:48:06,AXP,89.42,10,BID
2020-10-30 10:48:06,AXP,89.45,4,ASK
2020-10-30 10:48:07,AXP,89.42,11,BID
2020-10-30 10:48:07,AXP,89.45,3,ASK
2020-10-30 10:48:08,AXP,89.46,2,BID
2020-10-30 10:48:08,AXP,89.5,5,ASK
2020-10-30 10:48:09,AXP,89.46,2,BID
2020-10-30 10:48:09,AXP,89.5,4,ASK
2020-10-30 10:48:10,AXP,89.45,2,BID
2020-10-30 10:48:10,AXP,89.5,6,ASK
2020-10-30 10:48:12,AXP,89.45,4,BID
2020-10-30 10:48:10,AXP,89.5,6,ASK
2020-10-30 10:48:13,AXP,89.46,3,BID
2020-10-30 10:48:13,AXP,89.49,7,ASK
2020-10-30 10:48:15,AXP,89.46,1,BID
2020-10-30 10:48:15,AXP,89.49,7,ASK
2020-10-30 10:48:15,AXP,89.46,4,BID
2020-10-30 10:48:15,AXP,89.5,3,ASK
2020-10-30 10:48:16,AXP,89.45,9,BID
2020-10-30 10:48:16,AXP,89.49,4,ASK
2020-10-30 10:48:17,AXP,89.45,10,BID
2020-10-30 10:48:17,AXP,89.49,4,ASK
2020-10-30 10:48:18,AXP,89.46,4,BID
2020-10-30 10:48:18,AXP,89.49,3,ASK
2020-10-30 10:48:17,AXP,89.45,12,BID
2020-10-30 10:48:19,AXP,89.48,2,ASK
2020-10-30 10:48:20,AXP,89.42,12,BID
2020-10-30 10:48:21,AXP,89.46,2,ASK
2020-10-30 10:48:20,AXP,89.42,12,BID
2020-10-30 10:48:22,AXP,89.46,4,ASK
2020-10-30 10:48:20,AXP,89.42,12,BID
2020-10-30 10:48:23,AXP,89.47,9,ASK
2020-10-30 10:48:20,AXP,89.42,12,BID
2020-10-30 10:48:23,AXP,89.47,9,ASK
2020-10-30 10:48:20,AXP,89.42,12,BID
2020-10-30 10:48:23,AXP,89.47,9,ASK
2020-10-30 10:48:26,AXP,89.42,16,BID
2020-10-30 10:48:26,AXP,89.47,8,ASK
2020-10-30 10:48:28,AXP,89.42,16,BID
2020-10-30 10:48:26,AXP,89.47,8,ASK
2020-10-30 10:48:30,AXP,89.42,17,BID
2020-10-30 10:48:26,AXP,89.47,8,ASK
2020-10-30 10:48:31,AXP,89.42,17,BID
2020-10-30 10:48:31,AXP,89.47,10,ASK
2020-10-30 10:48:32,AXP,89.42,17,BID
2020-10-30 10:48:31,AXP,89.47,10,ASK
2020-10-30 10:48:33,AXP,89.42,17,BID
2020-10-30 10:48:31,AXP,89.47,10,ASK
2020-10-30 10:48:36,AXP,89.42,17,BID
2020-10-30 10:48:31,AXP,89.47,10,ASK
2020-10-30 10:48:37,AXP,89.42,17,BID
2020-10-30 10:48:37,AXP,89.47,11,ASK
2020-10-30 10:48:39,AXP,89.42,17,BID
2020-10-30 10:48:38,AXP,89.47,11,ASK
2020-10-30 10:48:41,AXP,89.43,3,BID
2020-10-30 10:48:38,AXP,89.47,11,ASK
2020-10-30 10:48:42,AXP,89.44,3,BID
2020-10-30 10:48:38,AXP,89.47,11,ASK
2020-10-30 10:48:43,AXP,89.44,3,BID
2020-10-30 10:48:38,AXP,89.47,11,ASK
2020-10-30 10:48:44,AXP,89.44,3,BID
2020-10-30 10:48:38,AXP,89.47,11,ASK
2020-10-30 10:48:46,AXP,89.43,3,BID
2020-10-30 10:48:46,AXP,89.46,3,ASK
2020-10-30 10:48:47,AXP,89.43,2,BID
2020-10-30 10:48:47,AXP,89.45,2,ASK
2020-10-30 10:48:49,AXP,89.42,1,BID
2020-10-30 10:48:49,AXP,89.46,5,ASK
2020-10-30 10:48:50,AXP,89.42,2,BID
2020-10-30 10:48:50,AXP,89.46,7,ASK
2020-10-30 10:48:52,AXP,89.42,4,BID
2020-10-30 10:48:52,AXP,89.46,6,ASK
2020-10-30 10:48:53,AXP,89.42,6,BID
2020-10-30 10:48:53,AXP,89.46,6,ASK
2020-10-30 10:48:53,AXP,89.42,6,BID
2020-10-30 10:48:55,AXP,89.46,6,ASK
2020-10-30 10:48:56,AXP,89.41,8,BID
2020-10-30 10:48:56,AXP,89.45,7,ASK
2020-10-30 10:48:58,AXP,89.38,10,BID
2020-10-30 10:48:58,AXP,89.41,1,ASK
2020-10-30 10:48:58,AXP,89.38,10,BID
2020-10-30 10:48:58,AXP,89.41,2,ASK
2020-10-30 10:49:00,AXP,89.35,2,BID
2020-10-30 10:49:00,AXP,89.38,2,ASK
2020-10-30 10:49:00,AXP,89.35,1,BID
2020-10-30 10:49:00,AXP,89.38,2,ASK
2020-10-30 10:49:00,AXP,89.35,1,BID
2020-10-30 10:49:00,AXP,89.38,2,ASK
2020-10-30 10:49:00,AXP,89.35,1,BID
2020-10-30 10:49:00,AXP,89.38,2,ASK
2020-10-30 10:49:00,AXP,89.35,1,BID
2020-10-30 10:49:00,AXP,89.38,2,ASK
2020-10-30 10:49:00,AXP,89.35,1,BID
2020-10-30 10:49:00,AXP,89.38,2,ASK
2020-10-30 10:49:00,AXP,89.35,1,BID
2020-10-30 10:49:00,AXP,89.38,2,ASK
2020-10-30 10:49:00,AXP,89.35,1,BID
2020-10-30 10:49:00,AXP,89.38,2,ASK
2020-10-30 10:49:00,AXP,89.35,1,BID
2020-10-30 10:49:00,AXP,89.38,2,ASK
2020-10-30 10:49:00,AXP,89.35,1,BID
2020-10-30 10:49:00,AXP,89.38,2,ASK
2020-10-30 10:49:00,AXP,89.35,1,BID
2020-10-30 10:49:00,AXP,89.38,2,ASK
2020-10-30 10:49:00,AXP,89.35,1,BID
2020-10-30 10:49:00,AXP,89.38,2,ASK
2020-10-30 10:49:00,AXP,89.35,1,BID
2020-10-30 10:49:00,AXP,89.38,2,ASK
2020-10-30 10:49:00,AXP,89.35,1,BID
2020-10-30 10:49:00,AXP,89.38,2,ASK
2020-10-30 10:49:00,AXP,89.35,1,BID
2020-10-30 10:49:00,AXP,89.38,2,ASK
2020-10-30 10:49:00,AXP,89.35,1,BID
2020-10-30 10:49:00,AXP,89.38,2,ASK
2020-10-30 10:49:00,AXP,89.35,1,BID
2020-10-30 10:49:00,AXP,89.38,2,ASK
2020-10-30 10:49:00,AXP,89.35,1,BID
2020-10-30 10:49:00,AXP,89.38,2,ASK
2020-10-30 10:49:00,AXP,89.35,1,BID
2020-10-30 10:49:00,AXP,89.38,2,ASK
2020-10-30 10:49:00,AXP,89.35,1,BID
2020-10-30 10:49:00,AXP,89.38,2,ASK
2020-10-30 10:49:00,AXP,89.35,1,BID
2020-10-30 10:49:00,AXP,89.38,2,ASK
2020-10-30 10:49:00,AXP,89.35,1,BID
2020-10-30 10:49:00,AXP,89.38,2,ASK
2020-10-30 10:49:00,AXP,89.35,1,BID
2020-10-30 10:49:00,AXP,89.38,2,ASK
2020-10-30 10:49:00,AXP,89.35,1,BID
2020-10-30 10:49:00,AXP,89.38,2,ASK
2020-10-30 10:49:00,AXP,89.35,1,BID
2020-10-30 10:49:00,AXP,89.38,2,ASK
2020-10-30 10:49:00,AXP,89.35,1,BID
2020-10-30 10:49:00,AXP,89.38,2,ASK
2020-10-30 10:49:00,AXP,89.35,1,BID
2020-10-30 10:49:00,AXP,89.38,2,ASK
2020-10-30 10:49:00,AXP,89.35,1,BID
2020-10-30 10:49:00,AXP,89.38,2,ASK
2020-10-30 10:49:08,AXP,89.44,7,BID
2020-10-30 10:48:55,AXP,89.46,4,ASK
2020-10-30 10:49:10,AXP,89.45,3,BID
2020-10-30 10:49:10,AXP,89.49,8,ASK
2020-10-30 10:49:12,AXP,89.46,1,BID
2020-10-30 10:49:10,AXP,89.49,8,ASK
2020-10-30 10:49:12,AXP,89.46,5,BID
2020-10-30 10:49:12,AXP,89.53,8,ASK
2020-10-30 10:49:12,AXP,89.46,4,BID
2020-10-30 10:49:13,AXP,89.52,3,ASK
2020-10-30 10:49:14,AXP,89.46,5,BID
2020-10-30 10:49:14,AXP,89.5,7,ASK
2020-10-30 10:49:15,AXP,89.5,5,BID
2020-10-30 10:49:15,AXP,89.54,10,ASK
2020-10-30 10:49:16,AXP,89.51,8,BID
2020-10-30 10:49:16,AXP,89.54,11,ASK
2020-10-30 10:49:17,AXP,89.51,8,BID
2020-10-30 10:49:17,AXP,89.55,12,ASK
2020-10-30 10:49:17,AXP,89.51,8,BID
2020-10-30 10:49:17,AXP,89.55,12,ASK
2020-10-30 10:49:19,AXP,89.48,1,BID
2020-10-30 10:49:19,AXP,89.51,3,ASK
2020-10-30 10:49:20,AXP,89.48,2,BID
2020-10-30 10:49:20,AXP,89.51,4,ASK
2020-10-30 10:49:20,AXP,89.48,2,BID
2020-10-30 10:49:20,AXP,89.51,4,ASK
2020-10-30 10:49:23,AXP,89.51,1,BID
2020-10-30 10:49:23,AXP,89.53,2,ASK
2020-10-30 10:49:24,AXP,89.48,4,BID
2020-10-30 10:49:24,AXP,89.51,4,ASK
2020-10-30 10:49:26,AXP,89.5,3,BID
2020-10-30 10:49:26,AXP,89.53,2,ASK
2020-10-30 10:49:27,AXP,89.52,2,BID
2020-10-30 10:49:27,AXP,89.55,12,ASK
2020-10-30 10:49:29,AXP,89.5,2,BID
2020-10-30 10:49:29,AXP,89.55,12,ASK
2020-10-30 10:49:31,AXP,89.5,4,BID
2020-10-30 10:49:31,AXP,89.55,12,ASK
2020-10-30 10:49:31,AXP,89.5,5,BID
2020-10-30 10:49:31,AXP,89.55,10,ASK
2020-10-30 10:49:32,AXP,89.5,5,BID
2020-10-30 10:49:32,AXP,89.55,10,ASK
2020-10-30 10:49:32,AXP,89.5,5,BID
2020-10-30 10:49:32,AXP,89.55,10,ASK
2020-10-30 10:49:32,AXP,89.5,5,BID
2020-10-30 10:49:32,AXP,89.55,10,ASK
2020-10-30 10:49:32,AXP,89.5,5,BID
2020-10-30 10:49:32,AXP,89.55,10,ASK
2020-10-30 10:49:32,AXP,89.5,5,BID
2020-10-30 10:49:32,AXP,89.55,10,ASK
2020-10-30 10:49:32,AXP,89.5,5,BID
2020-10-30 10:49:32,AXP,89.55,10,ASK
2020-10-30 10:49:37,AXP,89.5,5,BID
2020-10-30 10:49:37,AXP,89.53,2,ASK
2020-10-30 10:49:37,AXP,89.5,4,BID
2020-10-30 10:49:32,AXP,89.55,10,ASK
2020-10-30 10:49:37,AXP,89.5,4,BID
2020-10-30 10:49:32,AXP,89.55,10,ASK
2020-10-30 10:49:38,AXP,89.5,4,BID
2020-10-30 10:49:38,AXP,89.53,3,ASK
2020-10-30 10:49:39,AXP,89.5,2,BID
2020-10-30 10:49:39,AXP,89.53,3,ASK
2020-10-30 10:49:32,AXP,89.48,4,BID
2020-10-30 10:49:40,AXP,89.52,4,ASK
2020-10-30 10:49:42,AXP,89.48,6,BID
2020-10-30 10:49:42,AXP,89.51,4,ASK
2020-10-30 10:49:44,AXP,89.45,2,BID
2020-10-30 10:49:44,AXP,89.48,6,ASK
2020-10-30 10:49:46,AXP,89.45,9,BID
2020-10-30 10:49:46,AXP,89.51,3,ASK
2020-10-30 10:49:48,AXP,89.46,4,BID
2020-10-30 10:49:48,AXP,89.49,4,ASK
2020-10-30 10:49:49,AXP,89.47,4,BID
2020-10-30 10:49:49,AXP,89.51,3,ASK
2020-10-30 10:49:49,AXP,89.47,7,BID
2020-10-30 10:49:49,AXP,89.51,3,ASK
2020-10-30 10:49:50,AXP,89.47,8,BID
2020-10-30 10:49:51,AXP,89.51,3,ASK
2020-10-30 10:49:50,AXP,89.47,8,BID
2020-10-30 10:49:51,AXP,89.51,3,ASK
2020-10-30 10:49:53,AXP,89.47,9,BID
2020-10-30 10:49:53,AXP,89.51,4,ASK
2020-10-30 10:49:54,AXP,89.45,1,BID
2020-10-30 10:49:54,AXP,89.47,2,ASK
2020-10-30 10:49:43,AXP,89.43,8,BID
2020-10-30 10:49:55,AXP,89.47,4,ASK
2020-10-30 10:49:57,AXP,89.43,9,BID
2020-10-30 10:49:57,AXP,89.47,3,ASK
2020-10-30 10:49:58,AXP,89.43,9,BID
2020-10-30 10:49:59,AXP,89.47,1,ASK
2020-10-30 10:50:00,AXP,89.44,2,BID
2020-10-30 10:50:00,AXP,89.48,5,ASK
2020-10-30 10:50:01,AXP,89.45,3,BID
2020-10-30 10:50:01,AXP,89.5,2,ASK
2020-10-30 10:50:01,AXP,89.46,3,BID
2020-10-30 10:50:01,AXP,89.5,2,ASK
2020-10-30 10:50:01,AXP,89.44,6,BID
2020-10-30 10:50:02,AXP,89.49,3,ASK
2020-10-30 10:50:03,AXP,89.44,7,BID
2020-10-30 10:50:03,AXP,89.49,3,ASK
2020-10-30 10:50:00,AXP,89.43,10,BID
2020-10-30 10:50:04,AXP,89.47,3,ASK
2020-10-30 10:50:04,AXP,89.4,3,BID
2020-10-30 10:50:04,AXP,89.45,2,ASK
2020-10-30 10:50:06,AXP,89.44,2,BID
2020-10-30 10:50:06,AXP,89.46,3,ASK
2020-10-30 10:50:07,AXP,89.41,2,BID
2020-10-30 10:50:07,AXP,89.45,4,ASK
2020-10-30 10:50:07,AXP,89.41,2,BID
2020-10-30 10:50:07,AXP,89.45,4,ASK
2020-10-30 10:50:08,AXP,89.41,3,BID
2020-10-30 10:50:07,AXP,89.45,5,ASK
2020-10-30 10:50:08,AXP,89.41,4,BID
2020-10-30 10:50:08,AXP,89.45,5,ASK
2020-10-30 10:50:09,AXP,89.42,4,BID
2020-10-30 10:50:09,AXP,89.45,6,ASK
2020-10-30 10:50:10,AXP,89.42,4,BID
2020-10-30 10:50:10,AXP,89.47,1,ASK
2020-10-30 10:50:12,AXP,89.43,2,BID
2020-10-30 10:50:12,AXP,89.47,2,ASK
2020-10-30 10:50:12,AXP,89.43,6,BID
2020-10-30 10:50:12,AXP,89.48,8,ASK
2020-10-30 10:50:12,AXP,89.43,6,BID
2020-10-30 10:50:12,AXP,89.48,8,ASK
2020-10-30 10:50:14,AXP,89.44,5,BID
2020-10-30 10:50:14,AXP,89.49,4,ASK
2020-10-30 10:50:16,AXP,89.45,11,BID
2020-10-30 10:50:16,AXP,89.52,5,ASK
2020-10-30 10:50:16,AXP,89.45,11,BID
2020-10-30 10:50:16,AXP,89.52,5,ASK
2020-10-30 10:50:17,AXP,89.47,2,BID
2020-10-30 10:50:17,AXP,89.5,3,ASK
2020-10-30 10:50:19,AXP,89.47,3,BID
2020-10-30 10:50:19,AXP,89.5,2,ASK
2020-10-30 10:50:21,AXP,89.47,7,BID
2020-10-30 10:50:21,AXP,89.5,2,ASK
2020-10-30 10:50:21,AXP,89.47,6,BID
2020-10-30 10:50:22,AXP,89.5,3,ASK
2020-10-30 10:50:23,AXP,89.46,5,BID
2020-10-30 10:50:24,AXP,89.49,3,ASK
2020-10-30 10:50:25,AXP,89.46,6,BID
2020-10-30 10:50:26,AXP,89.49,3,ASK
2020-10-30 10:50:26,AXP,89.47,6,BID
2020-10-30 10:50:26,AXP,89.49,1,ASK
2020-10-30 10:50:27,AXP,89.47,6,BID
2020-10-30 10:50:26,AXP,89.5,3,ASK
2020-10-30 10:50:25,AXP,89.46,6,BID
2020-10-30 10:50:28,AXP,89.49,4,ASK
2020-10-30 10:50:25,AXP,89.46,6,BID
2020-10-30 10:50:28,AXP,89.49,4,ASK
2020-10-30 10:50:25,AXP,89.46,7,BID
2020-10-30 10:50:31,AXP,89.5,4,ASK
2020-10-30 10:50:25,AXP,89.46,8,BID
2020-10-30 10:50:33,AXP,89.52,5,ASK
2020-10-30 10:50:33,AXP,89.49,3,BID
2020-10-30 10:49:32,AXP,89.55,10,ASK
2020-10-30 10:50:33,AXP,89.49,3,BID
2020-10-30 10:49:32,AXP,89.55,10,ASK
2020-10-30 10:50:34,AXP,89.54,4,BID
2020-10-30 10:50:34,AXP,89.56,1,ASK
2020-10-30 10:50:35,AXP,89.51,2,BID
2020-10-30 10:50:35,AXP,89.55,4,ASK
2020-10-30 10:50:36,AXP,89.51,3,BID
2020-10-30 10:50:36,AXP,89.55,5,ASK
2020-10-30 10:50:38,AXP,89.5,3,BID
2020-10-30 10:50:38,AXP,89.54,9,ASK
2020-10-30 10:50:40,AXP,89.47,1,BID
2020-10-30 10:50:40,AXP,89.52,2,ASK
2020-10-30 10:50:41,AXP,89.47,1,BID
2020-10-30 10:50:41,AXP,89.52,6,ASK
2020-10-30 10:50:43,AXP,89.47,5,BID
2020-10-30 10:50:43,AXP,89.53,4,ASK
2020-10-30 10:50:43,AXP,89.48,3,BID
2020-10-30 10:50:43,AXP,89.53,5,ASK
2020-10-30 10:50:45,AXP,89.48,5,BID
2020-10-30 10:50:45,AXP,89.52,2,ASK
2020-10-30 10:50:47,AXP,89.49,1,BID
2020-10-30 10:50:47,AXP,89.52,4,ASK
2020-10-30 10:50:49,AXP,89.48,6,BID
2020-10-30 10:50:49,AXP,89.52,4,ASK
2020-10-30 10:50:50,AXP,89.48,6,BID
2020-10-30 10:50:50,AXP,89.52,4,ASK
2020-10-30 10:50:52,AXP,89.48,6,BID
2020-10-30 10:50:52,AXP,89.52,4,ASK
2020-10-30 10:50:52,AXP,89.48,6,BID
2020-10-30 10:50:52,AXP,89.52,4,ASK
2020-10-30 10:50:56,AXP,89.49,3,BID
2020-10-30 10:50:56,AXP,89.51,5,ASK
2020-10-30 10:50:57,AXP,89.51,6,BID
2020-10-30 10:50:57,AXP,89.55,7,ASK
2020-10-30 10:50:57,AXP,89.51,8,BID
2020-10-30 10:50:57,AXP,89.55,7,ASK
2020-10-30 10:50:58,AXP,89.49,4,BID
2020-10-30 10:50:58,AXP,89.53,3,ASK
2020-10-30 10:50:59,AXP,89.52,3,BID
2020-10-30 10:50:57,AXP,89.55,5,ASK
2020-10-30 10:51:00,AXP,89.52,11,BID
2020-10-30 10:50:59,AXP,89.58,9,ASK
2020-10-30 10:51:01,AXP,89.52,10,BID
2020-10-30 10:50:59,AXP,89.58,9,ASK
2020-10-30 10:51:02,AXP,89.53,4,BID
2020-10-30 10:50:59,AXP,89.58,8,ASK
2020-10-30 10:51:03,AXP,89.57,2,BID
2020-10-30 10:51:03,AXP,89.63,13,ASK
2020-10-30 10:51:03,AXP,89.57,2,BID
2020-10-30 10:51:03,AXP,89.62,1,ASK
2020-10-30 10:51:04,AXP,89.62,1,BID
2020-10-30 10:51:04,AXP,89.65,8,ASK
2020-10-30 10:51:04,AXP,89.6,7,BID
2020-10-30 10:51:05,AXP,89.64,3,ASK
2020-10-30 10:51:04,AXP,89.6,7,BID
2020-10-30 10:51:05,AXP,89.64,3,ASK
2020-10-30 10:51:06,AXP,89.57,6,BID
2020-10-30 10:51:06,AXP,89.61,1,ASK
2020-10-30 10:51:07,AXP,89.57,5,BID
2020-10-30 10:51:07,AXP,89.61,4,ASK
2020-10-30 10:51:09,AXP,89.57,5,BID
2020-10-30 10:51:09,AXP,89.6,2,ASK
2020-10-30 10:51:09,AXP,89.57,5,BID
2020-10-30 10:51:09,AXP,89.6,2,ASK
2020-10-30 10:51:13,AXP,89.54,1,BID
2020-10-30 10:51:13,AXP,89.58,4,ASK
2020-10-30 10:51:01,AXP,89.52,9,BID
2020-10-30 10:51:14,AXP,89.58,4,ASK
2020-10-30 10:51:01,AXP,89.52,9,BID
2020-10-30 10:51:15,AXP,89.58,4,ASK
2020-10-30 10:51:01,AXP,89.52,9,BID
2020-10-30 10:51:15,AXP,89.58,4,ASK
2020-10-30 10:51:19,AXP,89.55,1,BID
2020-10-30 10:51:19,AXP,89.58,4,ASK
2020-10-30 10:51:19,AXP,89.58,9,BID
2020-10-30 10:51:19,AXP,89.63,5,ASK
2020-10-30 10:51:20,AXP,89.59,6,BID
2020-10-30 10:51:20,AXP,89.63,5,ASK
2020-10-30 10:51:20,AXP,89.6,4,BID
2020-10-30 10:51:20,AXP,89.63,5,ASK
2020-10-30 10:51:20,AXP,89.6,4,BID
2020-10-30 10:51:20,AXP,89.63,5,ASK
2020-10-30 10:51:20,AXP,89.59,1,BID
2020-10-30 10:51:20,AXP,89.63,5,ASK
2020-10-30 10:51:21,AXP,89.58,10,BID
2020-10-30 10:51:21,AXP,89.62,4,ASK
2020-10-30 10:51:22,AXP,89.55,4,BID
2020-10-30 10:51:22,AXP,89.59,5,ASK
2020-10-30 10:51:22,AXP,89.58,1,BID
2020-10-30 10:51:22,AXP,89.62,9,ASK
2020-10-30 10:51:23,AXP,89.58,2,BID
2020-10-30 10:51:23,AXP,89.62,9,ASK
2020-10-30 10:51:23,AXP,89.58,2,BID
2020-10-30 10:51:23,AXP,89.62,9,ASK
2020-10-30 10:51:23,AXP,89.58,2,BID
2020-10-30 10:51:23,AXP,89.62,9,ASK
2020-10-30 10:51:23,AXP,89.58,2,BID
2020-10-30 10:51:23,AXP,89.62,9,ASK
2020-10-30 10:51:23,AXP,89.58,2,BID
2020-10-30 10:51:23,AXP,89.62,9,ASK
2020-10-30 10:51:23,AXP,89.58,2,BID
2020-10-30 10:51:23,AXP,89.62,9,ASK
2020-10-30 10:51:23,AXP,89.58,2,BID
2020-10-30 10:51:23,AXP,89.62,9,ASK
2020-10-30 10:51:23,AXP,89.58,2,BID
2020-10-30 10:51:23,AXP,89.62,9,ASK
2020-10-30 10:51:23,AXP,89.58,2,BID
2020-10-30 10:51:23,AXP,89.62,9,ASK
2020-10-30 10:51:23,AXP,89.58,2,BID
2020-10-30 10:51:23,AXP,89.62,9,ASK
2020-10-30 10:51:23,AXP,89.58,2,BID
2020-10-30 10:51:23,AXP,89.62,9,ASK
2020-10-30 10:51:23,AXP,89.58,2,BID
2020-10-30 10:51:23,AXP,89.62,9,ASK
2020-10-30 10:51:23,AXP,89.58,2,BID
2020-10-30 10:51:23,AXP,89.62,9,ASK
2020-10-30 10:51:23,AXP,89.58,2,BID
2020-10-30 10:51:23,AXP,89.62,9,ASK
2020-10-30 10:51:23,AXP,89.58,2,BID
2020-10-30 10:51:23,AXP,89.62,9,ASK
2020-10-30 10:51:23,AXP,89.58,2,BID
2020-10-30 10:51:23,AXP,89.62,9,ASK
2020-10-30 10:51:23,AXP,89.58,2,BID
2020-10-30 10:51:23,AXP,89.62,9,ASK
2020-10-30 10:51:23,AXP,89.58,2,BID
2020-10-30 10:51:23,AXP,89.62,9,ASK
2020-10-30 10:51:23,AXP,89.58,2,BID
2020-10-30 10:51:23,AXP,89.62,9,ASK
2020-10-30 10:51:23,AXP,89.58,2,BID
2020-10-30 10:51:23,AXP,89.62,9,ASK
2020-10-30 10:51:23,AXP,89.58,2,BID
2020-10-30 10:51:21,AXP,89.62,9,ASK
2020-10-30 10:51:23,AXP,89.58,2,BID
2020-10-30 10:51:21,AXP,89.62,9,ASK
2020-10-30 10:51:23,AXP,89.58,2,BID
2020-10-30 10:51:21,AXP,89.62,9,ASK
2020-10-30 10:51:23,AXP,89.58,2,BID
2020-10-30 10:51:21,AXP,89.62,9,ASK
2020-10-30 10:51:23,AXP,89.58,2,BID
2020-10-30 10:51:21,AXP,89.62,9,ASK
2020-10-30 10:51:23,AXP,89.58,2,BID
2020-10-30 10:51:21,AXP,89.62,9,ASK
2020-10-30 10:51:23,AXP,89.58,2,BID
2020-10-30 10:51:21,AXP,89.62,9,ASK
2020-10-30 10:51:35,AXP,89.6,8,BID
2020-10-30 10:51:35,AXP,89.65,8,ASK
2020-10-30 10:51:36,AXP,89.6,11,BID
2020-10-30 10:51:36,AXP,89.65,8,ASK
2020-10-30 10:51:36,AXP,89.6,8,BID
2020-10-30 10:51:37,AXP,89.65,8,ASK
2020-10-30 10:51:39,AXP,89.61,3,BID
2020-10-30 10:51:39,AXP,89.65,8,ASK
2020-10-30 10:51:40,AXP,89.61,5,BID
2020-10-30 10:51:40,AXP,89.65,8,ASK
2020-10-30 10:51:40,AXP,89.6,11,BID
2020-10-30 10:51:41,AXP,89.65,7,ASK
