timestamp,ticker,price,volume,bid_ask
2020-10-30 10:31:14,BA,144.43,8,BID
2020-10-30 10:31:26,BA,144.49,3,ASK
2020-10-30 10:31:27,BA,144.43,16,BID
2020-10-30 10:31:27,BA,144.48,3,ASK
2020-10-30 10:31:29,BA,144.44,10,BID
2020-10-30 10:31:29,BA,144.54,5,ASK
2020-10-30 10:31:30,BA,144.49,2,BID
2020-10-30 10:31:30,BA,144.54,1,ASK
2020-10-30 10:31:31,BA,144.51,6,BID
2020-10-30 10:31:30,BA,144.58,7,ASK
2020-10-30 10:31:32,BA,144.51,6,BID
2020-10-30 10:31:30,BA,144.58,6,ASK
2020-10-30 10:31:32,BA,144.51,1,BID
2020-10-30 10:31:32,BA,144.57,1,ASK
2020-10-30 10:31:33,BA,144.51,2,BID
2020-10-30 10:31:33,BA,144.57,2,ASK
2020-10-30 10:31:34,BA,144.51,5,BID
2020-10-30 10:31:34,BA,144.61,3,ASK
2020-10-30 10:31:36,BA,144.53,2,BID
2020-10-30 10:31:36,BA,144.6,2,ASK
2020-10-30 10:31:36,BA,144.58,10,BID
2020-10-30 10:31:36,BA,144.68,2,ASK
2020-10-30 10:31:36,BA,144.58,10,BID
2020-10-30 10:31:38,BA,144.68,2,ASK
2020-10-30 10:31:38,BA,144.58,9,BID
2020-10-30 10:31:39,BA,144.68,3,ASK
2020-10-30 10:31:38,BA,144.58,9,BID
2020-10-30 10:31:40,BA,144.68,3,ASK
2020-10-30 10:31:38,BA,144.58,9,BID
2020-10-30 10:31:40,BA,144.68,3,ASK
2020-10-30 10:31:41,BA,144.58,12,BID
2020-10-30 10:31:41,BA,144.68,3,ASK
2020-10-30 10:31:43,BA,144.58,12,BID
2020-10-30 10:31:43,BA,144.68,5,ASK
2020-10-30 10:31:43,BA,144.58,12,BID
2020-10-30 10:31:43,BA,144.68,6,ASK
2020-10-30 10:31:45,BA,144.51,11,BID
2020-10-30 10:31:45,BA,144.58,3,ASK
2020-10-30 10:31:46,BA,144.48,11,BID
2020-10-30 10:31:46,BA,144.51,4,ASK
2020-10-30 10:31:47,BA,144.48,6,BID
2020-10-30 10:31:47,BA,144.58,4,ASK
2020-10-30 10:31:47,BA,144.44,10,BID
2020-10-30 10:31:47,BA,144.51,3,ASK
2020-10-30 10:31:48,BA,144.44,11,BID
2020-10-30 10:31:48,BA,144.5,1,ASK
2020-10-30 10:31:49,BA,144.37,8,BID
2020-10-30 10:31:49,BA,144.4,2,ASK
2020-10-30 10:31:51,BA,144.37,8,BID
2020-10-30 10:31:51,BA,144.48,1,ASK
2020-10-30 10:31:52,BA,144.37,10,BID
2020-10-30 10:31:52,BA,144.47,1,ASK
2020-10-30 10:31:53,BA,144.38,1,BID
2020-10-30 10:31:53,BA,144.49,3,ASK
2020-10-30 10:31:54,BA,144.4,3,BID
2020-10-30 10:31:54,BA,144.49,3,ASK
2020-10-30 10:31:54,BA,144.4,3,BID
2020-10-30 10:31:54,BA,144.49,3,ASK
2020-10-30 10:31:56,BA,144.4,3,BID
2020-10-30 10:31:56,BA,144.48,3,ASK
2020-10-30 10:31:53,BA,144.37,10,BID
2020-10-30 10:31:57,BA,144.46,1,ASK
2020-10-30 10:31:53,BA,144.37,10,BID
2020-10-30 10:31:58,BA,144.44,4,ASK
2020-10-30 10:31:53,BA,144.37,10,BID
2020-10-30 10:31:58,BA,144.47,1,ASK
2020-10-30 10:32:00,BA,144.38,10,BID
2020-10-30 10:32:00,BA,144.44,2,ASK
2020-10-30 10:32:00,BA,144.32,5,BID
2020-10-30 10:32:00,BA,144.37,2,ASK
2020-10-30 10:32:00,BA,144.32,3,BID
2020-10-30 10:32:00,BA,144.37,2,ASK
2020-10-30 10:32:01,BA,144.28,1,BID
2020-10-30 10:32:01,BA,144.38,4,ASK
2020-10-30 10:32:01,BA,144.26,12,BID
2020-10-30 10:32:01,BA,144.38,3,ASK
2020-10-30 10:30:08,BA,144.25,16,BID
2020-10-30 10:32:02,BA,144.35,3,ASK
2020-10-30 10:32:02,BA,144.22,1,BID
2020-10-30 10:32:02,BA,144.28,3,ASK
2020-10-30 10:32:03,BA,144.2,25,BID
2020-10-30 10:32:03,BA,144.26,1,ASK
2020-10-30 10:32:03,BA,144.2,14,BID
2020-10-30 10:32:03,BA,144.25,2,ASK
2020-10-30 10:32:04,BA,144.2,14,BID
2020-10-30 10:32:02,BA,144.28,3,ASK
2020-10-30 10:32:05,BA,144.2,13,BID
2020-10-30 10:32:02,BA,144.28,3,ASK
2020-10-30 10:32:06,BA,144.2,17,BID
2020-10-30 10:32:06,BA,144.31,2,ASK
2020-10-30 10:32:07,BA,144.2,13,BID
2020-10-30 10:32:08,BA,144.31,2,ASK
2020-10-30 10:32:07,BA,144.2,13,BID
2020-10-30 10:32:09,BA,144.29,1,ASK
2020-10-30 10:32:07,BA,144.2,13,BID
2020-10-30 10:32:09,BA,144.29,2,ASK
2020-10-30 10:32:11,BA,144.2,14,BID
2020-10-30 10:32:11,BA,144.28,2,ASK
2020-10-30 10:32:12,BA,144.14,1,BID
2020-10-30 10:32:12,BA,144.18,1,ASK
2020-10-30 10:32:12,BA,144.16,2,BID
2020-10-30 10:32:12,BA,144.24,2,ASK
2020-10-30 10:32:13,BA,144.16,6,BID
2020-10-30 10:32:13,BA,144.26,3,ASK
2020-10-30 10:32:15,BA,144.16,5,BID
2020-10-30 10:32:14,BA,144.26,2,ASK
2020-10-30 10:32:16,BA,144.16,5,BID
2020-10-30 10:32:16,BA,144.26,3,ASK
2020-10-30 10:32:17,BA,144.16,5,BID
2020-10-30 10:32:17,BA,144.21,2,ASK
2020-10-30 10:32:19,BA,144.11,10,BID
2020-10-30 10:32:19,BA,144.19,2,ASK
2020-10-30 10:32:19,BA,144.11,1,BID
2020-10-30 10:32:19,BA,144.16,1,ASK
2020-10-30 10:32:19,BA,144.1,18,BID
2020-10-30 10:32:20,BA,144.18,2,ASK
2020-10-30 10:32:19,BA,144.1,17,BID
2020-10-30 10:32:20,BA,144.15,1,ASK
2020-10-30 10:32:19,BA,144.1,17,BID
2020-10-30 10:32:20,BA,144.15,1,ASK
2020-10-30 10:32:21,BA,144.1,18,BID
2020-10-30 10:32:21,BA,144.14,2,ASK
2020-10-30 10:32:21,BA,144.1,18,BID
2020-10-30 10:32:21,BA,144.14,2,ASK
2020-10-30 10:32:22,BA,144.1,18,BID
2020-10-30 10:32:22,BA,144.14,2,ASK
2020-10-30 10:32:22,BA,144.1,18,BID
2020-10-30 10:32:22,BA,144.14,2,ASK
2020-10-30 10:32:23,BA,144.1,21,BID
2020-10-30 10:32:23,BA,144.14,2,ASK
2020-10-30 10:32:24,BA,144.06,1,BID
2020-10-30 10:32:24,BA,144.1,6,ASK
2020-10-30 10:32:24,BA,144.01,6,BID
2020-10-30 10:32:24,BA,144.05,1,ASK
2020-10-30 10:32:25,BA,143.97,5,BID
2020-10-30 10:32:25,BA,144.01,1,ASK
2020-10-30 10:32:25,BA,143.95,3,BID
2020-10-30 10:32:25,BA,144.03,5,ASK
2020-10-30 10:32:25,BA,143.96,1,BID
2020-10-30 10:32:25,BA,144.05,1,ASK
2020-10-30 10:32:26,BA,143.91,1,BID
2020-10-30 10:32:26,BA,144.0,3,ASK
2020-10-30 10:32:26,BA,143.84,1,BID
2020-10-30 10:32:26,BA,143.91,20,ASK
2020-10-30 10:32:27,BA,143.8,7,BID
2020-10-30 10:32:27,BA,143.93,1,ASK
2020-10-30 10:32:27,BA,143.8,8,BID
2020-10-30 10:32:27,BA,143.93,6,ASK
2020-10-30 10:32:27,BA,143.8,8,BID
2020-10-30 10:32:27,BA,143.92,3,ASK
2020-10-30 10:32:28,BA,143.88,3,BID
2020-10-30 10:32:28,BA,143.99,3,ASK
2020-10-30 10:32:28,BA,143.88,3,BID
2020-10-30 10:32:28,BA,143.99,3,ASK
2020-10-30 10:32:31,BA,143.89,1,BID
2020-10-30 10:32:31,BA,143.97,2,ASK
2020-10-30 10:32:31,BA,143.88,4,BID
2020-10-30 10:32:31,BA,143.97,3,ASK
2020-10-30 10:32:31,BA,143.92,3,BID
2020-10-30 10:32:31,BA,144.02,8,ASK
2020-10-30 10:32:31,BA,143.92,2,BID
2020-10-30 10:32:31,BA,144.02,9,ASK
2020-10-30 10:32:32,BA,143.97,1,BID
2020-10-30 10:32:31,BA,144.02,9,ASK
2020-10-30 10:32:33,BA,143.97,3,BID
2020-10-30 10:32:24,BA,144.09,10,ASK
2020-10-30 10:32:34,BA,143.97,3,BID
2020-10-30 10:32:34,BA,144.07,3,ASK
2020-10-30 10:32:35,BA,143.98,1,BID
2020-10-30 10:32:35,BA,144.09,10,ASK
2020-10-30 10:32:36,BA,143.97,6,BID
2020-10-30 10:32:36,BA,144.05,1,ASK
2020-10-30 10:32:37,BA,143.93,1,BID
2020-10-30 10:32:37,BA,143.99,2,ASK
2020-10-30 10:32:38,BA,143.86,1,BID
2020-10-30 10:32:38,BA,143.97,1,ASK
2020-10-30 10:32:38,BA,143.85,5,BID
2020-10-30 10:32:38,BA,143.96,1,ASK
2020-10-30 10:32:39,BA,143.9,2,BID
2020-10-30 10:32:39,BA,143.97,3,ASK
2020-10-30 10:32:40,BA,143.9,3,BID
2020-10-30 10:32:40,BA,143.97,4,ASK
2020-10-30 10:32:41,BA,143.9,3,BID
2020-10-30 10:32:41,BA,143.97,2,ASK
2020-10-30 10:32:43,BA,143.9,5,BID
2020-10-30 10:32:43,BA,143.95,1,ASK
2020-10-30 10:32:44,BA,143.9,5,BID
2020-10-30 10:32:42,BA,143.99,10,ASK
2020-10-30 10:32:44,BA,143.9,5,BID
2020-10-30 10:32:44,BA,143.97,1,ASK
2020-10-30 10:32:45,BA,143.9,5,BID
2020-10-30 10:32:45,BA,143.96,2,ASK
2020-10-30 10:32:45,BA,143.89,1,BID
2020-10-30 10:32:45,BA,144.0,1,ASK
2020-10-30 10:32:46,BA,143.88,1,BID
2020-10-30 10:32:46,BA,144.0,2,ASK
2020-10-30 10:32:48,BA,143.9,1,BID
2020-10-30 10:32:48,BA,143.98,3,ASK
2020-10-30 10:32:49,BA,143.98,1,BID
2020-10-30 10:32:49,BA,144.01,1,ASK
2020-10-30 10:32:50,BA,143.99,1,BID
2020-10-30 10:32:37,BA,144.08,12,ASK
2020-10-30 10:32:52,BA,144.0,1,BID
2020-10-30 10:32:51,BA,144.1,9,ASK
2020-10-30 10:32:54,BA,143.98,2,BID
2020-10-30 10:32:54,BA,144.09,1,ASK
2020-10-30 10:32:56,BA,143.98,3,BID
2020-10-30 10:32:56,BA,144.09,1,ASK
2020-10-30 10:32:57,BA,144.0,1,BID
2020-10-30 10:32:57,BA,144.08,8,ASK
2020-10-30 10:32:57,BA,144.06,1,BID
2020-10-30 10:32:57,BA,144.15,4,ASK
2020-10-30 10:32:58,BA,144.06,2,BID
2020-10-30 10:32:58,BA,144.15,4,ASK
2020-10-30 10:32:58,BA,144.01,1,BID
2020-10-30 10:32:58,BA,144.15,1,ASK
2020-10-30 10:32:59,BA,144.01,9,BID
2020-10-30 10:32:59,BA,144.16,3,ASK
2020-10-30 10:32:59,BA,144.02,2,BID
2020-10-30 10:33:00,BA,144.16,3,ASK
2020-10-30 10:33:01,BA,144.04,3,BID
2020-10-30 10:33:01,BA,144.16,5,ASK
2020-10-30 10:33:02,BA,144.11,9,BID
2020-10-30 10:32:59,BA,144.17,21,ASK
2020-10-30 10:33:02,BA,144.12,2,BID
2020-10-30 10:33:02,BA,144.2,11,ASK
2020-10-30 10:33:02,BA,144.11,22,BID
2020-10-30 10:33:03,BA,144.18,1,ASK
2020-10-30 10:33:04,BA,144.11,1,BID
2020-10-30 10:33:04,BA,144.18,3,ASK
2020-10-30 10:33:04,BA,144.11,1,BID
2020-10-30 10:33:04,BA,144.18,3,ASK
2020-10-30 10:33:06,BA,144.11,1,BID
2020-10-30 10:33:06,BA,144.18,4,ASK
2020-10-30 10:33:06,BA,144.11,1,BID
2020-10-30 10:33:06,BA,144.18,4,ASK
2020-10-30 10:33:08,BA,144.11,1,BID
2020-10-30 10:33:06,BA,144.18,9,ASK
2020-10-30 10:33:09,BA,144.06,4,BID
2020-10-30 10:33:06,BA,144.18,9,ASK
2020-10-30 10:33:09,BA,144.06,4,BID
2020-10-30 10:33:10,BA,144.18,12,ASK
2020-10-30 10:33:11,BA,144.06,4,BID
2020-10-30 10:33:10,BA,144.18,8,ASK
2020-10-30 10:33:12,BA,144.14,5,BID
2020-10-30 10:33:12,BA,144.24,3,ASK
2020-10-30 10:33:12,BA,144.14,5,BID
2020-10-30 10:33:14,BA,144.2,1,ASK
2020-10-30 10:33:12,BA,144.14,5,BID
2020-10-30 10:33:13,BA,144.24,16,ASK
2020-10-30 10:33:12,BA,144.14,5,BID
2020-10-30 10:33:16,BA,144.23,1,ASK
2020-10-30 10:33:17,BA,144.15,2,BID
2020-10-30 10:33:17,BA,144.23,1,ASK
2020-10-30 10:33:17,BA,144.14,7,BID
2020-10-30 10:33:17,BA,144.23,10,ASK
2020-10-30 10:33:17,BA,144.14,7,BID
2020-10-30 10:33:17,BA,144.23,10,ASK
2020-10-30 10:33:20,BA,144.14,7,BID
2020-10-30 10:33:20,BA,144.21,1,ASK
2020-10-30 10:33:21,BA,144.22,2,BID
2020-10-30 10:33:21,BA,144.24,15,ASK
2020-10-30 10:33:22,BA,144.22,5,BID
2020-10-30 10:33:21,BA,144.24,14,ASK
2020-10-30 10:33:22,BA,144.17,2,BID
2020-10-30 10:33:22,BA,144.24,15,ASK
2020-10-30 10:33:22,BA,144.17,2,BID
2020-10-30 10:33:22,BA,144.24,14,ASK
2020-10-30 10:33:25,BA,144.18,5,BID
2020-10-30 10:33:25,BA,144.24,9,ASK
2020-10-30 10:33:27,BA,144.21,3,BID
2020-10-30 10:33:27,BA,144.24,12,ASK
2020-10-30 10:33:28,BA,144.26,3,BID
2020-10-30 10:33:28,BA,144.34,14,ASK
2020-10-30 10:33:28,BA,144.26,3,BID
2020-10-30 10:33:30,BA,144.33,2,ASK
2020-10-30 10:33:28,BA,144.26,3,BID
2020-10-30 10:33:30,BA,144.33,2,ASK
2020-10-30 10:33:32,BA,144.29,2,BID
2020-10-30 10:33:32,BA,144.36,2,ASK
2020-10-30 10:33:33,BA,144.31,1,BID
2020-10-30 10:33:33,BA,144.36,1,ASK
2020-10-30 10:33:33,BA,144.29,17,BID
2020-10-30 10:33:33,BA,144.38,1,ASK
2020-10-30 10:33:34,BA,144.31,2,BID
2020-10-30 10:33:34,BA,144.38,3,ASK
2020-10-30 10:33:33,BA,144.29,17,BID
2020-10-30 10:33:35,BA,144.38,3,ASK
2020-10-30 10:33:33,BA,144.29,17,BID
2020-10-30 10:33:35,BA,144.38,3,ASK
2020-10-30 10:33:36,BA,144.31,2,BID
2020-10-30 10:33:36,BA,144.38,3,ASK
2020-10-30 10:33:36,BA,144.31,2,BID
2020-10-30 10:33:36,BA,144.38,3,ASK
2020-10-30 10:33:38,BA,144.31,2,BID
2020-10-30 10:33:38,BA,144.38,3,ASK
2020-10-30 10:33:38,BA,144.31,2,BID
2020-10-30 10:33:38,BA,144.38,3,ASK
2020-10-30 10:33:33,BA,144.29,10,BID
2020-10-30 10:33:40,BA,144.36,6,ASK
2020-10-30 10:33:41,BA,144.26,4,BID
2020-10-30 10:33:41,BA,144.31,10,ASK
2020-10-30 10:33:42,BA,144.26,4,BID
2020-10-30 10:33:42,BA,144.31,11,ASK
2020-10-30 10:33:43,BA,144.26,4,BID
2020-10-30 10:33:43,BA,144.3,3,ASK
2020-10-30 10:33:44,BA,144.25,3,BID
2020-10-30 10:33:44,BA,144.29,1,ASK
2020-10-30 10:33:45,BA,144.27,1,BID
2020-10-30 10:33:40,BA,144.36,7,ASK
2020-10-30 10:33:45,BA,144.27,1,BID
2020-10-30 10:33:45,BA,144.35,2,ASK
2020-10-30 10:33:47,BA,144.3,4,BID
2020-10-30 10:33:45,BA,144.35,2,ASK
2020-10-30 10:33:47,BA,144.33,3,BID
2020-10-30 10:33:47,BA,144.38,4,ASK
2020-10-30 10:33:48,BA,144.32,1,BID
2020-10-30 10:33:48,BA,144.39,2,ASK
2020-10-30 10:33:48,BA,144.32,1,BID
2020-10-30 10:33:48,BA,144.39,1,ASK
2020-10-30 10:33:48,BA,144.32,1,BID
2020-10-30 10:33:48,BA,144.39,1,ASK
2020-10-30 10:33:50,BA,144.3,3,BID
2020-10-30 10:33:50,BA,144.39,10,ASK
2020-10-30 10:33:51,BA,144.3,3,BID
2020-10-30 10:33:51,BA,144.39,10,ASK
2020-10-30 10:33:51,BA,144.3,3,BID
2020-10-30 10:33:51,BA,144.39,10,ASK
2020-10-30 10:33:54,BA,144.3,3,BID
2020-10-30 10:33:54,BA,144.38,1,ASK
2020-10-30 10:33:55,BA,144.3,3,BID
2020-10-30 10:33:55,BA,144.38,4,ASK
2020-10-30 10:33:57,BA,144.3,3,BID
2020-10-30 10:33:57,BA,144.39,10,ASK
2020-10-30 10:33:58,BA,144.36,1,BID
2020-10-30 10:33:58,BA,144.43,1,ASK
2020-10-30 10:34:00,BA,144.38,1,BID
2020-10-30 10:34:00,BA,144.43,4,ASK
2020-10-30 10:34:01,BA,144.38,4,BID
2020-10-30 10:34:01,BA,144.47,2,ASK
2020-10-30 10:34:01,BA,144.38,4,BID
2020-10-30 10:34:01,BA,144.47,2,ASK
2020-10-30 10:34:02,BA,144.28,1,BID
2020-10-30 10:34:02,BA,144.42,3,ASK
2020-10-30 10:34:03,BA,144.24,3,BID
2020-10-30 10:34:03,BA,144.35,2,ASK
2020-10-30 10:34:03,BA,144.28,2,BID
2020-10-30 10:34:03,BA,144.46,6,ASK
2020-10-30 10:34:04,BA,144.24,1,BID
2020-10-30 10:34:04,BA,144.37,1,ASK
2020-10-30 10:34:05,BA,144.21,2,BID
2020-10-30 10:34:05,BA,144.34,2,ASK
2020-10-30 10:34:05,BA,144.21,3,BID
2020-10-30 10:34:06,BA,144.35,4,ASK
2020-10-30 10:34:07,BA,144.26,2,BID
2020-10-30 10:34:07,BA,144.36,1,ASK
2020-10-30 10:34:08,BA,144.23,1,BID
2020-10-30 10:34:08,BA,144.36,1,ASK
2020-10-30 10:34:09,BA,144.2,5,BID
2020-10-30 10:34:09,BA,144.32,4,ASK
2020-10-30 10:34:09,BA,144.21,1,BID
2020-10-30 10:34:09,BA,144.32,4,ASK
2020-10-30 10:34:10,BA,144.2,5,BID
2020-10-30 10:34:10,BA,144.3,3,ASK
2020-10-30 10:34:10,BA,144.2,5,BID
2020-10-30 10:34:10,BA,144.3,3,ASK
2020-10-30 10:34:11,BA,144.2,5,BID
2020-10-30 10:34:11,BA,144.29,1,ASK
2020-10-30 10:34:12,BA,144.14,8,BID
2020-10-30 10:34:12,BA,144.25,2,ASK
2020-10-30 10:34:12,BA,144.14,10,BID
2020-10-30 10:34:13,BA,144.24,3,ASK
2020-10-30 10:34:13,BA,144.1,10,BID
2020-10-30 10:34:14,BA,144.23,2,ASK
2020-10-30 10:34:14,BA,144.11,2,BID
2020-10-30 10:34:14,BA,144.24,1,ASK
2020-10-30 10:34:14,BA,144.11,4,BID
2020-10-30 10:34:13,BA,144.25,7,ASK
2020-10-30 10:34:15,BA,144.11,2,BID
2020-10-30 10:34:13,BA,144.25,7,ASK
2020-10-30 10:34:16,BA,144.12,3,BID
2020-10-30 10:34:16,BA,144.24,1,ASK
2020-10-30 10:34:18,BA,144.2,1,BID
2020-10-30 10:34:18,BA,144.23,2,ASK
2020-10-30 10:34:19,BA,144.1,2,BID
2020-10-30 10:34:19,BA,144.18,3,ASK
2020-10-30 10:34:20,BA,144.1,4,BID
2020-10-30 10:34:19,BA,144.17,19,ASK
2020-10-30 10:34:21,BA,144.09,3,BID
2020-10-30 10:34:21,BA,144.15,3,ASK
2020-10-30 10:34:23,BA,144.06,1,BID
2020-10-30 10:34:23,BA,144.13,1,ASK
2020-10-30 10:34:24,BA,144.06,2,BID
2020-10-30 10:34:24,BA,144.14,2,ASK
2020-10-30 10:34:24,BA,144.06,2,BID
2020-10-30 10:34:24,BA,144.14,2,ASK
2020-10-30 10:34:25,BA,144.07,16,BID
2020-10-30 10:34:19,BA,144.17,19,ASK
2020-10-30 10:34:26,BA,144.08,3,BID
2020-10-30 10:34:26,BA,144.17,1,ASK
2020-10-30 10:34:27,BA,144.08,4,BID
2020-10-30 10:34:27,BA,144.16,4,ASK
2020-10-30 10:34:24,BA,144.06,5,BID
2020-10-30 10:34:29,BA,144.15,10,ASK
2020-10-30 10:34:31,BA,144.05,12,BID
2020-10-30 10:34:31,BA,144.15,5,ASK
2020-10-30 10:34:31,BA,144.05,12,BID
2020-10-30 10:34:31,BA,144.15,5,ASK
2020-10-30 10:34:33,BA,144.05,12,BID
2020-10-30 10:34:33,BA,144.15,5,ASK
2020-10-30 10:34:35,BA,144.04,2,BID
2020-10-30 10:34:35,BA,144.13,1,ASK
2020-10-30 10:34:36,BA,144.05,2,BID
2020-10-30 10:34:36,BA,144.13,1,ASK
2020-10-30 10:34:37,BA,144.12,13,BID
2020-10-30 10:34:37,BA,144.22,1,ASK
2020-10-30 10:34:39,BA,144.04,9,BID
2020-10-30 10:34:39,BA,144.2,20,ASK
2020-10-30 10:34:41,BA,144.04,9,BID
2020-10-30 10:34:40,BA,144.18,6,ASK
2020-10-30 10:34:42,BA,144.05,4,BID
2020-10-30 10:34:42,BA,144.18,8,ASK
2020-10-30 10:34:44,BA,144.09,4,BID
2020-10-30 10:34:39,BA,144.2,16,ASK
2020-10-30 10:34:45,BA,144.14,3,BID
2020-10-30 10:34:44,BA,144.22,10,ASK
2020-10-30 10:34:46,BA,144.09,3,BID
2020-10-30 10:34:46,BA,144.17,21,ASK
2020-10-30 10:34:49,BA,144.12,5,BID
2020-10-30 10:34:49,BA,144.25,108,ASK
2020-10-30 10:34:50,BA,144.12,6,BID
2020-10-30 10:34:50,BA,144.22,2,ASK
2020-10-30 10:34:50,BA,144.12,2,BID
2020-10-30 10:34:50,BA,144.22,8,ASK
2020-10-30 10:34:50,BA,144.12,2,BID
2020-10-30 10:34:50,BA,144.22,10,ASK
2020-10-30 10:34:51,BA,144.1,2,BID
2020-10-30 10:34:51,BA,144.21,6,ASK
2020-10-30 10:34:52,BA,144.12,3,BID
2020-10-30 10:34:52,BA,144.21,3,ASK
2020-10-30 10:34:52,BA,144.12,5,BID
2020-10-30 10:34:52,BA,144.21,3,ASK
2020-10-30 10:34:52,BA,144.12,5,BID
2020-10-30 10:34:52,BA,144.21,3,ASK
2020-10-30 10:34:53,BA,144.12,5,BID
2020-10-30 10:34:52,BA,144.21,9,ASK
2020-10-30 10:34:53,BA,144.12,5,BID
2020-10-30 10:34:52,BA,144.21,9,ASK
2020-10-30 10:34:53,BA,144.12,5,BID
2020-10-30 10:34:52,BA,144.21,9,ASK
2020-10-30 10:34:53,BA,144.12,5,BID
2020-10-30 10:34:53,BA,144.2,3,ASK
2020-10-30 10:34:53,BA,144.12,5,BID
2020-10-30 10:34:53,BA,144.19,3,ASK
2020-10-30 10:34:53,BA,144.08,15,BID
2020-10-30 10:34:53,BA,144.15,3,ASK
2020-10-30 10:34:55,BA,144.06,6,BID
2020-10-30 10:34:55,BA,144.12,2,ASK
2020-10-30 10:34:57,BA,144.07,3,BID
2020-10-30 10:34:58,BA,144.16,3,ASK
2020-10-30 10:35:00,BA,144.02,9,BID
2020-10-30 10:35:00,BA,144.07,2,ASK
2020-10-30 10:35:03,BA,143.96,3,BID
2020-10-30 10:35:03,BA,144.05,5,ASK
2020-10-30 10:35:04,BA,143.99,1,BID
2020-10-30 10:35:04,BA,144.04,5,ASK
2020-10-30 10:35:05,BA,143.96,5,BID
2020-10-30 10:35:05,BA,144.04,2,ASK
2020-10-30 10:35:05,BA,143.96,5,BID
2020-10-30 10:35:05,BA,144.04,2,ASK
2020-10-30 10:35:05,BA,143.96,5,BID
2020-10-30 10:35:05,BA,144.04,5,ASK
2020-10-30 10:35:05,BA,143.95,1,BID
2020-10-30 10:35:05,BA,144.03,2,ASK
2020-10-30 10:35:05,BA,143.9,5,BID
2020-10-30 10:35:05,BA,143.97,3,ASK
2020-10-30 10:35:05,BA,143.9,5,BID
2020-10-30 10:35:05,BA,143.97,3,ASK
2020-10-30 10:35:05,BA,143.9,5,BID
2020-10-30 10:35:05,BA,143.97,3,ASK
2020-10-30 10:35:05,BA,143.9,5,BID
2020-10-30 10:35:05,BA,143.97,3,ASK
2020-10-30 10:35:05,BA,143.9,5,BID
2020-10-30 10:35:05,BA,143.97,3,ASK
2020-10-30 10:35:05,BA,143.9,5,BID
2020-10-30 10:35:05,BA,143.97,3,ASK
2020-10-30 10:35:05,BA,143.9,5,BID
2020-10-30 10:35:05,BA,143.97,3,ASK
2020-10-30 10:35:05,BA,143.9,5,BID
2020-10-30 10:35:05,BA,143.97,3,ASK
2020-10-30 10:35:05,BA,143.9,5,BID
2020-10-30 10:35:05,BA,143.97,3,ASK
2020-10-30 10:35:06,BA,143.9,6,BID
2020-10-30 10:35:06,BA,143.97,3,ASK
2020-10-30 10:35:08,BA,143.91,1,BID
2020-10-30 10:35:08,BA,143.98,4,ASK
2020-10-30 10:35:08,BA,143.91,2,BID
2020-10-30 10:35:08,BA,143.98,4,ASK
2020-10-30 10:35:08,BA,143.91,2,BID
2020-10-30 10:35:08,BA,143.98,4,ASK
2020-10-30 10:35:08,BA,143.91,2,BID
2020-10-30 10:35:08,BA,143.98,4,ASK
2020-10-30 10:35:08,BA,143.91,2,BID
2020-10-30 10:35:09,BA,144.03,11,ASK
2020-10-30 10:35:09,BA,143.92,2,BID
2020-10-30 10:35:09,BA,144.03,8,ASK
2020-10-30 10:35:11,BA,143.92,4,BID
2020-10-30 10:35:11,BA,144.0,3,ASK
2020-10-30 10:35:12,BA,144.0,3,BID
2020-10-30 10:35:12,BA,144.09,4,ASK
2020-10-30 10:35:16,BA,144.0,3,BID
2020-10-30 10:35:16,BA,144.11,3,ASK
2020-10-30 10:35:20,BA,144.01,1,BID
2020-10-30 10:35:20,BA,144.09,6,ASK
2020-10-30 10:35:20,BA,143.95,2,BID
2020-10-30 10:35:20,BA,144.02,16,ASK
2020-10-30 10:35:11,BA,143.92,5,BID
2020-10-30 10:35:20,BA,144.02,16,ASK
2020-10-30 10:35:11,BA,143.92,5,BID
2020-10-30 10:35:20,BA,144.02,16,ASK
2020-10-30 10:35:11,BA,143.92,5,BID
2020-10-30 10:35:20,BA,144.02,16,ASK
2020-10-30 10:35:21,BA,143.92,4,BID
2020-10-30 10:35:21,BA,143.98,5,ASK
2020-10-30 10:35:21,BA,143.86,3,BID
2020-10-30 10:35:21,BA,143.93,1,ASK
2020-10-30 10:35:21,BA,143.89,1,BID
2020-10-30 10:35:21,BA,143.95,2,ASK
2020-10-30 10:35:21,BA,143.89,1,BID
2020-10-30 10:35:21,BA,143.95,2,ASK
2020-10-30 10:35:21,BA,143.89,1,BID
2020-10-30 10:35:21,BA,143.95,2,ASK
2020-10-30 10:35:23,BA,143.85,8,BID
2020-10-30 10:35:23,BA,143.92,3,ASK
2020-10-30 10:35:23,BA,143.85,9,BID
2020-10-30 10:35:24,BA,143.9,1,ASK
2020-10-30 10:35:24,BA,143.8,10,BID
2020-10-30 10:35:24,BA,143.85,3,ASK
2020-10-30 10:35:25,BA,143.78,5,BID
2020-10-30 10:35:25,BA,143.87,1,ASK
2020-10-30 10:35:25,BA,143.78,1,BID
2020-10-30 10:35:25,BA,143.89,7,ASK
2020-10-30 10:35:27,BA,143.78,1,BID
2020-10-30 10:35:25,BA,143.89,7,ASK
2020-10-30 10:35:27,BA,143.8,2,BID
2020-10-30 10:35:25,BA,143.89,7,ASK
2020-10-30 10:35:28,BA,143.8,2,BID
2020-10-30 10:35:28,BA,143.87,3,ASK
2020-10-30 10:35:29,BA,143.8,2,BID
2020-10-30 10:35:29,BA,143.87,2,ASK
2020-10-30 10:35:29,BA,143.8,2,BID
2020-10-30 10:35:29,BA,143.87,2,ASK
2020-10-30 10:35:30,BA,143.8,2,BID
2020-10-30 10:35:30,BA,143.87,3,ASK
2020-10-30 10:35:30,BA,143.77,2,BID
2020-10-30 10:35:30,BA,143.85,9,ASK
2020-10-30 10:35:31,BA,143.78,3,BID
2020-10-30 10:35:25,BA,143.89,7,ASK
2020-10-30 10:35:31,BA,143.78,3,BID
2020-10-30 10:35:25,BA,143.89,7,ASK
2020-10-30 10:35:32,BA,143.84,3,BID
2020-10-30 10:35:32,BA,143.91,9,ASK
2020-10-30 10:35:32,BA,143.84,3,BID
2020-10-30 10:35:32,BA,143.91,9,ASK
2020-10-30 10:35:33,BA,143.89,1,BID
2020-10-30 10:35:33,BA,143.97,2,ASK
2020-10-30 10:35:34,BA,143.78,2,BID
2020-10-30 10:35:34,BA,143.97,3,ASK
2020-10-30 10:35:36,BA,143.78,6,BID
2020-10-30 10:35:36,BA,143.95,2,ASK
2020-10-30 10:35:38,BA,143.86,1,BID
2020-10-30 10:35:37,BA,143.95,3,ASK
2020-10-30 10:35:39,BA,143.86,1,BID
2020-10-30 10:35:39,BA,143.95,4,ASK
2020-10-30 10:35:40,BA,143.8,2,BID
2020-10-30 10:35:40,BA,143.93,3,ASK
2020-10-30 10:35:41,BA,143.8,2,BID
2020-10-30 10:35:41,BA,143.93,4,ASK
2020-10-30 10:35:42,BA,143.8,2,BID
2020-10-30 10:35:42,BA,143.93,4,ASK
2020-10-30 10:35:43,BA,143.8,2,BID
2020-10-30 10:35:42,BA,143.93,4,ASK
2020-10-30 10:35:44,BA,143.83,1,BID
2020-10-30 10:35:44,BA,143.95,4,ASK
2020-10-30 10:35:44,BA,143.84,1,BID
2020-10-30 10:35:44,BA,143.97,4,ASK
2020-10-30 10:35:44,BA,143.84,1,BID
2020-10-30 10:35:44,BA,143.97,4,ASK
2020-10-30 10:35:45,BA,144.0,2,BID
2020-10-30 10:35:45,BA,144.06,3,ASK
2020-10-30 10:35:45,BA,143.96,1,BID
2020-10-30 10:35:45,BA,144.0,4,ASK
2020-10-30 10:35:45,BA,143.82,2,BID
2020-10-30 10:35:45,BA,144.06,12,ASK
2020-10-30 10:35:46,BA,143.84,5,BID
2020-10-30 10:35:46,BA,144.05,1,ASK
2020-10-30 10:35:48,BA,143.88,3,BID
2020-10-30 10:35:47,BA,144.05,6,ASK
2020-10-30 10:35:49,BA,143.95,3,BID
2020-10-30 10:35:49,BA,144.03,3,ASK
2020-10-30 10:35:51,BA,143.92,1,BID
2020-10-30 10:35:51,BA,144.0,2,ASK
2020-10-30 10:35:52,BA,143.89,2,BID
2020-10-30 10:35:52,BA,144.0,2,ASK
2020-10-30 10:35:52,BA,143.86,1,BID
2020-10-30 10:35:52,BA,144.0,2,ASK
2020-10-30 10:35:53,BA,143.86,3,BID
2020-10-30 10:35:53,BA,144.0,11,ASK
2020-10-30 10:35:55,BA,143.89,4,BID
2020-10-30 10:35:55,BA,144.0,6,ASK
2020-10-30 10:35:55,BA,143.89,3,BID
2020-10-30 10:35:55,BA,144.0,6,ASK
2020-10-30 10:35:56,BA,143.9,2,BID
2020-10-30 10:35:56,BA,144.0,6,ASK
2020-10-30 10:35:55,BA,143.89,6,BID
2020-10-30 10:35:57,BA,144.0,6,ASK
2020-10-30 10:35:55,BA,143.89,6,BID
2020-10-30 10:35:57,BA,144.0,6,ASK
2020-10-30 10:35:55,BA,143.89,6,BID
2020-10-30 10:35:57,BA,144.0,6,ASK
2020-10-30 10:35:55,BA,143.89,6,BID
2020-10-30 10:35:57,BA,144.0,6,ASK
2020-10-30 10:35:55,BA,143.89,6,BID
2020-10-30 10:35:57,BA,144.0,6,ASK
2020-10-30 10:35:58,BA,144.02,2,BID
2020-10-30 10:35:58,BA,144.09,2,ASK
2020-10-30 10:36:01,BA,144.02,14,BID
2020-10-30 10:36:01,BA,144.09,3,ASK
2020-10-30 10:36:02,BA,143.95,1,BID
2020-10-30 10:36:02,BA,144.05,21,ASK
2020-10-30 10:36:02,BA,143.95,1,BID
2020-10-30 10:36:02,BA,144.05,21,ASK
2020-10-30 10:36:03,BA,143.95,2,BID
2020-10-30 10:36:03,BA,144.05,20,ASK
2020-10-30 10:36:05,BA,143.95,5,BID
2020-10-30 10:36:05,BA,144.05,20,ASK
2020-10-30 10:36:05,BA,143.89,9,BID
2020-10-30 10:36:06,BA,144.0,2,ASK
2020-10-30 10:36:06,BA,143.9,2,BID
2020-10-30 10:36:06,BA,143.99,2,ASK
2020-10-30 10:36:07,BA,143.98,11,BID
2020-10-30 10:36:07,BA,144.07,3,ASK
2020-10-30 10:36:09,BA,143.98,11,BID
2020-10-30 10:36:09,BA,144.07,6,ASK
2020-10-30 10:36:11,BA,143.94,2,BID
2020-10-30 10:36:11,BA,144.03,3,ASK
2020-10-30 10:36:12,BA,143.92,1,BID
2020-10-30 10:36:12,BA,144.02,3,ASK
2020-10-30 10:36:13,BA,143.88,7,BID
2020-10-30 10:36:14,BA,143.98,3,ASK
2020-10-30 10:36:14,BA,143.88,7,BID
2020-10-30 10:36:14,BA,143.97,3,ASK
2020-10-30 10:36:15,BA,143.88,7,BID
2020-10-30 10:36:15,BA,143.97,3,ASK
2020-10-30 10:36:16,BA,143.82,3,BID
2020-10-30 10:36:16,BA,143.88,3,ASK
2020-10-30 10:36:16,BA,143.81,20,BID
2020-10-30 10:36:17,BA,143.88,3,ASK
2020-10-30 10:36:16,BA,143.81,10,BID
2020-10-30 10:36:17,BA,143.88,3,ASK
2020-10-30 10:36:16,BA,143.81,10,BID
2020-10-30 10:36:18,BA,143.88,3,ASK
2020-10-30 10:36:16,BA,143.81,10,BID
2020-10-30 10:36:18,BA,143.88,3,ASK
2020-10-30 10:36:20,BA,143.8,3,BID
2020-10-30 10:36:20,BA,143.87,2,ASK
2020-10-30 10:36:20,BA,143.78,1,BID
2020-10-30 10:36:20,BA,143.84,2,ASK
2020-10-30 10:36:21,BA,143.77,1,BID
2020-10-30 10:36:21,BA,143.81,3,ASK
2020-10-30 10:36:22,BA,143.77,1,BID
2020-10-30 10:36:22,BA,143.8,6,ASK
2020-10-30 10:36:22,BA,143.77,12,BID
2020-10-30 10:36:22,BA,143.86,3,ASK
2020-10-30 10:36:23,BA,143.78,1,BID
2020-10-30 10:36:23,BA,143.86,3,ASK
2020-10-30 10:36:24,BA,143.79,4,BID
2020-10-30 10:36:24,BA,143.87,4,ASK
2020-10-30 10:36:24,BA,143.79,4,BID
2020-10-30 10:36:24,BA,143.86,2,ASK
2020-10-30 10:36:25,BA,143.79,4,BID
2020-10-30 10:36:24,BA,143.87,4,ASK
2020-10-30 10:36:27,BA,143.78,1,BID
2020-10-30 10:36:27,BA,143.85,3,ASK
2020-10-30 10:36:27,BA,143.78,2,BID
2020-10-30 10:36:27,BA,143.85,3,ASK
2020-10-30 10:36:27,BA,143.78,2,BID
2020-10-30 10:36:27,BA,143.85,3,ASK
2020-10-30 10:36:27,BA,143.78,2,BID
2020-10-30 10:36:27,BA,143.85,3,ASK
2020-10-30 10:36:29,BA,143.78,3,BID
2020-10-30 10:36:30,BA,143.86,3,ASK
2020-10-30 10:36:31,BA,143.75,3,BID
2020-10-30 10:36:31,BA,143.78,5,ASK
2020-10-30 10:36:31,BA,143.72,2,BID
2020-10-30 10:36:31,BA,143.75,4,ASK
2020-10-30 10:36:31,BA,143.7,7,BID
2020-10-30 10:36:31,BA,143.75,4,ASK
2020-10-30 10:36:32,BA,143.69,1,BID
2020-10-30 10:36:32,BA,143.74,3,ASK
2020-10-30 10:36:33,BA,143.65,5,BID
2020-10-30 10:36:33,BA,143.73,3,ASK
2020-10-30 10:36:34,BA,143.64,3,BID
2020-10-30 10:36:34,BA,143.71,2,ASK
2020-10-30 10:36:35,BA,143.64,3,BID
2020-10-30 10:36:35,BA,143.71,2,ASK
2020-10-30 10:36:37,BA,143.66,4,BID
2020-10-30 10:36:37,BA,143.74,3,ASK
2020-10-30 10:36:37,BA,143.66,4,BID
2020-10-30 10:36:31,BA,143.75,4,ASK
2020-10-30 10:36:38,BA,143.71,3,BID
2020-10-30 10:36:39,BA,143.8,4,ASK
2020-10-30 10:36:38,BA,143.71,3,BID
2020-10-30 10:36:39,BA,143.79,3,ASK
2020-10-30 10:36:41,BA,143.65,1,BID
2020-10-30 10:36:41,BA,143.78,3,ASK
2020-10-30 10:36:43,BA,143.64,15,BID
2020-10-30 10:36:43,BA,143.78,3,ASK
2020-10-30 10:36:43,BA,143.64,9,BID
2020-10-30 10:36:43,BA,143.78,3,ASK
2020-10-30 10:36:44,BA,143.65,9,BID
2020-10-30 10:36:44,BA,143.78,3,ASK
2020-10-30 10:36:45,BA,143.65,1,BID
2020-10-30 10:36:45,BA,143.75,4,ASK
2020-10-30 10:36:46,BA,143.63,6,BID
2020-10-30 10:36:46,BA,143.65,4,ASK
2020-10-30 10:36:46,BA,143.6,1,BID
2020-10-30 10:36:46,BA,143.64,11,ASK
2020-10-30 10:36:47,BA,143.6,1,BID
2020-10-30 10:36:47,BA,143.64,6,ASK
2020-10-30 10:36:47,BA,143.55,9,BID
2020-10-30 10:36:47,BA,143.63,2,ASK
2020-10-30 10:36:48,BA,143.55,10,BID
2020-10-30 10:36:48,BA,143.63,2,ASK
2020-10-30 10:36:48,BA,143.55,10,BID
2020-10-30 10:36:48,BA,143.63,2,ASK
2020-10-30 10:36:51,BA,143.57,1,BID
2020-10-30 10:36:51,BA,143.65,4,ASK
2020-10-30 10:36:51,BA,143.6,1,BID
2020-10-30 10:36:51,BA,143.67,2,ASK
2020-10-30 10:36:52,BA,143.59,1,BID
2020-10-30 10:36:52,BA,143.66,4,ASK
2020-10-30 10:36:52,BA,143.59,1,BID
2020-10-30 10:36:52,BA,143.66,4,ASK
2020-10-30 10:36:53,BA,143.59,2,BID
2020-10-30 10:36:52,BA,143.66,4,ASK
2020-10-30 10:36:54,BA,143.59,3,BID
2020-10-30 10:36:52,BA,143.66,4,ASK
2020-10-30 10:36:55,BA,143.64,1,BID
2020-10-30 10:36:55,BA,143.71,3,ASK
2020-10-30 10:36:55,BA,143.63,2,BID
2020-10-30 10:36:55,BA,143.71,3,ASK
2020-10-30 10:36:55,BA,143.63,2,BID
2020-10-30 10:36:55,BA,143.71,3,ASK
2020-10-30 10:36:55,BA,143.63,3,BID
2020-10-30 10:36:56,BA,143.71,3,ASK
2020-10-30 10:36:57,BA,143.65,1,BID
2020-10-30 10:36:57,BA,143.71,7,ASK
2020-10-30 10:36:58,BA,143.65,2,BID
2020-10-30 10:36:58,BA,143.69,3,ASK
2020-10-30 10:37:00,BA,143.61,1,BID
2020-10-30 10:37:00,BA,143.62,86,ASK
2020-10-30 10:37:01,BA,143.6,8,BID
2020-10-30 10:37:00,BA,143.69,15,ASK
2020-10-30 10:37:01,BA,143.6,1,BID
2020-10-30 10:37:00,BA,143.69,14,ASK
2020-10-30 10:37:02,BA,143.6,3,BID
2020-10-30 10:37:00,BA,143.69,13,ASK
2020-10-30 10:37:03,BA,143.6,5,BID
2020-10-30 10:37:03,BA,143.7,14,ASK
2020-10-30 10:37:04,BA,143.6,6,BID
2020-10-30 10:37:04,BA,143.69,3,ASK
2020-10-30 10:37:05,BA,143.6,5,BID
2020-10-30 10:37:05,BA,143.69,3,ASK
2020-10-30 10:37:06,BA,143.61,1,BID
2020-10-30 10:37:03,BA,143.7,15,ASK
2020-10-30 10:37:05,BA,143.6,5,BID
2020-10-30 10:37:03,BA,143.7,22,ASK
2020-10-30 10:37:07,BA,143.6,1,BID
2020-10-30 10:37:07,BA,143.69,13,ASK
2020-10-30 10:37:07,BA,143.57,1,BID
2020-10-30 10:37:07,BA,143.62,2,ASK
2020-10-30 10:37:07,BA,143.57,1,BID
2020-10-30 10:37:07,BA,143.62,2,ASK
2020-10-30 10:37:10,BA,143.57,1,BID
2020-10-30 10:37:10,BA,143.6,2,ASK
2020-10-30 10:37:10,BA,143.57,1,BID
2020-10-30 10:37:10,BA,143.6,2,ASK
2020-10-30 10:37:12,BA,143.53,2,BID
2020-10-30 10:37:12,BA,143.62,8,ASK
2020-10-30 10:37:13,BA,143.51,6,BID
2020-10-30 10:37:13,BA,143.55,3,ASK
2020-10-30 10:37:14,BA,143.5,23,BID
2020-10-30 10:37:14,BA,143.56,3,ASK
2020-10-30 10:37:14,BA,143.5,23,BID
2020-10-30 10:37:14,BA,143.56,3,ASK
2020-10-30 10:37:15,BA,143.5,25,BID
2020-10-30 10:37:15,BA,143.56,3,ASK
2020-10-30 10:37:16,BA,143.55,2,BID
2020-10-30 10:37:16,BA,143.62,3,ASK
2020-10-30 10:37:16,BA,143.55,2,BID
2020-10-30 10:37:16,BA,143.62,3,ASK
2020-10-30 10:37:18,BA,143.52,3,BID
2020-10-30 10:37:18,BA,143.62,8,ASK
2020-10-30 10:37:19,BA,143.52,3,BID
2020-10-30 10:37:19,BA,143.56,2,ASK
2020-10-30 10:37:21,BA,143.5,23,BID
2020-10-30 10:37:21,BA,143.55,3,ASK
2020-10-30 10:37:22,BA,143.5,23,BID
2020-10-30 10:37:22,BA,143.55,3,ASK
2020-10-30 10:37:22,BA,143.54,11,BID
2020-10-30 10:37:22,BA,143.62,2,ASK
2020-10-30 10:37:23,BA,143.53,1,BID
2020-10-30 10:37:23,BA,143.62,2,ASK
2020-10-30 10:37:23,BA,143.52,4,BID
2020-10-30 10:37:23,BA,143.62,2,ASK
2020-10-30 10:37:25,BA,143.5,23,BID
2020-10-30 10:37:25,BA,143.6,5,ASK
2020-10-30 10:37:26,BA,143.54,2,BID
2020-10-30 10:37:26,BA,143.6,4,ASK
2020-10-30 10:37:26,BA,143.57,2,BID
2020-10-30 10:37:26,BA,143.61,1,ASK
2020-10-30 10:37:27,BA,143.59,1,BID
2020-10-30 10:37:27,BA,143.64,2,ASK
2020-10-30 10:37:28,BA,143.54,2,BID
2020-10-30 10:37:28,BA,143.64,2,ASK
2020-10-30 10:37:30,BA,143.55,2,BID
2020-10-30 10:37:30,BA,143.62,3,ASK
2020-10-30 10:37:30,BA,143.55,2,BID
2020-10-30 10:37:30,BA,143.62,3,ASK
2020-10-30 10:37:31,BA,143.56,2,BID
2020-10-30 10:37:31,BA,143.63,2,ASK
2020-10-30 10:37:31,BA,143.54,4,BID
2020-10-30 10:37:31,BA,143.62,6,ASK
2020-10-30 10:37:33,BA,143.55,2,BID
2020-10-30 10:37:33,BA,143.62,5,ASK
2020-10-30 10:37:33,BA,143.61,2,BID
2020-10-30 10:37:34,BA,143.67,3,ASK
2020-10-30 10:37:34,BA,143.63,1,BID
2020-10-30 10:37:34,BA,143.74,5,ASK
2020-10-30 10:37:35,BA,143.66,2,BID
2020-10-30 10:37:35,BA,143.74,5,ASK
2020-10-30 10:37:35,BA,143.66,15,BID
2020-10-30 10:37:35,BA,143.76,4,ASK
2020-10-30 10:37:36,BA,143.68,4,BID
2020-10-30 10:37:36,BA,143.76,4,ASK
2020-10-30 10:37:37,BA,143.72,1,BID
2020-10-30 10:37:37,BA,143.78,7,ASK
2020-10-30 10:37:37,BA,143.75,6,BID
2020-10-30 10:37:37,BA,143.83,2,ASK
2020-10-30 10:37:38,BA,143.76,12,BID
2020-10-30 10:37:38,BA,143.83,3,ASK
2020-10-30 10:37:39,BA,143.76,10,BID
2020-10-30 10:37:39,BA,143.84,3,ASK
2020-10-30 10:37:39,BA,143.76,11,BID
2020-10-30 10:37:39,BA,143.84,3,ASK
2020-10-30 10:37:39,BA,143.76,12,BID
2020-10-30 10:37:40,BA,143.84,3,ASK
2020-10-30 10:37:39,BA,143.76,12,BID
2020-10-30 10:37:40,BA,143.84,3,ASK
2020-10-30 10:37:41,BA,143.76,12,BID
2020-10-30 10:37:42,BA,143.83,16,ASK
2020-10-30 10:37:41,BA,143.76,14,BID
2020-10-30 10:37:43,BA,143.83,16,ASK
2020-10-30 10:37:44,BA,143.71,1,BID
2020-10-30 10:37:44,BA,143.77,3,ASK
2020-10-30 10:37:45,BA,143.71,1,BID
2020-10-30 10:37:45,BA,143.79,21,ASK
2020-10-30 10:37:46,BA,143.7,2,BID
2020-10-30 10:37:46,BA,143.8,3,ASK
2020-10-30 10:37:46,BA,143.7,4,BID
2020-10-30 10:37:46,BA,143.8,4,ASK
2020-10-30 10:37:47,BA,143.78,20,BID
2020-10-30 10:36:29,BA,143.87,7,ASK
2020-10-30 10:37:47,BA,143.78,22,BID
2020-10-30 10:36:29,BA,143.87,7,ASK
2020-10-30 10:37:49,BA,143.8,6,BID
2020-10-30 10:37:49,BA,143.93,11,ASK
2020-10-30 10:37:50,BA,143.82,4,BID
2020-10-30 10:37:50,BA,143.93,13,ASK
2020-10-30 10:37:51,BA,143.82,5,BID
2020-10-30 10:37:51,BA,143.93,17,ASK
2020-10-30 10:37:52,BA,143.88,1,BID
2020-10-30 10:37:52,BA,143.92,3,ASK
2020-10-30 10:37:52,BA,143.89,1,BID
2020-10-30 10:37:52,BA,143.93,17,ASK
2020-10-30 10:37:52,BA,143.88,1,BID
2020-10-30 10:37:52,BA,143.93,17,ASK
2020-10-30 10:37:53,BA,143.88,1,BID
2020-10-30 10:37:53,BA,143.93,16,ASK
2020-10-30 10:37:54,BA,143.88,2,BID
2020-10-30 10:37:54,BA,143.93,16,ASK
2020-10-30 10:37:54,BA,143.9,3,BID
2020-10-30 10:37:54,BA,143.93,17,ASK
2020-10-30 10:37:55,BA,143.86,2,BID
2020-10-30 10:37:55,BA,143.97,13,ASK
2020-10-30 10:37:55,BA,143.86,4,BID
2020-10-30 10:37:55,BA,143.97,11,ASK
2020-10-30 10:37:56,BA,143.87,3,BID
2020-10-30 10:37:56,BA,143.97,11,ASK
2020-10-30 10:37:57,BA,143.88,3,BID
2020-10-30 10:37:56,BA,143.97,11,ASK
2020-10-30 10:37:57,BA,143.88,3,BID
2020-10-30 10:37:56,BA,143.97,11,ASK
2020-10-30 10:38:00,BA,143.88,3,BID
2020-10-30 10:38:00,BA,143.95,1,ASK
2020-10-30 10:38:00,BA,143.88,4,BID
2020-10-30 10:38:00,BA,143.95,7,ASK
2020-10-30 10:38:01,BA,143.89,1,BID
2020-10-30 10:38:01,BA,143.97,12,ASK
2020-10-30 10:38:02,BA,143.91,3,BID
2020-10-30 10:38:02,BA,143.97,11,ASK
2020-10-30 10:38:02,BA,143.92,10,BID
2020-10-30 10:38:02,BA,143.99,4,ASK
2020-10-30 10:38:02,BA,143.91,3,BID
2020-10-30 10:38:03,BA,143.98,7,ASK
2020-10-30 10:38:04,BA,143.91,4,BID
2020-10-30 10:38:04,BA,143.98,7,ASK
2020-10-30 10:38:05,BA,143.92,2,BID
2020-10-30 10:38:05,BA,143.97,4,ASK
2020-10-30 10:38:06,BA,143.95,4,BID
2020-10-30 10:38:06,BA,143.99,2,ASK
2020-10-30 10:38:06,BA,143.93,2,BID
2020-10-30 10:38:06,BA,143.95,1,ASK
2020-10-30 10:38:07,BA,143.92,7,BID
2020-10-30 10:38:07,BA,143.94,2,ASK
2020-10-30 10:38:07,BA,143.92,8,BID
2020-10-30 10:38:07,BA,143.95,3,ASK
2020-10-30 10:38:09,BA,143.91,6,BID
2020-10-30 10:38:09,BA,143.95,11,ASK
2020-10-30 10:38:09,BA,143.91,6,BID
2020-10-30 10:38:09,BA,143.95,11,ASK
2020-10-30 10:38:11,BA,143.92,4,BID
2020-10-30 10:38:11,BA,143.96,4,ASK
2020-10-30 10:38:12,BA,143.86,1,BID
2020-10-30 10:38:12,BA,143.93,11,ASK
2020-10-30 10:38:13,BA,143.81,5,BID
2020-10-30 10:38:13,BA,143.9,2,ASK
2020-10-30 10:37:49,BA,143.8,4,BID
2020-10-30 10:38:13,BA,143.87,2,ASK
2020-10-30 10:38:15,BA,143.85,1,BID
2020-10-30 10:38:15,BA,143.95,2,ASK
2020-10-30 10:38:15,BA,143.87,1,BID
2020-10-30 10:38:15,BA,143.93,3,ASK
2020-10-30 10:38:17,BA,143.82,2,BID
2020-10-30 10:38:17,BA,143.92,7,ASK
2020-10-30 10:38:17,BA,143.8,7,BID
2020-10-30 10:38:17,BA,143.87,2,ASK
2020-10-30 10:38:19,BA,143.8,7,BID
2020-10-30 10:38:19,BA,143.86,3,ASK
2020-10-30 10:38:19,BA,143.81,1,BID
2020-10-30 10:38:19,BA,143.86,3,ASK
2020-10-30 10:38:20,BA,143.85,5,BID
2020-10-30 10:38:20,BA,143.9,4,ASK
2020-10-30 10:38:21,BA,143.87,6,BID
2020-10-30 10:38:21,BA,143.92,10,ASK
2020-10-30 10:38:22,BA,143.89,2,BID
2020-10-30 10:38:22,BA,143.92,3,ASK
2020-10-30 10:38:23,BA,143.93,2,BID
2020-10-30 10:38:23,BA,144.0,18,ASK
2020-10-30 10:38:24,BA,143.98,6,BID
2020-10-30 10:38:24,BA,144.04,4,ASK
2020-10-30 10:38:27,BA,143.91,2,BID
2020-10-30 10:38:27,BA,143.98,5,ASK
2020-10-30 10:38:26,BA,143.9,4,BID
2020-10-30 10:38:28,BA,143.97,1,ASK
2020-10-30 10:38:28,BA,143.87,7,BID
2020-10-30 10:38:29,BA,143.96,10,ASK
2020-10-30 10:38:28,BA,143.87,7,BID
2020-10-30 10:38:30,BA,143.93,19,ASK
2020-10-30 10:38:32,BA,143.82,1,BID
2020-10-30 10:38:32,BA,143.9,4,ASK
2020-10-30 10:38:33,BA,143.82,2,BID
2020-10-30 10:38:33,BA,143.9,4,ASK
2020-10-30 10:38:33,BA,143.85,2,BID
2020-10-30 10:38:33,BA,143.9,4,ASK
2020-10-30 10:38:33,BA,143.82,2,BID
2020-10-30 10:38:35,BA,143.9,1,ASK
2020-10-30 10:38:36,BA,143.76,2,BID
2020-10-30 10:38:36,BA,143.83,19,ASK
2020-10-30 10:38:37,BA,143.8,1,BID
2020-10-30 10:38:36,BA,143.83,17,ASK
2020-10-30 10:38:37,BA,143.81,4,BID
2020-10-30 10:38:37,BA,143.9,6,ASK
2020-10-30 10:38:37,BA,143.81,4,BID
2020-10-30 10:38:37,BA,143.9,6,ASK
2020-10-30 10:38:39,BA,143.77,1,BID
2020-10-30 10:38:38,BA,143.89,13,ASK
2020-10-30 10:38:40,BA,143.77,3,BID
2020-10-30 10:38:39,BA,143.89,14,ASK
2020-10-30 10:38:40,BA,143.77,3,BID
2020-10-30 10:38:39,BA,143.89,14,ASK
2020-10-30 10:38:41,BA,143.78,2,BID
2020-10-30 10:38:39,BA,143.89,14,ASK
2020-10-30 10:38:43,BA,143.71,3,BID
2020-10-30 10:38:43,BA,143.81,2,ASK
2020-10-30 10:38:44,BA,143.72,2,BID
2020-10-30 10:38:44,BA,143.81,2,ASK
2020-10-30 10:38:45,BA,143.72,12,BID
2020-10-30 10:38:46,BA,143.85,4,ASK
2020-10-30 10:38:47,BA,143.83,1,BID
2020-10-30 10:38:47,BA,143.89,4,ASK
2020-10-30 10:38:47,BA,143.83,1,BID
2020-10-30 10:38:47,BA,143.89,4,ASK
2020-10-30 10:38:49,BA,143.87,14,BID
2020-10-30 10:38:49,BA,143.95,4,ASK
2020-10-30 10:38:50,BA,143.86,2,BID
2020-10-30 10:38:50,BA,143.95,4,ASK
2020-10-30 10:38:50,BA,143.88,11,BID
2020-10-30 10:38:50,BA,143.97,4,ASK
2020-10-30 10:38:51,BA,143.99,3,BID
2020-10-30 10:38:51,BA,144.08,3,ASK
2020-10-30 10:38:51,BA,143.99,4,BID
2020-10-30 10:38:51,BA,144.08,6,ASK
2020-10-30 10:38:52,BA,144.01,2,BID
2020-10-30 10:38:52,BA,144.08,5,ASK
2020-10-30 10:38:52,BA,144.01,8,BID
2020-10-30 10:38:52,BA,144.09,22,ASK
2020-10-30 10:38:53,BA,144.04,3,BID
2020-10-30 10:38:53,BA,144.13,6,ASK
2020-10-30 10:38:54,BA,144.06,2,BID
2020-10-30 10:38:54,BA,144.13,10,ASK
2020-10-30 10:38:55,BA,144.02,4,BID
2020-10-30 10:38:55,BA,144.09,1,ASK
2020-10-30 10:38:55,BA,144.02,4,BID
2020-10-30 10:38:55,BA,144.09,1,ASK
2020-10-30 10:38:57,BA,144.03,3,BID
2020-10-30 10:38:57,BA,144.12,13,ASK
2020-10-30 10:38:58,BA,144.03,3,BID
2020-10-30 10:38:59,BA,144.11,3,ASK
2020-10-30 10:39:00,BA,144.03,5,BID
2020-10-30 10:39:00,BA,144.1,5,ASK
2020-10-30 10:39:00,BA,144.03,7,BID
2020-10-30 10:39:00,BA,144.1,5,ASK
2020-10-30 10:39:02,BA,144.05,9,BID
2020-10-30 10:39:02,BA,144.12,2,ASK
2020-10-30 10:39:02,BA,144.08,5,BID
2020-10-30 10:39:02,BA,144.16,4,ASK
2020-10-30 10:39:03,BA,144.09,1,BID
2020-10-30 10:39:02,BA,144.16,4,ASK
2020-10-30 10:39:03,BA,144.09,1,BID
2020-10-30 10:39:02,BA,144.16,4,ASK
2020-10-30 10:39:04,BA,144.09,1,BID
2020-10-30 10:39:04,BA,144.16,8,ASK
2020-10-30 10:39:05,BA,144.09,1,BID
2020-10-30 10:39:05,BA,144.14,3,ASK
2020-10-30 10:39:06,BA,144.08,5,BID
2020-10-30 10:39:06,BA,144.13,3,ASK
2020-10-30 10:39:07,BA,144.04,4,BID
2020-10-30 10:39:07,BA,144.12,10,ASK
2020-10-30 10:38:52,BA,144.0,11,BID
2020-10-30 10:39:09,BA,144.06,1,ASK
2020-10-30 10:38:51,BA,143.98,6,BID
2020-10-30 10:39:10,BA,144.02,3,ASK
2020-10-30 10:38:51,BA,143.98,6,BID
2020-10-30 10:39:10,BA,144.02,3,ASK
2020-10-30 10:39:10,BA,143.94,1,BID
2020-10-30 10:39:10,BA,144.02,3,ASK
2020-10-30 10:39:12,BA,143.88,2,BID
2020-10-30 10:39:12,BA,144.0,2,ASK
2020-10-30 10:39:13,BA,143.89,1,BID
2020-10-30 10:39:13,BA,144.0,3,ASK
2020-10-30 10:39:13,BA,143.89,3,BID
2020-10-30 10:39:13,BA,144.0,2,ASK
2020-10-30 10:39:15,BA,143.9,2,BID
2020-10-30 10:39:15,BA,144.0,4,ASK
2020-10-30 10:39:17,BA,143.99,3,BID
2020-10-30 10:39:17,BA,144.07,4,ASK
2020-10-30 10:39:20,BA,144.0,1,BID
2020-10-30 10:39:20,BA,144.09,4,ASK
2020-10-30 10:39:22,BA,144.02,2,BID
2020-10-30 10:39:22,BA,144.09,2,ASK
2020-10-30 10:39:24,BA,144.07,6,BID
2020-10-30 10:39:24,BA,144.1,4,ASK
2020-10-30 10:39:26,BA,144.05,3,BID
2020-10-30 10:39:26,BA,144.09,2,ASK
2020-10-30 10:39:28,BA,144.02,4,BID
2020-10-30 10:39:28,BA,144.08,3,ASK
2020-10-30 10:39:28,BA,143.98,1,BID
2020-10-30 10:39:27,BA,144.09,15,ASK
2020-10-30 10:39:29,BA,143.98,1,BID
2020-10-30 10:39:29,BA,144.03,2,ASK
2020-10-30 10:39:30,BA,143.98,1,BID
2020-10-30 10:39:30,BA,144.03,1,ASK
2020-10-30 10:39:32,BA,144.02,1,BID
2020-10-30 10:39:32,BA,144.07,2,ASK
2020-10-30 10:39:32,BA,144.02,1,BID
2020-10-30 10:39:32,BA,144.06,3,ASK
2020-10-30 10:39:32,BA,144.02,1,BID
2020-10-30 10:39:32,BA,144.06,3,ASK
2020-10-30 10:39:33,BA,143.98,2,BID
2020-10-30 10:39:33,BA,144.07,12,ASK
2020-10-30 10:39:36,BA,143.97,2,BID
2020-10-30 10:39:36,BA,144.03,12,ASK
2020-10-30 10:39:37,BA,143.97,4,BID
2020-10-30 10:39:37,BA,144.04,23,ASK
2020-10-30 10:39:37,BA,143.97,4,BID
2020-10-30 10:39:37,BA,144.04,23,ASK
2020-10-30 10:39:39,BA,143.92,2,BID
2020-10-30 10:39:39,BA,143.99,14,ASK
2020-10-30 10:39:41,BA,143.92,4,BID
2020-10-30 10:39:41,BA,144.0,10,ASK
2020-10-30 10:39:41,BA,143.92,4,BID
2020-10-30 10:39:41,BA,144.0,10,ASK
2020-10-30 10:39:41,BA,143.92,4,BID
2020-10-30 10:39:41,BA,144.0,10,ASK
2020-10-30 10:39:46,BA,143.89,1,BID
2020-10-30 10:39:46,BA,143.93,5,ASK
2020-10-30 10:39:46,BA,143.89,2,BID
2020-10-30 10:39:46,BA,143.93,4,ASK
2020-10-30 10:39:46,BA,143.89,2,BID
2020-10-30 10:39:46,BA,143.93,4,ASK
2020-10-30 10:39:47,BA,143.89,4,BID
2020-10-30 10:39:47,BA,143.95,2,ASK
2020-10-30 10:39:47,BA,143.9,1,BID
2020-10-30 10:39:47,BA,143.97,2,ASK
2020-10-30 10:39:47,BA,143.89,8,BID
2020-10-30 10:39:48,BA,143.97,2,ASK
2020-10-30 10:39:49,BA,143.89,6,BID
2020-10-30 10:39:49,BA,143.96,12,ASK
2020-10-30 10:39:52,BA,143.9,2,BID
2020-10-30 10:39:52,BA,143.97,15,ASK
2020-10-30 10:39:50,BA,143.89,5,BID
2020-10-30 10:39:54,BA,143.96,3,ASK
2020-10-30 10:39:56,BA,143.91,22,BID
2020-10-30 10:39:56,BA,144.0,13,ASK
2020-10-30 10:39:56,BA,143.91,17,BID
2020-10-30 10:39:56,BA,144.0,13,ASK
2020-10-30 10:39:56,BA,143.91,16,BID
2020-10-30 10:39:57,BA,144.0,27,ASK
2020-10-30 10:39:59,BA,143.92,3,BID
2020-10-30 10:39:59,BA,143.98,3,ASK
2020-10-30 10:40:00,BA,143.91,18,BID
2020-10-30 10:40:00,BA,143.96,3,ASK
2020-10-30 10:40:00,BA,143.9,11,BID
2020-10-30 10:40:00,BA,143.91,22,ASK
2020-10-30 10:39:50,BA,143.89,5,BID
2020-10-30 10:40:00,BA,143.9,15,ASK
2020-10-30 10:40:00,BA,143.88,10,BID
2020-10-30 10:40:00,BA,143.9,20,ASK
2020-10-30 10:40:00,BA,143.88,10,BID
2020-10-30 10:40:00,BA,143.9,20,ASK
2020-10-30 10:40:00,BA,143.88,10,BID
2020-10-30 10:40:00,BA,143.9,4,ASK
2020-10-30 10:40:00,BA,143.88,10,BID
2020-10-30 10:40:00,BA,143.9,4,ASK
2020-10-30 10:40:00,BA,143.88,10,BID
2020-10-30 10:40:00,BA,143.9,4,ASK
2020-10-30 10:40:00,BA,143.86,21,BID
2020-10-30 10:40:00,BA,143.89,3,ASK
2020-10-30 10:40:01,BA,143.8,11,BID
2020-10-30 10:40:01,BA,143.89,2,ASK
2020-10-30 10:40:02,BA,143.81,3,BID
2020-10-30 10:40:02,BA,143.89,2,ASK
2020-10-30 10:40:03,BA,143.75,4,BID
2020-10-30 10:40:03,BA,143.84,3,ASK
2020-10-30 10:40:03,BA,143.75,4,BID
2020-10-30 10:40:03,BA,143.89,3,ASK
2020-10-30 10:40:05,BA,143.75,4,BID
2020-10-30 10:40:05,BA,143.88,1,ASK
2020-10-30 10:40:06,BA,143.75,4,BID
2020-10-30 10:40:07,BA,143.87,8,ASK
2020-10-30 10:40:07,BA,143.76,1,BID
2020-10-30 10:40:07,BA,143.87,8,ASK
2020-10-30 10:40:09,BA,143.76,2,BID
2020-10-30 10:40:07,BA,143.87,7,ASK
2020-10-30 10:40:10,BA,143.76,2,BID
2020-10-30 10:40:10,BA,143.86,1,ASK
2020-10-30 10:40:10,BA,143.77,1,BID
2020-10-30 10:40:10,BA,143.86,1,ASK
2020-10-30 10:40:11,BA,143.76,2,BID
2020-10-30 10:40:11,BA,143.86,2,ASK
2020-10-30 10:40:12,BA,143.77,1,BID
2020-10-30 10:40:07,BA,143.87,7,ASK
2020-10-30 10:40:13,BA,143.76,3,BID
2020-10-30 10:40:12,BA,143.87,9,ASK
2020-10-30 10:40:13,BA,143.76,3,BID
2020-10-30 10:40:12,BA,143.87,9,ASK
2020-10-30 10:40:06,BA,143.75,5,BID
2020-10-30 10:40:14,BA,143.82,3,ASK
2020-10-30 10:37:47,BA,143.71,5,BID
2020-10-30 10:40:14,BA,143.82,3,ASK
2020-10-30 10:40:17,BA,143.75,1,BID
2020-10-30 10:40:17,BA,143.84,2,ASK
2020-10-30 10:40:17,BA,143.75,1,BID
2020-10-30 10:40:17,BA,143.84,2,ASK
2020-10-30 10:37:47,BA,143.71,3,BID
2020-10-30 10:40:18,BA,143.83,3,ASK
2020-10-30 10:37:47,BA,143.71,3,BID
2020-10-30 10:40:18,BA,143.83,3,ASK
2020-10-30 10:40:18,BA,143.77,13,BID
2020-10-30 10:40:18,BA,143.83,3,ASK
2020-10-30 10:40:18,BA,143.77,13,BID
2020-10-30 10:40:18,BA,143.83,3,ASK
2020-10-30 10:40:18,BA,143.77,13,BID
2020-10-30 10:40:18,BA,143.83,3,ASK
2020-10-30 10:40:18,BA,143.77,13,BID
2020-10-30 10:40:18,BA,143.83,3,ASK
2020-10-30 10:37:47,BA,143.71,2,BID
2020-10-30 10:40:19,BA,143.8,2,ASK
2020-10-30 10:40:19,BA,143.71,1,BID
2020-10-30 10:40:19,BA,143.81,3,ASK
2020-10-30 10:40:27,BA,143.73,2,BID
2020-10-30 10:40:27,BA,143.8,2,ASK
2020-10-30 10:40:30,BA,143.73,2,BID
2020-10-30 10:40:30,BA,143.8,4,ASK
2020-10-30 10:40:31,BA,143.67,14,BID
2020-10-30 10:40:31,BA,143.73,3,ASK
2020-10-30 10:40:32,BA,143.67,10,BID
2020-10-30 10:40:32,BA,143.72,3,ASK
2020-10-30 10:40:32,BA,143.67,10,BID
2020-10-30 10:40:32,BA,143.72,1,ASK
2020-10-30 10:40:33,BA,143.71,1,BID
2020-10-30 10:40:33,BA,143.76,3,ASK
2020-10-30 10:40:34,BA,143.67,7,BID
2020-10-30 10:40:34,BA,143.76,3,ASK
2020-10-30 10:40:35,BA,143.67,3,BID
2020-10-30 10:40:35,BA,143.75,20,ASK
2020-10-30 10:40:36,BA,143.7,1,BID
2020-10-30 10:40:36,BA,143.76,3,ASK
2020-10-30 10:40:37,BA,143.7,4,BID
2020-10-30 10:40:37,BA,143.77,5,ASK
2020-10-30 10:40:38,BA,143.74,1,BID
2020-10-30 10:40:38,BA,143.78,6,ASK
2020-10-30 10:40:40,BA,143.7,3,BID
2020-10-30 10:40:38,BA,143.78,6,ASK
2020-10-30 10:40:40,BA,143.72,1,BID
2020-10-30 10:40:41,BA,143.78,5,ASK
2020-10-30 10:40:40,BA,143.7,3,BID
2020-10-30 10:40:41,BA,143.78,5,ASK
2020-10-30 10:40:43,BA,143.67,2,BID
2020-10-30 10:40:43,BA,143.71,3,ASK
2020-10-30 10:40:45,BA,143.69,2,BID
2020-10-30 10:40:45,BA,143.75,2,ASK
2020-10-30 10:40:46,BA,143.69,5,BID
2020-10-30 10:40:46,BA,143.75,3,ASK
2020-10-30 10:40:46,BA,143.68,1,BID
2020-10-30 10:40:46,BA,143.73,3,ASK
2020-10-30 10:40:48,BA,143.67,4,BID
2020-10-30 10:40:48,BA,143.72,3,ASK
2020-10-30 10:40:48,BA,143.67,4,BID
2020-10-30 10:40:48,BA,143.72,3,ASK
2020-10-30 10:40:51,BA,143.61,8,BID
2020-10-30 10:40:51,BA,143.7,5,ASK
2020-10-30 10:40:51,BA,143.63,1,BID
2020-10-30 10:40:51,BA,143.7,5,ASK
2020-10-30 10:40:53,BA,143.61,8,BID
2020-10-30 10:40:53,BA,143.7,6,ASK
2020-10-30 10:40:53,BA,143.61,5,BID
2020-10-30 10:40:54,BA,143.68,2,ASK
2020-10-30 10:40:55,BA,143.67,1,BID
2020-10-30 10:40:54,BA,143.7,6,ASK
2020-10-30 10:40:55,BA,143.67,1,BID
2020-10-30 10:40:55,BA,143.7,6,ASK
2020-10-30 10:40:56,BA,143.61,5,BID
2020-10-30 10:40:56,BA,143.66,3,ASK
2020-10-30 10:40:57,BA,143.61,5,BID
2020-10-30 10:40:57,BA,143.7,15,ASK
2020-10-30 10:40:58,BA,143.61,6,BID
2020-10-30 10:40:57,BA,143.69,12,ASK
2020-10-30 10:40:59,BA,143.63,2,BID
2020-10-30 10:40:59,BA,143.7,19,ASK
2020-10-30 10:41:00,BA,143.62,3,BID
2020-10-30 10:41:00,BA,143.68,11,ASK
2020-10-30 10:41:00,BA,143.62,3,BID
2020-10-30 10:41:00,BA,143.65,2,ASK
2020-10-30 10:41:02,BA,143.63,1,BID
2020-10-30 10:41:02,BA,143.67,4,ASK
2020-10-30 10:41:03,BA,143.62,3,BID
2020-10-30 10:41:03,BA,143.66,2,ASK
2020-10-30 10:41:04,BA,143.63,1,BID
2020-10-30 10:41:04,BA,143.68,14,ASK
2020-10-30 10:41:05,BA,143.63,4,BID
2020-10-30 10:40:59,BA,143.7,19,ASK
2020-10-30 10:41:06,BA,143.64,3,BID
2020-10-30 10:41:06,BA,143.69,3,ASK
2020-10-30 10:41:04,BA,143.62,8,BID
2020-10-30 10:41:07,BA,143.65,2,ASK
2020-10-30 10:41:08,BA,143.63,2,BID
2020-10-30 10:41:08,BA,143.69,4,ASK
2020-10-30 10:41:08,BA,143.63,4,BID
2020-10-30 10:41:08,BA,143.69,4,ASK
2020-10-30 10:41:10,BA,143.64,3,BID
2020-10-30 10:41:10,BA,143.69,4,ASK
2020-10-30 10:41:12,BA,143.7,1,BID
2020-10-30 10:41:12,BA,143.74,9,ASK
2020-10-30 10:41:13,BA,143.7,2,BID
2020-10-30 10:41:13,BA,143.75,10,ASK
2020-10-30 10:41:13,BA,143.7,2,BID
2020-10-30 10:41:13,BA,143.75,10,ASK
2020-10-30 10:41:15,BA,143.65,2,BID
2020-10-30 10:41:15,BA,143.73,2,ASK
2020-10-30 10:41:16,BA,143.65,4,BID
2020-10-30 10:41:16,BA,143.73,2,ASK
2020-10-30 10:41:16,BA,143.65,4,BID
2020-10-30 10:41:17,BA,143.73,2,ASK
2020-10-30 10:41:16,BA,143.65,4,BID
2020-10-30 10:41:17,BA,143.73,2,ASK
2020-10-30 10:41:12,BA,143.63,12,BID
2020-10-30 10:41:19,BA,143.68,1,ASK
2020-10-30 10:41:20,BA,143.62,9,BID
2020-10-30 10:41:20,BA,143.68,11,ASK
2020-10-30 10:41:20,BA,143.62,9,BID
2020-10-30 10:41:20,BA,143.7,2,ASK
2020-10-30 10:41:22,BA,143.6,1,BID
2020-10-30 10:41:22,BA,143.69,1,ASK
2020-10-30 10:41:22,BA,143.56,3,BID
2020-10-30 10:41:22,BA,143.62,2,ASK
2020-10-30 10:41:22,BA,143.55,3,BID
2020-10-30 10:41:22,BA,143.62,2,ASK
2020-10-30 10:41:23,BA,143.55,3,BID
2020-10-30 10:41:23,BA,143.62,2,ASK
2020-10-30 10:41:23,BA,143.55,4,BID
2020-10-30 10:41:23,BA,143.67,3,ASK
2020-10-30 10:41:24,BA,143.56,1,BID
2020-10-30 10:41:24,BA,143.62,2,ASK
2020-10-30 10:41:25,BA,143.56,2,BID
2020-10-30 10:41:25,BA,143.62,2,ASK
2020-10-30 10:41:26,BA,143.59,2,BID
2020-10-30 10:41:19,BA,143.72,16,ASK
2020-10-30 10:41:26,BA,143.58,3,BID
2020-10-30 10:41:19,BA,143.72,16,ASK
2020-10-30 10:41:27,BA,143.58,3,BID
2020-10-30 10:41:19,BA,143.72,16,ASK
2020-10-30 10:41:28,BA,143.56,2,BID
2020-10-30 10:41:28,BA,143.71,2,ASK
2020-10-30 10:41:28,BA,143.57,1,BID
2020-10-30 10:41:19,BA,143.72,16,ASK
2020-10-30 10:41:29,BA,143.58,2,BID
2020-10-30 10:41:19,BA,143.72,16,ASK
2020-10-30 10:41:31,BA,143.58,6,BID
2020-10-30 10:41:31,BA,143.71,1,ASK
2020-10-30 10:41:32,BA,143.59,1,BID
2020-10-30 10:41:31,BA,143.72,6,ASK
2020-10-30 10:41:34,BA,143.6,1,BID
2020-10-30 10:41:34,BA,143.72,7,ASK
2020-10-30 10:41:35,BA,143.6,2,BID
2020-10-30 10:41:34,BA,143.72,7,ASK
2020-10-30 10:41:36,BA,143.61,2,BID
2020-10-30 10:41:36,BA,143.72,7,ASK
2020-10-30 10:41:37,BA,143.58,5,BID
2020-10-30 10:41:37,BA,143.72,8,ASK
2020-10-30 10:41:38,BA,143.58,5,BID
2020-10-30 10:41:38,BA,143.72,9,ASK
2020-10-30 10:41:40,BA,143.53,3,BID
2020-10-30 10:41:39,BA,143.62,14,ASK
2020-10-30 10:41:40,BA,143.53,3,BID
2020-10-30 10:41:40,BA,143.65,2,ASK
2020-10-30 10:41:40,BA,143.53,3,BID
2020-10-30 10:41:40,BA,143.65,2,ASK
2020-10-30 10:41:42,BA,143.53,4,BID
2020-10-30 10:41:42,BA,143.62,13,ASK
2020-10-30 10:41:43,BA,143.54,1,BID
2020-10-30 10:41:42,BA,143.64,7,ASK
2020-10-30 10:41:43,BA,143.55,3,BID
2020-10-30 10:41:43,BA,143.65,2,ASK
2020-10-30 10:41:44,BA,143.55,3,BID
2020-10-30 10:41:44,BA,143.65,2,ASK
2020-10-30 10:41:45,BA,143.55,3,BID
2020-10-30 10:41:45,BA,143.7,1,ASK
2020-10-30 10:41:45,BA,143.55,3,BID
2020-10-30 10:41:45,BA,143.7,1,ASK
2020-10-30 10:41:47,BA,143.56,14,BID
2020-10-30 10:41:47,BA,143.72,10,ASK
2020-10-30 10:41:47,BA,143.56,15,BID
2020-10-30 10:41:47,BA,143.71,1,ASK
2020-10-30 10:41:49,BA,143.56,12,BID
2020-10-30 10:41:48,BA,143.72,10,ASK
2020-10-30 10:41:50,BA,143.67,1,BID
2020-10-30 10:41:50,BA,143.77,4,ASK
2020-10-30 10:41:50,BA,143.67,4,BID
2020-10-30 10:41:50,BA,143.78,14,ASK
2020-10-30 10:41:50,BA,143.67,4,BID
2020-10-30 10:41:50,BA,143.78,14,ASK
2020-10-30 10:41:50,BA,143.55,10,BID
2020-10-30 10:41:50,BA,143.78,14,ASK
2020-10-30 10:41:51,BA,143.56,3,BID
2020-10-30 10:41:51,BA,143.78,15,ASK
2020-10-30 10:41:52,BA,143.57,3,BID
2020-10-30 10:41:52,BA,143.8,2,ASK
2020-10-30 10:41:53,BA,143.57,2,BID
2020-10-30 10:41:53,BA,143.8,2,ASK
2020-10-30 10:41:54,BA,143.65,2,BID
2020-10-30 10:41:54,BA,143.8,4,ASK
2020-10-30 10:41:56,BA,143.66,1,BID
2020-10-30 10:41:56,BA,143.78,7,ASK
2020-10-30 10:41:56,BA,143.66,3,BID
2020-10-30 10:41:56,BA,143.78,3,ASK
2020-10-30 10:41:58,BA,143.67,3,BID
2020-10-30 10:41:58,BA,143.78,3,ASK
2020-10-30 10:41:58,BA,143.68,10,BID
2020-10-30 10:41:58,BA,143.81,7,ASK
2020-10-30 10:41:59,BA,143.67,3,BID
2020-10-30 10:41:59,BA,143.8,1,ASK
2020-10-30 10:42:00,BA,143.61,4,BID
2020-10-30 10:42:00,BA,143.8,2,ASK
2020-10-30 10:42:00,BA,143.61,1,BID
2020-10-30 10:42:00,BA,143.8,2,ASK
2020-10-30 10:42:01,BA,143.59,4,BID
2020-10-30 10:42:01,BA,143.77,1,ASK
2020-10-30 10:42:02,BA,143.59,9,BID
2020-10-30 10:42:02,BA,143.78,7,ASK
2020-10-30 10:42:03,BA,143.59,9,BID
2020-10-30 10:42:03,BA,143.78,7,ASK
2020-10-30 10:42:03,BA,143.59,9,BID
2020-10-30 10:42:03,BA,143.74,1,ASK
2020-10-30 10:42:04,BA,143.57,3,BID
2020-10-30 10:42:04,BA,143.73,7,ASK
2020-10-30 10:42:04,BA,143.58,1,BID
2020-10-30 10:42:04,BA,143.72,1,ASK
2020-10-30 10:42:05,BA,143.57,3,BID
2020-10-30 10:42:05,BA,143.67,1,ASK
2020-10-30 10:42:05,BA,143.57,3,BID
2020-10-30 10:42:05,BA,143.72,1,ASK
2020-10-30 10:42:05,BA,143.57,3,BID
2020-10-30 10:42:05,BA,143.72,1,ASK
2020-10-30 10:42:06,BA,143.55,18,BID
2020-10-30 10:42:06,BA,143.7,2,ASK
2020-10-30 10:42:08,BA,143.55,18,BID
2020-10-30 10:42:08,BA,143.62,3,ASK
2020-10-30 10:42:09,BA,143.56,13,BID
2020-10-30 10:42:09,BA,143.61,1,ASK
2020-10-30 10:42:11,BA,143.55,8,BID
2020-10-30 10:42:11,BA,143.61,1,ASK
2020-10-30 10:42:11,BA,143.55,9,BID
2020-10-30 10:42:11,BA,143.61,1,ASK
2020-10-30 10:42:12,BA,143.56,2,BID
2020-10-30 10:42:12,BA,143.61,1,ASK
2020-10-30 10:42:13,BA,143.57,4,BID
2020-10-30 10:42:12,BA,143.61,2,ASK
2020-10-30 10:42:13,BA,143.57,5,BID
2020-10-30 10:42:12,BA,143.61,3,ASK
2020-10-30 10:42:10,BA,143.55,8,BID
2020-10-30 10:42:15,BA,143.61,1,ASK
2020-10-30 10:42:16,BA,143.55,9,BID
2020-10-30 10:42:16,BA,143.6,2,ASK
2020-10-30 10:42:16,BA,143.55,9,BID
2020-10-30 10:42:17,BA,143.6,2,ASK
2020-10-30 10:42:18,BA,143.46,1,BID
2020-10-30 10:42:18,BA,143.51,8,ASK
2020-10-30 10:42:18,BA,143.42,4,BID
2020-10-30 10:42:18,BA,143.48,1,ASK
2020-10-30 10:42:19,BA,143.42,4,BID
2020-10-30 10:42:19,BA,143.5,11,ASK
2020-10-30 10:42:20,BA,143.4,2,BID
2020-10-30 10:42:21,BA,143.44,2,ASK
2020-10-30 10:42:22,BA,143.39,1,BID
2020-10-30 10:42:22,BA,143.47,7,ASK
2020-10-30 10:42:23,BA,143.38,1,BID
2020-10-30 10:42:23,BA,143.46,2,ASK
2020-10-30 10:42:25,BA,143.39,3,BID
2020-10-30 10:42:25,BA,143.49,17,ASK
2020-10-30 10:42:26,BA,143.46,2,BID
2020-10-30 10:42:26,BA,143.57,14,ASK
2020-10-30 10:42:27,BA,143.47,4,BID
2020-10-30 10:42:27,BA,143.57,14,ASK
2020-10-30 10:42:28,BA,143.47,5,BID
2020-10-30 10:42:28,BA,143.57,14,ASK
2020-10-30 10:42:29,BA,143.5,2,BID
2020-10-30 10:42:29,BA,143.57,15,ASK
2020-10-30 10:42:30,BA,143.5,2,BID
2020-10-30 10:42:30,BA,143.57,14,ASK
2020-10-30 10:42:31,BA,143.43,1,BID
2020-10-30 10:42:31,BA,143.53,16,ASK
2020-10-30 10:42:34,BA,143.41,1,BID
2020-10-30 10:42:34,BA,143.52,2,ASK
2020-10-30 10:42:35,BA,143.4,5,BID
2020-10-30 10:42:35,BA,143.46,2,ASK
2020-10-30 10:42:36,BA,143.38,1,BID
2020-10-30 10:42:36,BA,143.45,8,ASK
2020-10-30 10:42:37,BA,143.38,1,BID
2020-10-30 10:42:37,BA,143.47,1,ASK
2020-10-30 10:42:38,BA,143.38,1,BID
2020-10-30 10:42:38,BA,143.43,3,ASK
2020-10-30 10:42:38,BA,143.4,2,BID
2020-10-30 10:42:38,BA,143.47,12,ASK
2020-10-30 10:42:39,BA,143.4,1,BID
2020-10-30 10:42:39,BA,143.45,4,ASK
2020-10-30 10:42:41,BA,143.4,1,BID
2020-10-30 10:42:41,BA,143.45,3,ASK
2020-10-30 10:42:42,BA,143.42,4,BID
2020-10-30 10:42:42,BA,143.47,13,ASK
2020-10-30 10:42:43,BA,143.44,12,BID
2020-10-30 10:42:43,BA,143.47,7,ASK
2020-10-30 10:42:43,BA,143.44,12,BID
2020-10-30 10:42:43,BA,143.47,7,ASK
2020-10-30 10:42:45,BA,143.47,10,BID
2020-10-30 10:42:45,BA,143.59,1,ASK
2020-10-30 10:42:46,BA,143.5,1,BID
2020-10-30 10:42:46,BA,143.57,1,ASK
2020-10-30 10:42:47,BA,143.4,8,BID
2020-10-30 10:42:48,BA,143.5,2,ASK
2020-10-30 10:42:49,BA,143.4,10,BID
2020-10-30 10:42:50,BA,143.5,3,ASK
2020-10-30 10:42:50,BA,143.4,15,BID
2020-10-30 10:42:50,BA,143.5,3,ASK
2020-10-30 10:42:51,BA,143.4,15,BID
2020-10-30 10:42:51,BA,143.48,4,ASK
2020-10-30 10:42:52,BA,143.42,1,BID
2020-10-30 10:42:52,BA,143.48,3,ASK
2020-10-30 10:42:53,BA,143.42,4,BID
2020-10-30 10:42:53,BA,143.48,3,ASK
2020-10-30 10:42:54,BA,143.42,6,BID
2020-10-30 10:42:54,BA,143.5,2,ASK
2020-10-30 10:42:55,BA,143.43,8,BID
2020-10-30 10:42:55,BA,143.5,2,ASK
2020-10-30 10:42:55,BA,143.42,8,BID
2020-10-30 10:42:55,BA,143.48,1,ASK
2020-10-30 10:42:56,BA,143.42,8,BID
2020-10-30 10:42:56,BA,143.48,2,ASK
2020-10-30 10:42:57,BA,143.42,8,BID
2020-10-30 10:42:56,BA,143.48,2,ASK
2020-10-30 10:42:58,BA,143.4,18,BID
2020-10-30 10:42:58,BA,143.47,1,ASK
2020-10-30 10:42:59,BA,143.37,3,BID
2020-10-30 10:42:59,BA,143.48,6,ASK
2020-10-30 10:43:00,BA,143.41,4,BID
2020-10-30 10:42:59,BA,143.48,6,ASK
2020-10-30 10:43:00,BA,143.45,7,BID
2020-10-30 10:42:59,BA,143.48,4,ASK
2020-10-30 10:43:00,BA,143.49,1,BID
2020-10-30 10:43:00,BA,143.52,1,ASK
2020-10-30 10:43:01,BA,143.44,1,BID
2020-10-30 10:43:01,BA,143.52,1,ASK
2020-10-30 10:43:01,BA,143.5,1,BID
2020-10-30 10:43:01,BA,143.6,1,ASK
2020-10-30 10:43:01,BA,143.54,2,BID
2020-10-30 10:43:01,BA,143.62,1,ASK
2020-10-30 10:43:01,BA,143.54,2,BID
2020-10-30 10:43:01,BA,143.62,1,ASK
2020-10-30 10:43:02,BA,143.54,2,BID
2020-10-30 10:43:02,BA,143.63,1,ASK
2020-10-30 10:43:03,BA,143.58,1,BID
2020-10-30 10:43:03,BA,143.64,1,ASK
2020-10-30 10:43:03,BA,143.58,1,BID
2020-10-30 10:43:03,BA,143.64,1,ASK
2020-10-30 10:43:03,BA,143.58,3,BID
2020-10-30 10:42:08,BA,143.7,7,ASK
2020-10-30 10:43:04,BA,143.6,5,BID
2020-10-30 10:43:04,BA,143.7,8,ASK
2020-10-30 10:43:04,BA,143.59,21,BID
2020-10-30 10:43:04,BA,143.69,2,ASK
2020-10-30 10:43:05,BA,143.58,12,BID
2020-10-30 10:43:05,BA,143.66,3,ASK
2020-10-30 10:43:05,BA,143.53,1,BID
2020-10-30 10:43:05,BA,143.64,1,ASK
2020-10-30 10:43:05,BA,143.53,2,BID
2020-10-30 10:43:05,BA,143.64,1,ASK
2020-10-30 10:43:05,BA,143.53,2,BID
2020-10-30 10:43:05,BA,143.64,1,ASK
2020-10-30 10:43:07,BA,143.45,1,BID
2020-10-30 10:43:07,BA,143.57,15,ASK
2020-10-30 10:43:07,BA,143.43,1,BID
2020-10-30 10:43:07,BA,143.64,4,ASK
2020-10-30 10:43:08,BA,143.47,2,BID
2020-10-30 10:43:08,BA,143.61,3,ASK
2020-10-30 10:43:08,BA,143.47,2,BID
2020-10-30 10:43:08,BA,143.61,3,ASK
2020-10-30 10:43:09,BA,143.44,3,BID
2020-10-30 10:43:09,BA,143.58,10,ASK
2020-10-30 10:43:10,BA,143.44,3,BID
2020-10-30 10:43:10,BA,143.59,8,ASK
2020-10-30 10:43:10,BA,143.44,3,BID
2020-10-30 10:43:10,BA,143.59,8,ASK
2020-10-30 10:43:12,BA,143.44,5,BID
2020-10-30 10:43:12,BA,143.58,2,ASK
2020-10-30 10:43:13,BA,143.41,5,BID
2020-10-30 10:43:13,BA,143.48,21,ASK
2020-10-30 10:43:13,BA,143.41,5,BID
2020-10-30 10:43:13,BA,143.49,7,ASK
2020-10-30 10:43:13,BA,143.41,5,BID
2020-10-30 10:43:13,BA,143.49,7,ASK
2020-10-30 10:43:13,BA,143.41,5,BID
2020-10-30 10:43:13,BA,143.49,7,ASK
2020-10-30 10:43:13,BA,143.41,5,BID
2020-10-30 10:43:16,BA,143.47,1,ASK
2020-10-30 10:43:13,BA,143.41,6,BID
2020-10-30 10:43:17,BA,143.52,4,ASK
2020-10-30 10:43:13,BA,143.41,5,BID
2020-10-30 10:43:18,BA,143.51,2,ASK
2020-10-30 10:43:18,BA,143.4,1,BID
2020-10-30 10:43:18,BA,143.51,1,ASK
2020-10-30 10:43:19,BA,143.4,1,BID
2020-10-30 10:43:19,BA,143.44,2,ASK
2020-10-30 10:43:19,BA,143.36,9,BID
2020-10-30 10:43:19,BA,143.42,4,ASK
2020-10-30 10:43:21,BA,143.36,9,BID
2020-10-30 10:43:21,BA,143.4,4,ASK
2020-10-30 10:43:21,BA,143.36,9,BID
2020-10-30 10:43:21,BA,143.38,3,ASK
2020-10-30 10:43:22,BA,143.33,12,BID
2020-10-30 10:43:22,BA,143.39,2,ASK
2020-10-30 10:43:22,BA,143.3,14,BID
2020-10-30 10:43:22,BA,143.33,1,ASK
2020-10-30 10:43:22,BA,143.29,5,BID
2020-10-30 10:43:22,BA,143.33,4,ASK
2020-10-30 10:43:23,BA,143.25,18,BID
2020-10-30 10:43:23,BA,143.3,1,ASK
2020-10-30 10:43:23,BA,143.23,1,BID
2020-10-30 10:43:23,BA,143.26,3,ASK
2020-10-30 10:43:23,BA,143.26,1,BID
2020-10-30 10:43:23,BA,143.37,3,ASK
2020-10-30 10:43:24,BA,143.22,2,BID
2020-10-30 10:43:24,BA,143.33,3,ASK
2020-10-30 10:43:24,BA,143.23,11,BID
2020-10-30 10:43:24,BA,143.33,3,ASK
2020-10-30 10:43:25,BA,143.22,1,BID
2020-10-30 10:43:25,BA,143.33,3,ASK
2020-10-30 10:43:26,BA,143.22,2,BID
2020-10-30 10:43:26,BA,143.33,3,ASK
2020-10-30 10:43:27,BA,143.22,4,BID
2020-10-30 10:43:26,BA,143.33,5,ASK
2020-10-30 10:43:27,BA,143.24,2,BID
2020-10-30 10:43:27,BA,143.32,3,ASK
2020-10-30 10:43:30,BA,143.24,11,BID
2020-10-30 10:43:30,BA,143.32,3,ASK
2020-10-30 10:43:31,BA,143.25,10,BID
2020-10-30 10:43:31,BA,143.32,3,ASK
2020-10-30 10:43:32,BA,143.26,2,BID
2020-10-30 10:43:32,BA,143.32,3,ASK
2020-10-30 10:43:32,BA,143.28,3,BID
2020-10-30 10:43:32,BA,143.32,4,ASK
2020-10-30 10:43:33,BA,143.27,2,BID
2020-10-30 10:43:33,BA,143.3,3,ASK
2020-10-30 10:43:34,BA,143.24,14,BID
2020-10-30 10:43:34,BA,143.3,6,ASK
2020-10-30 10:43:35,BA,143.24,14,BID
2020-10-30 10:43:35,BA,143.3,6,ASK
2020-10-30 10:43:27,BA,143.22,3,BID
2020-10-30 10:43:37,BA,143.25,3,ASK
2020-10-30 10:43:38,BA,143.15,10,BID
2020-10-30 10:43:38,BA,143.19,3,ASK
2020-10-30 10:43:39,BA,143.15,10,BID
2020-10-30 10:43:39,BA,143.19,3,ASK
2020-10-30 10:43:40,BA,143.14,2,BID
2020-10-30 10:43:40,BA,143.23,3,ASK
2020-10-30 10:43:40,BA,143.12,3,BID
2020-10-30 10:43:40,BA,143.22,3,ASK
2020-10-30 10:43:41,BA,143.13,1,BID
2020-10-30 10:43:40,BA,143.22,3,ASK
2020-10-30 10:43:43,BA,143.19,7,BID
2020-10-30 10:43:43,BA,143.27,4,ASK
2020-10-30 10:43:45,BA,143.16,3,BID
2020-10-30 10:43:43,BA,143.27,5,ASK
2020-10-30 10:43:45,BA,143.13,1,BID
2020-10-30 10:43:45,BA,143.21,8,ASK
2020-10-30 10:43:46,BA,143.12,3,BID
2020-10-30 10:43:46,BA,143.17,2,ASK
2020-10-30 10:43:46,BA,143.12,3,BID
2020-10-30 10:43:46,BA,143.17,2,ASK
2020-10-30 10:43:47,BA,143.05,3,BID
2020-10-30 10:43:47,BA,143.15,3,ASK
2020-10-30 10:43:47,BA,143.03,3,BID
2020-10-30 10:43:47,BA,143.15,2,ASK
2020-10-30 10:43:47,BA,143.04,3,BID
2020-10-30 10:43:47,BA,143.15,2,ASK
2020-10-30 10:43:48,BA,143.04,1,BID
2020-10-30 10:43:48,BA,143.15,2,ASK
2020-10-30 10:43:48,BA,143.08,1,BID
2020-10-30 10:43:48,BA,143.17,4,ASK
2020-10-30 10:43:49,BA,143.07,5,BID
2020-10-30 10:43:48,BA,143.17,4,ASK
2020-10-30 10:43:49,BA,143.08,1,BID
2020-10-30 10:43:48,BA,143.17,4,ASK
2020-10-30 10:43:49,BA,143.08,4,BID
2020-10-30 10:43:48,BA,143.17,4,ASK
2020-10-30 10:43:49,BA,143.07,4,BID
2020-10-30 10:43:50,BA,143.16,1,ASK
2020-10-30 10:43:50,BA,143.08,1,BID
2020-10-30 10:43:48,BA,143.17,4,ASK
2020-10-30 10:43:50,BA,143.07,4,BID
2020-10-30 10:43:50,BA,143.16,3,ASK
2020-10-30 10:43:50,BA,143.0,111,BID
2020-10-30 10:43:50,BA,143.12,2,ASK
2020-10-30 10:43:51,BA,143.0,83,BID
2020-10-30 10:43:51,BA,143.11,1,ASK
2020-10-30 10:43:51,BA,143.0,73,BID
2020-10-30 10:43:51,BA,143.08,11,ASK
2020-10-30 10:43:51,BA,142.95,2,BID
2020-10-30 10:43:51,BA,143.08,11,ASK
2020-10-30 10:43:52,BA,143.02,2,BID
2020-10-30 10:43:52,BA,143.16,2,ASK
2020-10-30 10:43:52,BA,143.02,4,BID
2020-10-30 10:43:52,BA,143.13,2,ASK
2020-10-30 10:43:52,BA,143.02,4,BID
2020-10-30 10:43:52,BA,143.13,2,ASK
2020-10-30 10:43:53,BA,143.02,4,BID
2020-10-30 10:43:53,BA,143.12,10,ASK
2020-10-30 10:43:53,BA,143.02,3,BID
2020-10-30 10:43:53,BA,143.12,10,ASK
2020-10-30 10:43:53,BA,143.02,3,BID
2020-10-30 10:43:53,BA,143.12,10,ASK
2020-10-30 10:43:54,BA,142.97,5,BID
2020-10-30 10:43:54,BA,143.11,16,ASK
2020-10-30 10:43:54,BA,142.97,5,BID
2020-10-30 10:43:54,BA,143.1,1,ASK
2020-10-30 10:43:55,BA,142.97,5,BID
2020-10-30 10:43:55,BA,143.1,1,ASK
2020-10-30 10:43:55,BA,142.94,1,BID
2020-10-30 10:43:55,BA,143.09,1,ASK
2020-10-30 10:43:55,BA,142.96,1,BID
2020-10-30 10:43:55,BA,143.09,3,ASK
2020-10-30 10:43:55,BA,142.94,3,BID
2020-10-30 10:43:55,BA,143.09,3,ASK
2020-10-30 10:43:56,BA,142.93,1,BID
2020-10-30 10:43:56,BA,143.08,1,ASK
2020-10-30 10:43:56,BA,142.93,1,BID
2020-10-30 10:43:56,BA,143.08,12,ASK
2020-10-30 10:43:56,BA,142.93,3,BID
2020-10-30 10:43:56,BA,143.05,1,ASK
2020-10-30 10:43:57,BA,142.92,1,BID
2020-10-30 10:43:57,BA,143.05,1,ASK
2020-10-30 10:43:57,BA,142.93,1,BID
2020-10-30 10:43:57,BA,143.05,1,ASK
2020-10-30 10:43:58,BA,142.94,1,BID
2020-10-30 10:43:55,BA,143.09,3,ASK
2020-10-30 10:43:59,BA,142.94,1,BID
2020-10-30 10:43:59,BA,143.08,3,ASK
2020-10-30 10:43:59,BA,142.99,10,BID
2020-10-30 10:43:59,BA,143.13,2,ASK
2020-10-30 10:44:00,BA,143.03,2,BID
2020-10-30 10:44:00,BA,143.13,2,ASK
2020-10-30 10:44:00,BA,142.98,22,BID
2020-10-30 10:44:00,BA,143.05,2,ASK
2020-10-30 10:44:01,BA,142.98,22,BID
2020-10-30 10:44:01,BA,143.06,3,ASK
2020-10-30 10:44:02,BA,143.0,4,BID
2020-10-30 10:44:02,BA,143.12,3,ASK
2020-10-30 10:44:03,BA,143.0,4,BID
2020-10-30 10:44:03,BA,143.11,1,ASK
2020-10-30 10:44:03,BA,143.0,4,BID
2020-10-30 10:44:03,BA,143.12,3,ASK
2020-10-30 10:44:04,BA,143.16,14,BID
2020-10-30 10:44:04,BA,143.24,1,ASK
2020-10-30 10:44:04,BA,143.16,13,BID
2020-10-30 10:44:04,BA,143.24,7,ASK
2020-10-30 10:44:04,BA,143.02,5,BID
2020-10-30 10:44:04,BA,143.19,7,ASK
2020-10-30 10:44:05,BA,143.1,3,BID
2020-10-30 10:44:05,BA,143.17,1,ASK
2020-10-30 10:44:05,BA,143.1,4,BID
2020-10-30 10:44:05,BA,143.17,1,ASK
2020-10-30 10:44:06,BA,143.1,5,BID
2020-10-30 10:44:06,BA,143.22,2,ASK
2020-10-30 10:44:06,BA,143.1,4,BID
2020-10-30 10:44:06,BA,143.2,1,ASK
2020-10-30 10:44:06,BA,143.11,1,BID
2020-10-30 10:44:06,BA,143.2,2,ASK
2020-10-30 10:44:07,BA,143.11,9,BID
2020-10-30 10:44:07,BA,143.19,1,ASK
2020-10-30 10:44:08,BA,143.1,5,BID
2020-10-30 10:44:08,BA,143.19,2,ASK
2020-10-30 10:44:08,BA,143.1,2,BID
2020-10-30 10:44:08,BA,143.19,2,ASK
2020-10-30 10:44:08,BA,143.1,2,BID
2020-10-30 10:44:08,BA,143.19,2,ASK
2020-10-30 10:44:10,BA,143.11,1,BID
2020-10-30 10:44:07,BA,143.2,2,ASK
2020-10-30 10:44:11,BA,143.11,2,BID
2020-10-30 10:44:11,BA,143.2,3,ASK
2020-10-30 10:44:11,BA,143.11,2,BID
2020-10-30 10:44:11,BA,143.2,3,ASK
2020-10-30 10:44:12,BA,143.11,2,BID
2020-10-30 10:44:12,BA,143.2,3,ASK
2020-10-30 10:44:13,BA,143.11,3,BID
2020-10-30 10:44:12,BA,143.2,3,ASK
2020-10-30 10:44:13,BA,143.17,9,BID
2020-10-30 10:44:13,BA,143.25,2,ASK
2020-10-30 10:44:15,BA,143.2,2,BID
2020-10-30 10:44:15,BA,143.25,4,ASK
2020-10-30 10:44:17,BA,143.2,6,BID
2020-10-30 10:44:17,BA,143.25,1,ASK
2020-10-30 10:44:19,BA,143.2,7,BID
2020-10-30 10:44:19,BA,143.25,1,ASK
2020-10-30 10:44:21,BA,143.23,3,BID
2020-10-30 10:44:21,BA,143.28,1,ASK
2020-10-30 10:44:21,BA,143.24,1,BID
2020-10-30 10:44:21,BA,143.3,9,ASK
2020-10-30 10:44:23,BA,143.15,1,BID
2020-10-30 10:44:23,BA,143.26,1,ASK
2020-10-30 10:44:23,BA,143.15,1,BID
2020-10-30 10:44:23,BA,143.24,1,ASK
2020-10-30 10:44:23,BA,143.15,1,BID
2020-10-30 10:44:23,BA,143.24,1,ASK
2020-10-30 10:44:25,BA,143.15,3,BID
2020-10-30 10:44:25,BA,143.27,2,ASK
2020-10-30 10:44:26,BA,143.03,2,BID
2020-10-30 10:44:26,BA,143.21,3,ASK
2020-10-30 10:44:27,BA,143.03,2,BID
2020-10-30 10:44:27,BA,143.24,17,ASK
2020-10-30 10:44:28,BA,143.09,1,BID
2020-10-30 10:44:28,BA,143.24,2,ASK
2020-10-30 10:44:30,BA,143.12,2,BID
2020-10-30 10:44:30,BA,143.25,15,ASK
2020-10-30 10:44:31,BA,143.12,2,BID
2020-10-30 10:44:31,BA,143.25,14,ASK
2020-10-30 10:44:33,BA,143.11,1,BID
2020-10-30 10:44:33,BA,143.25,14,ASK
2020-10-30 10:44:34,BA,143.2,3,BID
2020-10-30 10:44:34,BA,143.27,5,ASK
2020-10-30 10:44:34,BA,143.15,13,BID
2020-10-30 10:44:35,BA,143.26,4,ASK
2020-10-30 10:44:36,BA,143.16,2,BID
2020-10-30 10:44:36,BA,143.26,4,ASK
2020-10-30 10:44:38,BA,143.15,14,BID
2020-10-30 10:44:38,BA,143.2,4,ASK
2020-10-30 10:44:39,BA,143.05,7,BID
2020-10-30 10:44:39,BA,143.13,2,ASK
2020-10-30 10:44:03,BA,143.0,23,BID
2020-10-30 10:44:40,BA,143.06,3,ASK
2020-10-30 10:44:03,BA,143.0,23,BID
2020-10-30 10:44:40,BA,143.06,5,ASK
2020-10-30 10:44:41,BA,142.95,6,BID
2020-10-30 10:44:41,BA,143.01,7,ASK
2020-10-30 10:44:41,BA,142.95,10,BID
2020-10-30 10:44:41,BA,143.01,7,ASK
2020-10-30 10:44:41,BA,142.95,10,BID
2020-10-30 10:44:41,BA,143.01,10,ASK
2020-10-30 10:44:41,BA,142.95,10,BID
2020-10-30 10:44:41,BA,143.0,3,ASK
2020-10-30 10:44:43,BA,142.95,16,BID
2020-10-30 10:44:43,BA,143.08,3,ASK
2020-10-30 10:44:44,BA,142.97,1,BID
2020-10-30 10:44:44,BA,143.08,6,ASK
2020-10-30 10:44:45,BA,142.97,4,BID
2020-10-30 10:44:46,BA,143.07,3,ASK
2020-10-30 10:44:47,BA,142.98,1,BID
2020-10-30 10:44:47,BA,143.07,3,ASK
2020-10-30 10:44:48,BA,142.86,2,BID
2020-10-30 10:44:48,BA,142.96,2,ASK
2020-10-30 10:44:48,BA,142.84,1,BID
2020-10-30 10:44:48,BA,142.96,2,ASK
2020-10-30 10:44:49,BA,142.86,2,BID
2020-10-30 10:44:49,BA,142.99,3,ASK
2020-10-30 10:44:50,BA,142.91,2,BID
2020-10-30 10:44:50,BA,142.99,2,ASK
2020-10-30 10:44:50,BA,142.91,2,BID
2020-10-30 10:44:50,BA,142.99,4,ASK
2020-10-30 10:44:51,BA,142.91,2,BID
2020-10-30 10:44:50,BA,142.99,5,ASK
2020-10-30 10:44:52,BA,142.91,3,BID
2020-10-30 10:44:52,BA,142.98,5,ASK
2020-10-30 10:44:52,BA,142.91,3,BID
2020-10-30 10:44:52,BA,142.98,5,ASK
2020-10-30 10:44:54,BA,142.82,1,BID
2020-10-30 10:44:54,BA,142.94,2,ASK
2020-10-30 10:44:54,BA,142.81,3,BID
2020-10-30 10:44:54,BA,142.94,4,ASK
2020-10-30 10:44:54,BA,142.81,3,BID
2020-10-30 10:44:54,BA,142.96,1,ASK
2020-10-30 10:44:55,BA,142.81,3,BID
2020-10-30 10:44:55,BA,142.97,12,ASK
2020-10-30 10:44:55,BA,142.81,3,BID
2020-10-30 10:44:55,BA,142.97,12,ASK
2020-10-30 10:44:55,BA,142.81,3,BID
2020-10-30 10:44:55,BA,142.97,12,ASK
2020-10-30 10:44:55,BA,142.81,3,BID
2020-10-30 10:44:55,BA,142.97,12,ASK
2020-10-30 10:44:55,BA,142.81,3,BID
2020-10-30 10:44:55,BA,142.97,12,ASK
2020-10-30 10:44:55,BA,142.81,3,BID
2020-10-30 10:44:55,BA,142.97,12,ASK
2020-10-30 10:44:55,BA,142.81,3,BID
2020-10-30 10:44:55,BA,142.97,12,ASK
2020-10-30 10:44:55,BA,142.81,3,BID
2020-10-30 10:44:55,BA,142.97,12,ASK
2020-10-30 10:44:56,BA,142.84,1,BID
2020-10-30 10:44:56,BA,142.97,8,ASK
2020-10-30 10:44:57,BA,142.84,3,BID
2020-10-30 10:44:57,BA,142.98,2,ASK
2020-10-30 10:44:59,BA,142.88,3,BID
2020-10-30 10:44:59,BA,142.97,4,ASK
2020-10-30 10:45:00,BA,142.86,3,BID
2020-10-30 10:45:00,BA,142.97,4,ASK
2020-10-30 10:45:01,BA,142.96,1,BID
2020-10-30 10:45:01,BA,143.02,2,ASK
2020-10-30 10:45:01,BA,142.94,2,BID
2020-10-30 10:45:01,BA,143.04,1,ASK
2020-10-30 10:45:01,BA,142.97,4,BID
2020-10-30 10:45:01,BA,143.07,3,ASK
2020-10-30 10:45:01,BA,142.97,4,BID
2020-10-30 10:45:02,BA,143.07,3,ASK
2020-10-30 10:45:01,BA,142.97,4,BID
2020-10-30 10:45:02,BA,143.06,3,ASK
2020-10-30 10:45:01,BA,142.97,4,BID
2020-10-30 10:45:02,BA,143.06,3,ASK
2020-10-30 10:45:03,BA,142.95,10,BID
2020-10-30 10:45:03,BA,143.02,2,ASK
2020-10-30 10:45:03,BA,142.89,2,BID
2020-10-30 10:45:03,BA,142.97,14,ASK
2020-10-30 10:45:04,BA,142.89,2,BID
2020-10-30 10:45:04,BA,142.97,14,ASK
2020-10-30 10:45:04,BA,142.89,3,BID
2020-10-30 10:45:04,BA,142.97,15,ASK
2020-10-30 10:45:05,BA,142.9,2,BID
2020-10-30 10:45:05,BA,143.04,5,ASK
2020-10-30 10:45:06,BA,142.95,1,BID
2020-10-30 10:45:06,BA,143.07,9,ASK
2020-10-30 10:45:06,BA,143.0,2,BID
2020-10-30 10:45:06,BA,143.07,17,ASK
2020-10-30 10:45:07,BA,142.9,2,BID
2020-10-30 10:45:07,BA,143.05,3,ASK
2020-10-30 10:45:08,BA,142.91,2,BID
2020-10-30 10:45:08,BA,143.03,12,ASK
2020-10-30 10:45:10,BA,143.0,3,BID
2020-10-30 10:45:10,BA,143.11,6,ASK
2020-10-30 10:45:10,BA,143.04,2,BID
2020-10-30 10:45:10,BA,143.12,3,ASK
2020-10-30 10:45:11,BA,143.04,3,BID
2020-10-30 10:45:11,BA,143.11,2,ASK
2020-10-30 10:45:12,BA,143.06,2,BID
2020-10-30 10:44:39,BA,143.17,5,ASK
2020-10-30 10:45:13,BA,143.07,2,BID
2020-10-30 10:45:13,BA,143.15,2,ASK
2020-10-30 10:45:14,BA,143.17,3,BID
2020-10-30 10:45:14,BA,143.24,3,ASK
2020-10-30 10:45:15,BA,143.12,3,BID
2020-10-30 10:45:14,BA,143.2,2,ASK
2020-10-30 10:45:16,BA,143.12,6,BID
2020-10-30 10:45:16,BA,143.2,3,ASK
2020-10-30 10:45:16,BA,143.12,6,BID
2020-10-30 10:45:16,BA,143.2,3,ASK
2020-10-30 10:45:17,BA,143.12,5,BID
2020-10-30 10:45:17,BA,143.19,4,ASK
2020-10-30 10:45:18,BA,143.12,5,BID
2020-10-30 10:45:18,BA,143.19,3,ASK
2020-10-30 10:45:14,BA,143.05,2,BID
2020-10-30 10:45:19,BA,143.16,8,ASK
2020-10-30 10:45:20,BA,143.05,1,BID
2020-10-30 10:45:20,BA,143.16,19,ASK
2020-10-30 10:45:21,BA,143.06,3,BID
2020-10-30 10:45:21,BA,143.16,22,ASK
2020-10-30 10:45:22,BA,143.03,1,BID
2020-10-30 10:45:22,BA,143.13,1,ASK
2020-10-30 10:45:22,BA,143.02,1,BID
2020-10-30 10:45:22,BA,143.09,2,ASK
2020-10-30 10:45:23,BA,143.03,4,BID
2020-10-30 10:45:23,BA,143.17,8,ASK
2020-10-30 10:45:23,BA,143.03,4,BID
2020-10-30 10:45:24,BA,143.16,7,ASK
2020-10-30 10:45:24,BA,143.03,4,BID
2020-10-30 10:45:23,BA,143.17,4,ASK
2020-10-30 10:45:26,BA,143.09,1,BID
2020-10-30 10:45:26,BA,143.17,4,ASK
2020-10-30 10:45:27,BA,143.09,1,BID
2020-10-30 10:45:27,BA,143.16,2,ASK
2020-10-30 10:45:28,BA,143.02,1,BID
2020-10-30 10:45:28,BA,143.14,19,ASK
2020-10-30 10:45:29,BA,143.02,1,BID
2020-10-30 10:45:29,BA,143.13,9,ASK
2020-10-30 10:45:30,BA,143.02,3,BID
2020-10-30 10:45:30,BA,143.13,9,ASK
2020-10-30 10:45:32,BA,143.05,1,BID
2020-10-30 10:45:28,BA,143.16,15,ASK
2020-10-30 10:45:33,BA,143.04,3,BID
2020-10-30 10:45:33,BA,143.14,4,ASK
2020-10-30 10:45:34,BA,143.1,5,BID
2020-10-30 10:45:34,BA,143.17,5,ASK
2020-10-30 10:45:34,BA,143.1,1,BID
2020-10-30 10:45:34,BA,143.17,6,ASK
2020-10-30 10:45:36,BA,143.1,2,BID
2020-10-30 10:45:36,BA,143.16,5,ASK
2020-10-30 10:45:37,BA,143.1,3,BID
2020-10-30 10:45:37,BA,143.16,3,ASK
2020-10-30 10:45:38,BA,143.1,4,BID
2020-10-30 10:45:38,BA,143.16,3,ASK
2020-10-30 10:45:40,BA,143.1,4,BID
2020-10-30 10:45:40,BA,143.15,3,ASK
2020-10-30 10:45:41,BA,143.05,3,BID
2020-10-30 10:45:41,BA,143.1,3,ASK
2020-10-30 10:45:41,BA,143.05,3,BID
2020-10-30 10:45:42,BA,143.14,1,ASK
2020-10-30 10:45:41,BA,143.05,3,BID
2020-10-30 10:45:42,BA,143.14,1,ASK
2020-10-30 10:45:44,BA,143.06,1,BID
2020-10-30 10:45:44,BA,143.14,1,ASK
2020-10-30 10:45:45,BA,143.06,1,BID
2020-10-30 10:45:45,BA,143.14,1,ASK
2020-10-30 10:45:45,BA,143.06,1,BID
2020-10-30 10:45:45,BA,143.14,1,ASK
2020-10-30 10:45:46,BA,143.06,5,BID
2020-10-30 10:45:46,BA,143.14,1,ASK
2020-10-30 10:45:47,BA,143.11,4,BID
2020-10-30 10:45:47,BA,143.17,6,ASK
2020-10-30 10:45:47,BA,143.09,2,BID
2020-10-30 10:45:47,BA,143.17,6,ASK
2020-10-30 10:45:48,BA,143.1,3,BID
2020-10-30 10:45:48,BA,143.17,6,ASK
2020-10-30 10:45:50,BA,143.1,5,BID
2020-10-30 10:45:49,BA,143.17,5,ASK
2020-10-30 10:45:50,BA,143.1,4,BID
2020-10-30 10:45:50,BA,143.17,7,ASK
2020-10-30 10:45:53,BA,143.06,6,BID
2020-10-30 10:45:53,BA,143.16,3,ASK
2020-10-30 10:45:54,BA,143.07,1,BID
2020-10-30 10:45:54,BA,143.16,3,ASK
2020-10-30 10:45:56,BA,143.13,3,BID
2020-10-30 10:45:14,BA,143.23,17,ASK
2020-10-30 10:45:58,BA,143.11,1,BID
2020-10-30 10:45:58,BA,143.2,8,ASK
2020-10-30 10:45:59,BA,143.11,1,BID
2020-10-30 10:45:59,BA,143.22,1,ASK
2020-10-30 10:46:00,BA,143.11,2,BID
2020-10-30 10:46:00,BA,143.22,3,ASK
2020-10-30 10:46:01,BA,143.11,2,BID
2020-10-30 10:46:01,BA,143.23,11,ASK
2020-10-30 10:46:02,BA,143.12,3,BID
2020-10-30 10:46:02,BA,143.22,1,ASK
2020-10-30 10:46:03,BA,143.12,5,BID
2020-10-30 10:46:03,BA,143.22,2,ASK
2020-10-30 10:46:04,BA,143.12,5,BID
2020-10-30 10:46:04,BA,143.22,2,ASK
2020-10-30 10:46:05,BA,143.13,3,BID
2020-10-30 10:46:05,BA,143.21,22,ASK
2020-10-30 10:46:05,BA,143.13,3,BID
2020-10-30 10:46:06,BA,143.22,6,ASK
2020-10-30 10:46:09,BA,143.14,1,BID
2020-10-30 10:46:09,BA,143.22,7,ASK
2020-10-30 10:46:09,BA,143.16,3,BID
2020-10-30 10:46:09,BA,143.22,2,ASK
2020-10-30 10:46:09,BA,143.16,3,BID
2020-10-30 10:46:10,BA,143.22,4,ASK
2020-10-30 10:46:10,BA,143.15,10,BID
2020-10-30 10:46:10,BA,143.2,3,ASK
2020-10-30 10:46:11,BA,143.21,2,BID
2020-10-30 10:46:11,BA,143.23,3,ASK
2020-10-30 10:46:12,BA,143.16,3,BID
2020-10-30 10:46:12,BA,143.22,3,ASK
2020-10-30 10:46:12,BA,143.16,4,BID
2020-10-30 10:46:13,BA,143.22,1,ASK
2020-10-30 10:46:14,BA,143.27,1,BID
2020-10-30 10:43:24,BA,143.36,4,ASK
2020-10-30 10:46:15,BA,143.26,3,BID
2020-10-30 10:46:15,BA,143.37,1,ASK
2020-10-30 10:46:16,BA,143.26,3,BID
2020-10-30 10:46:16,BA,143.38,2,ASK
2020-10-30 10:46:16,BA,143.36,9,BID
2020-10-30 10:46:16,BA,143.43,1,ASK
2020-10-30 10:46:16,BA,143.36,9,BID
2020-10-30 10:46:16,BA,143.43,1,ASK
2020-10-30 10:46:18,BA,143.36,10,BID
2020-10-30 10:46:18,BA,143.44,1,ASK
2020-10-30 10:46:19,BA,143.35,1,BID
2020-10-30 10:46:19,BA,143.44,12,ASK
2020-10-30 10:46:19,BA,143.25,8,BID
2020-10-30 10:46:19,BA,143.33,1,ASK
2020-10-30 10:46:19,BA,143.2,1,BID
2020-10-30 10:46:19,BA,143.3,4,ASK
2020-10-30 10:46:19,BA,143.2,1,BID
2020-10-30 10:46:19,BA,143.3,4,ASK
2020-10-30 10:46:20,BA,143.2,2,BID
2020-10-30 10:46:19,BA,143.3,4,ASK
2020-10-30 10:46:21,BA,143.2,4,BID
2020-10-30 10:46:21,BA,143.3,4,ASK
2020-10-30 10:46:22,BA,143.21,3,BID
2020-10-30 10:46:22,BA,143.3,4,ASK
2020-10-30 10:46:23,BA,143.24,1,BID
2020-10-30 10:46:23,BA,143.29,8,ASK
2020-10-30 10:46:24,BA,143.24,2,BID
2020-10-30 10:46:22,BA,143.3,4,ASK
2020-10-30 10:46:25,BA,143.2,8,BID
2020-10-30 10:46:25,BA,143.24,1,ASK
2020-10-30 10:46:25,BA,143.13,3,BID
2020-10-30 10:46:25,BA,143.19,4,ASK
2020-10-30 10:46:25,BA,143.13,3,BID
2020-10-30 10:46:26,BA,143.2,15,ASK
2020-10-30 10:46:27,BA,143.12,1,BID
2020-10-30 10:46:27,BA,143.2,15,ASK
2020-10-30 10:46:28,BA,143.1,8,BID
2020-10-30 10:46:28,BA,143.2,16,ASK
2020-10-30 10:46:29,BA,143.11,1,BID
2020-10-30 10:46:29,BA,143.2,15,ASK
2020-10-30 10:46:30,BA,143.16,20,BID
2020-10-30 10:46:30,BA,143.28,1,ASK
2020-10-30 10:46:31,BA,143.16,24,BID
2020-10-30 10:46:31,BA,143.3,4,ASK
2020-10-30 10:46:32,BA,143.16,24,BID
2020-10-30 10:46:32,BA,143.29,3,ASK
2020-10-30 10:46:33,BA,143.16,25,BID
2020-10-30 10:46:33,BA,143.26,1,ASK
2020-10-30 10:46:35,BA,143.17,1,BID
2020-10-30 10:46:35,BA,143.26,1,ASK
2020-10-30 10:46:35,BA,143.17,2,BID
2020-10-30 10:46:35,BA,143.26,1,ASK
2020-10-30 10:46:35,BA,143.17,2,BID
2020-10-30 10:46:35,BA,143.26,1,ASK
2020-10-30 10:46:38,BA,143.24,2,BID
2020-10-30 10:46:38,BA,143.3,4,ASK
2020-10-30 10:46:38,BA,143.24,1,BID
2020-10-30 10:46:38,BA,143.27,1,ASK
2020-10-30 10:46:40,BA,143.11,5,BID
2020-10-30 10:46:40,BA,143.19,1,ASK
2020-10-30 10:46:40,BA,143.11,12,BID
2020-10-30 10:46:41,BA,143.19,2,ASK
2020-10-30 10:46:40,BA,143.11,12,BID
2020-10-30 10:46:41,BA,143.19,2,ASK
2020-10-30 10:46:43,BA,143.12,3,BID
2020-10-30 10:46:43,BA,143.19,2,ASK
2020-10-30 10:46:43,BA,143.12,3,BID
2020-10-30 10:46:43,BA,143.19,2,ASK
2020-10-30 10:46:43,BA,143.12,3,BID
2020-10-30 10:46:43,BA,143.19,2,ASK
2020-10-30 10:46:46,BA,143.13,3,BID
2020-10-30 10:46:43,BA,143.19,2,ASK
2020-10-30 10:46:47,BA,143.23,3,BID
2020-10-30 10:46:47,BA,143.31,2,ASK
2020-10-30 10:46:48,BA,143.19,3,BID
2020-10-30 10:46:48,BA,143.29,3,ASK
2020-10-30 10:46:49,BA,143.19,4,BID
2020-10-30 10:46:49,BA,143.28,2,ASK
2020-10-30 10:46:50,BA,143.19,4,BID
2020-10-30 10:46:50,BA,143.29,3,ASK
2020-10-30 10:46:51,BA,143.19,4,BID
2020-10-30 10:46:51,BA,143.28,1,ASK
2020-10-30 10:46:51,BA,143.19,4,BID
2020-10-30 10:46:51,BA,143.28,1,ASK
2020-10-30 10:46:51,BA,143.19,4,BID
2020-10-30 10:46:51,BA,143.28,1,ASK
2020-10-30 10:46:51,BA,143.19,4,BID
2020-10-30 10:46:51,BA,143.28,1,ASK
2020-10-30 10:46:51,BA,143.19,4,BID
2020-10-30 10:46:51,BA,143.28,1,ASK
2020-10-30 10:46:51,BA,143.19,4,BID
2020-10-30 10:46:51,BA,143.28,1,ASK
2020-10-30 10:46:51,BA,143.19,4,BID
2020-10-30 10:46:51,BA,143.28,1,ASK
2020-10-30 10:46:51,BA,143.19,4,BID
2020-10-30 10:46:51,BA,143.28,1,ASK
2020-10-30 10:46:51,BA,143.19,4,BID
2020-10-30 10:46:51,BA,143.28,1,ASK
2020-10-30 10:46:51,BA,143.19,4,BID
2020-10-30 10:46:51,BA,143.28,1,ASK
2020-10-30 10:46:51,BA,143.19,4,BID
2020-10-30 10:46:51,BA,143.28,1,ASK
2020-10-30 10:46:51,BA,143.19,4,BID
2020-10-30 10:46:51,BA,143.28,1,ASK
2020-10-30 10:46:51,BA,143.19,4,BID
2020-10-30 10:46:51,BA,143.28,1,ASK
2020-10-30 10:46:51,BA,143.19,4,BID
2020-10-30 10:46:51,BA,143.28,1,ASK
2020-10-30 10:46:51,BA,143.19,4,BID
2020-10-30 10:46:51,BA,143.28,1,ASK
2020-10-30 10:46:51,BA,143.19,4,BID
2020-10-30 10:46:51,BA,143.28,1,ASK
2020-10-30 10:46:51,BA,143.19,4,BID
2020-10-30 10:46:51,BA,143.28,1,ASK
2020-10-30 10:46:51,BA,143.19,4,BID
2020-10-30 10:46:51,BA,143.28,1,ASK
2020-10-30 10:46:51,BA,143.19,4,BID
2020-10-30 10:46:51,BA,143.28,1,ASK
2020-10-30 10:46:49,BA,143.19,4,BID
2020-10-30 10:46:51,BA,143.28,1,ASK
2020-10-30 10:46:49,BA,143.19,4,BID
2020-10-30 10:46:51,BA,143.28,1,ASK
2020-10-30 10:46:49,BA,143.19,4,BID
2020-10-30 10:46:51,BA,143.28,1,ASK
2020-10-30 10:46:49,BA,143.19,4,BID
2020-10-30 10:46:51,BA,143.28,1,ASK
2020-10-30 10:46:49,BA,143.19,4,BID
2020-10-30 10:46:51,BA,143.28,1,ASK
2020-10-30 10:46:49,BA,143.19,4,BID
2020-10-30 10:46:51,BA,143.28,1,ASK
2020-10-30 10:46:49,BA,143.19,4,BID
2020-10-30 10:46:51,BA,143.28,1,ASK
2020-10-30 10:46:49,BA,143.19,4,BID
2020-10-30 10:46:51,BA,143.28,1,ASK
2020-10-30 10:46:56,BA,143.2,3,BID
2020-10-30 10:46:57,BA,143.27,1,ASK
2020-10-30 10:47:00,BA,143.21,2,BID
2020-10-30 10:46:56,BA,143.29,3,ASK
2020-10-30 10:47:00,BA,143.21,4,BID
2020-10-30 10:47:00,BA,143.29,4,ASK
2020-10-30 10:47:02,BA,143.22,1,BID
2020-10-30 10:47:00,BA,143.29,5,ASK
2020-10-30 10:47:02,BA,143.21,9,BID
2020-10-30 10:47:02,BA,143.29,5,ASK
2020-10-30 10:47:02,BA,143.21,9,BID
2020-10-30 10:47:02,BA,143.29,5,ASK
2020-10-30 10:47:02,BA,143.21,9,BID
2020-10-30 10:47:02,BA,143.29,5,ASK
2020-10-30 10:47:02,BA,143.21,9,BID
2020-10-30 10:47:02,BA,143.29,5,ASK
2020-10-30 10:47:02,BA,143.21,9,BID
2020-10-30 10:47:02,BA,143.29,5,ASK
2020-10-30 10:47:02,BA,143.21,9,BID
2020-10-30 10:47:02,BA,143.29,5,ASK
2020-10-30 10:47:02,BA,143.21,9,BID
2020-10-30 10:47:02,BA,143.29,5,ASK
2020-10-30 10:47:07,BA,143.2,7,BID
2020-10-30 10:47:07,BA,143.26,1,ASK
2020-10-30 10:47:07,BA,143.17,7,BID
2020-10-30 10:47:07,BA,143.23,17,ASK
2020-10-30 10:47:07,BA,143.12,15,BID
2020-10-30 10:47:07,BA,143.2,7,ASK
2020-10-30 10:47:07,BA,143.12,16,BID
2020-10-30 10:47:07,BA,143.19,10,ASK
2020-10-30 10:47:08,BA,143.12,16,BID
2020-10-30 10:47:08,BA,143.17,2,ASK
2020-10-30 10:47:08,BA,143.12,16,BID
2020-10-30 10:47:08,BA,143.17,4,ASK
2020-10-30 10:47:08,BA,143.12,16,BID
2020-10-30 10:47:08,BA,143.17,4,ASK
2020-10-30 10:47:08,BA,143.12,16,BID
2020-10-30 10:47:08,BA,143.2,8,ASK
2020-10-30 10:47:08,BA,143.12,16,BID
2020-10-30 10:47:08,BA,143.2,8,ASK
2020-10-30 10:47:08,BA,143.12,16,BID
2020-10-30 10:47:08,BA,143.2,8,ASK
2020-10-30 10:47:09,BA,143.12,19,BID
2020-10-30 10:47:09,BA,143.19,3,ASK
2020-10-30 10:47:09,BA,143.12,19,BID
2020-10-30 10:47:09,BA,143.19,3,ASK
2020-10-30 10:47:10,BA,143.1,1,BID
2020-10-30 10:47:10,BA,143.12,4,ASK
2020-10-30 10:47:11,BA,143.06,1,BID
2020-10-30 10:47:11,BA,143.15,3,ASK
2020-10-30 10:47:12,BA,143.06,2,BID
2020-10-30 10:47:12,BA,143.15,3,ASK
2020-10-30 10:47:13,BA,143.05,1,BID
2020-10-30 10:47:13,BA,143.12,2,ASK
2020-10-30 10:47:13,BA,143.04,6,BID
2020-10-30 10:47:13,BA,143.12,1,ASK
2020-10-30 10:47:15,BA,143.03,9,BID
2020-10-30 10:47:15,BA,143.09,1,ASK
2020-10-30 10:47:17,BA,142.92,16,BID
2020-10-30 10:47:17,BA,142.98,2,ASK
2020-10-30 10:47:19,BA,142.95,2,BID
2020-10-30 10:47:19,BA,143.04,2,ASK
2020-10-30 10:47:20,BA,142.95,2,BID
2020-10-30 10:47:19,BA,143.04,3,ASK
2020-10-30 10:47:21,BA,142.95,4,BID
2020-10-30 10:47:19,BA,143.04,4,ASK
2020-10-30 10:47:22,BA,142.95,6,BID
2020-10-30 10:47:19,BA,143.04,4,ASK
2020-10-30 10:47:23,BA,142.95,6,BID
2020-10-30 10:47:19,BA,143.04,4,ASK
2020-10-30 10:47:23,BA,142.95,6,BID
2020-10-30 10:47:19,BA,143.04,3,ASK
2020-10-30 10:47:24,BA,142.97,1,BID
2020-10-30 10:47:19,BA,143.04,3,ASK
2020-10-30 10:47:24,BA,143.04,1,BID
2020-10-30 10:47:24,BA,143.11,2,ASK
2020-10-30 10:47:25,BA,143.04,5,BID
2020-10-30 10:47:25,BA,143.13,3,ASK
2020-10-30 10:47:27,BA,143.06,1,BID
2020-10-30 10:47:27,BA,143.13,3,ASK
2020-10-30 10:47:27,BA,143.06,2,BID
2020-10-30 10:47:27,BA,143.13,3,ASK
2020-10-30 10:47:30,BA,143.04,5,BID
2020-10-30 10:47:30,BA,143.12,1,ASK
2020-10-30 10:47:31,BA,143.09,1,BID
2020-10-30 10:47:31,BA,143.21,2,ASK
2020-10-30 10:47:32,BA,143.09,3,BID
2020-10-30 10:47:32,BA,143.2,2,ASK
2020-10-30 10:47:33,BA,143.09,3,BID
2020-10-30 10:47:33,BA,143.2,2,ASK
2020-10-30 10:47:35,BA,143.0,7,BID
2020-10-30 10:47:35,BA,143.12,1,ASK
2020-10-30 10:47:35,BA,143.0,7,BID
2020-10-30 10:47:36,BA,143.12,1,ASK
2020-10-30 10:47:37,BA,143.0,9,BID
2020-10-30 10:47:37,BA,143.1,1,ASK
2020-10-30 10:47:37,BA,143.0,9,BID
2020-10-30 10:47:37,BA,143.1,1,ASK
2020-10-30 10:47:38,BA,143.0,9,BID
2020-10-30 10:47:38,BA,143.11,2,ASK
2020-10-30 10:47:38,BA,143.01,15,BID
2020-10-30 10:47:39,BA,143.11,5,ASK
2020-10-30 10:47:40,BA,143.01,18,BID
2020-10-30 10:47:38,BA,143.11,5,ASK
2020-10-30 10:47:41,BA,143.02,1,BID
2020-10-30 10:47:38,BA,143.11,5,ASK
2020-10-30 10:47:41,BA,143.08,3,BID
2020-10-30 10:47:41,BA,143.17,2,ASK
2020-10-30 10:47:42,BA,143.08,4,BID
2020-10-30 10:47:41,BA,143.2,3,ASK
2020-10-30 10:47:42,BA,143.08,4,BID
2020-10-30 10:47:41,BA,143.2,3,ASK
2020-10-30 10:47:42,BA,143.08,4,BID
2020-10-30 10:47:45,BA,143.18,2,ASK
2020-10-30 10:47:42,BA,143.08,4,BID
2020-10-30 10:47:45,BA,143.19,1,ASK
2020-10-30 10:47:42,BA,143.08,4,BID
2020-10-30 10:47:46,BA,143.2,7,ASK
2020-10-30 10:47:47,BA,143.08,9,BID
2020-10-30 10:47:47,BA,143.19,2,ASK
2020-10-30 10:47:48,BA,143.01,10,BID
2020-10-30 10:47:48,BA,143.12,13,ASK
2020-10-30 10:47:49,BA,143.02,1,BID
2020-10-30 10:47:49,BA,143.14,21,ASK
2020-10-30 10:47:50,BA,143.02,1,BID
2020-10-30 10:47:49,BA,143.14,21,ASK
2020-10-30 10:47:51,BA,143.02,2,BID
2020-10-30 10:47:51,BA,143.11,2,ASK
2020-10-30 10:47:52,BA,142.96,1,BID
2020-10-30 10:47:52,BA,143.01,1,ASK
2020-10-30 10:47:52,BA,142.94,6,BID
2020-10-30 10:47:52,BA,143.0,1,ASK
2020-10-30 10:47:53,BA,142.94,6,BID
2020-10-30 10:47:53,BA,142.98,1,ASK
2020-10-30 10:47:19,BA,142.92,16,BID
2020-10-30 10:47:54,BA,142.98,1,ASK
2020-10-30 10:47:19,BA,142.92,16,BID
2020-10-30 10:47:55,BA,142.97,1,ASK
2020-10-30 10:47:56,BA,142.9,11,BID
2020-10-30 10:47:56,BA,142.97,2,ASK
2020-10-30 10:47:57,BA,142.9,11,BID
2020-10-30 10:47:57,BA,142.96,1,ASK
2020-10-30 10:47:57,BA,142.9,11,BID
2020-10-30 10:47:57,BA,142.96,1,ASK
2020-10-30 10:47:58,BA,142.9,10,BID
2020-10-30 10:47:58,BA,142.97,2,ASK
2020-10-30 10:48:00,BA,142.9,11,BID
2020-10-30 10:48:00,BA,142.97,1,ASK
2020-10-30 10:48:00,BA,142.9,4,BID
2020-10-30 10:48:00,BA,142.98,2,ASK
2020-10-30 10:48:01,BA,142.9,5,BID
2020-10-30 10:48:01,BA,143.03,1,ASK
2020-10-30 10:48:01,BA,142.95,3,BID
2020-10-30 10:48:01,BA,143.02,1,ASK
2020-10-30 10:48:03,BA,142.95,4,BID
2020-10-30 10:48:03,BA,143.03,1,ASK
2020-10-30 10:48:04,BA,142.96,1,BID
2020-10-30 10:48:04,BA,143.03,1,ASK
2020-10-30 10:48:05,BA,142.96,1,BID
2020-10-30 10:48:05,BA,143.03,1,ASK
2020-10-30 10:48:05,BA,142.96,2,BID
2020-10-30 10:48:05,BA,143.03,1,ASK
2020-10-30 10:48:07,BA,143.0,19,BID
2020-10-30 10:48:08,BA,143.07,2,ASK
2020-10-30 10:48:09,BA,143.09,10,BID
2020-10-30 10:47:46,BA,143.2,6,ASK
2020-10-30 10:48:10,BA,143.1,1,BID
2020-10-30 10:47:46,BA,143.2,6,ASK
2020-10-30 10:48:09,BA,143.09,9,BID
2020-10-30 10:48:11,BA,143.19,1,ASK
2020-10-30 10:48:12,BA,143.09,11,BID
2020-10-30 10:47:46,BA,143.2,6,ASK
2020-10-30 10:48:14,BA,143.09,12,BID
2020-10-30 10:48:14,BA,143.17,3,ASK
2020-10-30 10:48:15,BA,143.1,9,BID
2020-10-30 10:47:46,BA,143.2,7,ASK
2020-10-30 10:48:15,BA,143.1,10,BID
2020-10-30 10:48:15,BA,143.18,1,ASK
2020-10-30 10:48:16,BA,143.1,8,BID
2020-10-30 10:48:17,BA,143.17,2,ASK
2020-10-30 10:48:17,BA,143.09,3,BID
2020-10-30 10:48:17,BA,143.17,3,ASK
2020-10-30 10:48:19,BA,143.01,1,BID
2020-10-30 10:48:19,BA,143.12,13,ASK
2020-10-30 10:48:20,BA,143.02,1,BID
2020-10-30 10:48:20,BA,143.1,1,ASK
2020-10-30 10:48:21,BA,143.02,3,BID
2020-10-30 10:48:21,BA,143.15,4,ASK
2020-10-30 10:48:23,BA,143.03,4,BID
2020-10-30 10:48:23,BA,143.17,5,ASK
2020-10-30 10:48:23,BA,143.04,9,BID
2020-10-30 10:48:23,BA,143.17,5,ASK
2020-10-30 10:48:23,BA,143.04,9,BID
2020-10-30 10:48:25,BA,143.17,5,ASK
2020-10-30 10:48:23,BA,143.04,9,BID
2020-10-30 10:48:26,BA,143.16,2,ASK
2020-10-30 10:48:27,BA,143.18,2,BID
2020-10-30 10:48:27,BA,143.25,6,ASK
2020-10-30 10:48:29,BA,143.11,3,BID
2020-10-30 10:48:29,BA,143.19,3,ASK
2020-10-30 10:48:30,BA,143.12,18,BID
2020-10-30 10:48:30,BA,143.2,4,ASK
2020-10-30 10:48:32,BA,143.16,1,BID
2020-10-30 10:48:27,BA,143.25,7,ASK
2020-10-30 10:48:32,BA,143.03,14,BID
2020-10-30 10:48:32,BA,143.18,3,ASK
2020-10-30 10:48:34,BA,143.03,16,BID
2020-10-30 10:48:35,BA,143.18,3,ASK
2020-10-30 10:48:36,BA,143.11,2,BID
2020-10-30 10:48:36,BA,143.18,3,ASK
2020-10-30 10:48:38,BA,143.03,16,BID
2020-10-30 10:48:38,BA,143.14,7,ASK
2020-10-30 10:48:39,BA,143.03,17,BID
2020-10-30 10:48:40,BA,143.1,4,ASK
2020-10-30 10:48:39,BA,143.03,17,BID
2020-10-30 10:48:40,BA,143.1,4,ASK
2020-10-30 10:48:08,BA,143.0,12,BID
2020-10-30 10:48:43,BA,143.07,4,ASK
2020-10-30 10:48:08,BA,143.0,12,BID
2020-10-30 10:48:44,BA,143.06,3,ASK
2020-10-30 10:48:07,BA,142.96,2,BID
2020-10-30 10:48:46,BA,143.0,4,ASK
2020-10-30 10:48:46,BA,142.92,1,BID
2020-10-30 10:48:46,BA,142.98,2,ASK
2020-10-30 10:48:48,BA,142.92,1,BID
2020-10-30 10:48:48,BA,143.0,2,ASK
2020-10-30 10:48:49,BA,142.92,1,BID
2020-10-30 10:48:49,BA,143.0,2,ASK
2020-10-30 10:48:50,BA,142.92,1,BID
2020-10-30 10:48:50,BA,143.0,4,ASK
2020-10-30 10:48:53,BA,142.99,7,BID
2020-10-30 10:48:53,BA,143.07,7,ASK
2020-10-30 10:48:54,BA,142.99,7,BID
2020-10-30 10:48:54,BA,143.07,3,ASK
2020-10-30 10:48:55,BA,142.98,13,BID
2020-10-30 10:48:55,BA,143.05,1,ASK
2020-10-30 10:48:56,BA,143.0,5,BID
2020-10-30 10:48:56,BA,143.05,1,ASK
2020-10-30 10:48:56,BA,143.0,5,BID
2020-10-30 10:48:56,BA,143.05,1,ASK
2020-10-30 10:48:58,BA,142.94,7,BID
2020-10-30 10:48:58,BA,143.05,1,ASK
2020-10-30 10:49:00,BA,142.95,2,BID
2020-10-30 10:48:55,BA,143.06,3,ASK
2020-10-30 10:49:00,BA,142.95,2,BID
2020-10-30 10:48:55,BA,143.06,3,ASK
2020-10-30 10:49:00,BA,142.95,2,BID
2020-10-30 10:48:55,BA,143.06,3,ASK
2020-10-30 10:49:00,BA,142.95,2,BID
2020-10-30 10:48:55,BA,143.06,3,ASK
2020-10-30 10:49:00,BA,142.95,2,BID
2020-10-30 10:48:55,BA,143.06,3,ASK
2020-10-30 10:49:00,BA,142.95,2,BID
2020-10-30 10:48:55,BA,143.06,3,ASK
2020-10-30 10:49:00,BA,142.95,2,BID
2020-10-30 10:48:55,BA,143.06,3,ASK
2020-10-30 10:49:00,BA,142.95,2,BID
2020-10-30 10:48:55,BA,143.06,3,ASK
2020-10-30 10:49:00,BA,142.95,2,BID
2020-10-30 10:48:55,BA,143.06,3,ASK
2020-10-30 10:49:00,BA,142.95,2,BID
2020-10-30 10:48:55,BA,143.06,3,ASK
2020-10-30 10:49:00,BA,142.95,2,BID
2020-10-30 10:48:55,BA,143.06,3,ASK
2020-10-30 10:49:00,BA,142.95,2,BID
2020-10-30 10:48:55,BA,143.06,3,ASK
2020-10-30 10:49:00,BA,142.95,2,BID
2020-10-30 10:48:55,BA,143.06,3,ASK
2020-10-30 10:49:00,BA,142.95,2,BID
2020-10-30 10:48:55,BA,143.06,3,ASK
2020-10-30 10:49:00,BA,142.95,2,BID
2020-10-30 10:48:55,BA,143.06,3,ASK
2020-10-30 10:49:00,BA,142.95,2,BID
2020-10-30 10:48:55,BA,143.06,3,ASK
2020-10-30 10:49:00,BA,142.95,2,BID
2020-10-30 10:48:55,BA,143.06,3,ASK
2020-10-30 10:49:00,BA,142.95,2,BID
2020-10-30 10:48:55,BA,143.06,3,ASK
2020-10-30 10:49:00,BA,142.95,2,BID
2020-10-30 10:48:55,BA,143.06,3,ASK
2020-10-30 10:49:00,BA,142.95,2,BID
2020-10-30 10:48:55,BA,143.06,3,ASK
2020-10-30 10:49:00,BA,142.95,2,BID
2020-10-30 10:48:55,BA,143.06,3,ASK
2020-10-30 10:49:00,BA,142.95,2,BID
2020-10-30 10:48:55,BA,143.06,3,ASK
2020-10-30 10:49:00,BA,142.95,2,BID
2020-10-30 10:48:55,BA,143.06,3,ASK
2020-10-30 10:49:00,BA,142.95,2,BID
2020-10-30 10:48:55,BA,143.06,3,ASK
2020-10-30 10:49:00,BA,142.95,2,BID
2020-10-30 10:48:55,BA,143.06,3,ASK
2020-10-30 10:49:00,BA,142.95,2,BID
2020-10-30 10:48:55,BA,143.06,3,ASK
2020-10-30 10:49:00,BA,142.95,2,BID
2020-10-30 10:48:55,BA,143.06,3,ASK
2020-10-30 10:49:00,BA,142.95,2,BID
2020-10-30 10:48:55,BA,143.06,3,ASK
2020-10-30 10:49:09,BA,143.06,10,BID
2020-10-30 10:49:09,BA,143.16,3,ASK
2020-10-30 10:49:10,BA,143.04,4,BID
2020-10-30 10:49:10,BA,143.11,5,ASK
2020-10-30 10:49:12,BA,143.08,3,BID
2020-10-30 10:49:12,BA,143.2,4,ASK
2020-10-30 10:49:13,BA,143.08,3,BID
2020-10-30 10:49:13,BA,143.16,2,ASK
2020-10-30 10:49:13,BA,143.03,3,BID
2020-10-30 10:49:13,BA,143.12,3,ASK
2020-10-30 10:49:14,BA,143.03,2,BID
2020-10-30 10:49:14,BA,143.1,3,ASK
2020-10-30 10:49:15,BA,143.03,3,BID
2020-10-30 10:49:15,BA,143.1,3,ASK
2020-10-30 10:49:16,BA,142.96,11,BID
2020-10-30 10:49:16,BA,143.07,1,ASK
2020-10-30 10:49:17,BA,142.93,1,BID
2020-10-30 10:49:17,BA,143.02,3,ASK
2020-10-30 10:49:18,BA,142.93,1,BID
2020-10-30 10:49:18,BA,143.02,3,ASK
2020-10-30 10:49:20,BA,142.92,10,BID
2020-10-30 10:49:20,BA,143.02,3,ASK
2020-10-30 10:49:21,BA,142.96,17,BID
2020-10-30 10:49:21,BA,143.03,2,ASK
2020-10-30 10:49:22,BA,142.94,2,BID
2020-10-30 10:49:22,BA,142.98,4,ASK
2020-10-30 10:49:23,BA,142.92,10,BID
2020-10-30 10:49:23,BA,142.99,4,ASK
2020-10-30 10:49:25,BA,142.9,13,BID
2020-10-30 10:49:25,BA,142.98,3,ASK
2020-10-30 10:49:27,BA,142.98,6,BID
2020-10-30 10:49:27,BA,143.0,3,ASK
2020-10-30 10:49:27,BA,142.91,15,BID
2020-10-30 10:49:28,BA,143.0,3,ASK
2020-10-30 10:49:30,BA,142.94,1,BID
2020-10-30 10:49:29,BA,143.0,5,ASK
2020-10-30 10:49:31,BA,142.94,3,BID
2020-10-30 10:49:29,BA,143.0,5,ASK
2020-10-30 10:49:32,BA,142.94,2,BID
2020-10-30 10:49:29,BA,143.0,5,ASK
2020-10-30 10:49:32,BA,142.94,2,BID
2020-10-30 10:49:32,BA,143.0,5,ASK
2020-10-30 10:49:32,BA,142.94,2,BID
2020-10-30 10:49:32,BA,143.0,5,ASK
2020-10-30 10:49:32,BA,142.94,2,BID
2020-10-30 10:49:32,BA,143.0,5,ASK
2020-10-30 10:49:32,BA,142.94,2,BID
2020-10-30 10:49:32,BA,143.0,5,ASK
2020-10-30 10:49:32,BA,142.94,2,BID
2020-10-30 10:49:32,BA,143.0,5,ASK
2020-10-30 10:49:32,BA,142.94,2,BID
2020-10-30 10:49:32,BA,143.0,5,ASK
2020-10-30 10:49:32,BA,142.9,13,BID
2020-10-30 10:49:37,BA,142.96,3,ASK
2020-10-30 10:49:37,BA,142.87,1,BID
2020-10-30 10:49:37,BA,142.92,2,ASK
2020-10-30 10:49:38,BA,142.86,3,BID
2020-10-30 10:49:38,BA,142.92,2,ASK
2020-10-30 10:49:38,BA,142.86,3,BID
2020-10-30 10:49:38,BA,142.9,2,ASK
2020-10-30 10:49:40,BA,142.85,7,BID
2020-10-30 10:49:40,BA,142.92,3,ASK
2020-10-30 10:49:41,BA,142.84,7,BID
2020-10-30 10:49:41,BA,142.88,2,ASK
2020-10-30 10:49:43,BA,142.83,6,BID
2020-10-30 10:49:43,BA,142.92,5,ASK
2020-10-30 10:49:45,BA,142.83,2,BID
2020-10-30 10:49:45,BA,142.91,4,ASK
2020-10-30 10:49:47,BA,142.83,15,BID
2020-10-30 10:49:47,BA,142.91,1,ASK
2020-10-30 10:49:49,BA,142.84,1,BID
2020-10-30 10:49:49,BA,142.92,6,ASK
2020-10-30 10:49:42,BA,142.81,8,BID
2020-10-30 10:49:49,BA,142.99,3,ASK
2020-10-30 10:49:50,BA,142.84,7,BID
2020-10-30 10:49:50,BA,142.99,7,ASK
2020-10-30 10:49:51,BA,142.85,13,BID
2020-10-30 10:49:51,BA,142.98,2,ASK
2020-10-30 10:49:53,BA,142.88,3,BID
2020-10-30 10:49:53,BA,142.98,16,ASK
2020-10-30 10:49:53,BA,142.88,3,BID
2020-10-30 10:49:53,BA,142.97,1,ASK
2020-10-30 10:49:55,BA,142.88,3,BID
2020-10-30 10:49:53,BA,142.98,16,ASK
2020-10-30 10:49:57,BA,142.88,4,BID
2020-10-30 10:49:57,BA,142.97,3,ASK
2020-10-30 10:49:58,BA,142.88,4,BID
2020-10-30 10:49:58,BA,142.97,3,ASK
2020-10-30 10:49:59,BA,142.88,12,BID
2020-10-30 10:49:58,BA,142.98,11,ASK
2020-10-30 10:50:01,BA,142.9,2,BID
2020-10-30 10:49:58,BA,142.98,10,ASK
2020-10-30 10:50:01,BA,142.93,1,BID
2020-10-30 10:50:01,BA,142.99,3,ASK
2020-10-30 10:50:02,BA,142.95,3,BID
2020-10-30 10:50:02,BA,143.0,9,ASK
2020-10-30 10:50:02,BA,142.95,3,BID
2020-10-30 10:50:02,BA,143.0,8,ASK
2020-10-30 10:50:04,BA,142.91,1,BID
2020-10-30 10:50:04,BA,142.95,1,ASK
2020-10-30 10:50:04,BA,142.85,16,BID
2020-10-30 10:50:04,BA,142.95,1,ASK
2020-10-30 10:50:04,BA,142.85,11,BID
2020-10-30 10:50:04,BA,142.95,1,ASK
2020-10-30 10:50:04,BA,142.85,12,BID
2020-10-30 10:50:05,BA,142.95,1,ASK
2020-10-30 10:50:07,BA,142.86,3,BID
2020-10-30 10:50:07,BA,142.93,1,ASK
2020-10-30 10:50:07,BA,142.86,3,BID
2020-10-30 10:50:07,BA,142.93,2,ASK
2020-10-30 10:50:08,BA,142.82,17,BID
2020-10-30 10:50:08,BA,142.9,1,ASK
2020-10-30 10:50:08,BA,142.82,12,BID
2020-10-30 10:50:09,BA,142.89,2,ASK
2020-10-30 10:49:42,BA,142.81,9,BID
2020-10-30 10:50:09,BA,142.86,2,ASK
2020-10-30 10:50:10,BA,142.82,5,BID
2020-10-30 10:50:10,BA,142.89,8,ASK
2020-10-30 10:50:12,BA,142.84,1,BID
2020-10-30 10:50:12,BA,142.9,7,ASK
2020-10-30 10:50:13,BA,142.88,21,BID
2020-10-30 10:50:13,BA,142.93,1,ASK
2020-10-30 10:50:14,BA,142.88,21,BID
2020-10-30 10:50:14,BA,142.94,5,ASK
2020-10-30 10:50:15,BA,143.0,15,BID
2020-10-30 10:50:15,BA,143.09,1,ASK
2020-10-30 10:50:16,BA,143.0,15,BID
2020-10-30 10:50:16,BA,143.07,3,ASK
2020-10-30 10:50:16,BA,143.0,15,BID
2020-10-30 10:50:16,BA,143.06,2,ASK
2020-10-30 10:50:16,BA,143.0,15,BID
2020-10-30 10:50:16,BA,143.06,2,ASK
2020-10-30 10:50:20,BA,143.0,15,BID
2020-10-30 10:50:20,BA,143.06,3,ASK
2020-10-30 10:50:22,BA,143.06,2,BID
2020-10-30 10:50:22,BA,143.13,3,ASK
2020-10-30 10:50:23,BA,143.0,14,BID
2020-10-30 10:50:23,BA,143.07,4,ASK
2020-10-30 10:50:23,BA,143.0,14,BID
2020-10-30 10:50:23,BA,143.07,4,ASK
2020-10-30 10:50:26,BA,143.0,2,BID
2020-10-30 10:50:26,BA,143.03,1,ASK
2020-10-30 10:50:26,BA,142.94,1,BID
2020-10-30 10:50:26,BA,143.03,5,ASK
2020-10-30 10:50:27,BA,142.93,13,BID
2020-10-30 10:50:27,BA,143.01,3,ASK
2020-10-30 10:50:28,BA,142.93,13,BID
2020-10-30 10:50:28,BA,143.0,3,ASK
2020-10-30 10:50:30,BA,142.93,13,BID
2020-10-30 10:50:30,BA,142.99,3,ASK
2020-10-30 10:50:32,BA,142.93,13,BID
2020-10-30 10:50:32,BA,142.98,4,ASK
2020-10-30 10:50:33,BA,142.94,2,BID
2020-10-30 10:50:33,BA,143.05,4,ASK
2020-10-30 10:50:33,BA,143.0,11,BID
2020-10-30 10:50:34,BA,143.12,21,ASK
2020-10-30 10:50:33,BA,143.0,11,BID
2020-10-30 10:50:34,BA,143.11,1,ASK
2020-10-30 10:50:33,BA,143.0,12,BID
2020-10-30 10:50:35,BA,143.11,3,ASK
2020-10-30 10:50:36,BA,143.02,1,BID
2020-10-30 10:50:36,BA,143.11,5,ASK
2020-10-30 10:50:33,BA,143.0,12,BID
2020-10-30 10:50:37,BA,143.05,2,ASK
2020-10-30 10:50:39,BA,142.9,1,BID
2020-10-30 10:50:39,BA,142.93,3,ASK
2020-10-30 10:50:40,BA,142.87,7,BID
2020-10-30 10:50:40,BA,142.93,2,ASK
2020-10-30 10:50:42,BA,142.9,9,BID
2020-10-30 10:50:42,BA,142.97,6,ASK
2020-10-30 10:50:42,BA,142.9,6,BID
2020-10-30 10:50:43,BA,142.96,2,ASK
2020-10-30 10:50:43,BA,142.9,12,BID
2020-10-30 10:50:44,BA,142.97,6,ASK
2020-10-30 10:50:46,BA,142.86,1,BID
2020-10-30 10:50:46,BA,142.91,3,ASK
2020-10-30 10:50:48,BA,142.86,2,BID
2020-10-30 10:50:48,BA,142.9,1,ASK
2020-10-30 10:50:10,BA,142.81,10,BID
2020-10-30 10:50:50,BA,142.87,1,ASK
2020-10-30 10:50:52,BA,142.82,2,BID
2020-10-30 10:50:52,BA,142.9,2,ASK
2020-10-30 10:50:54,BA,142.82,2,BID
2020-10-30 10:50:54,BA,142.9,3,ASK
2020-10-30 10:50:55,BA,142.82,3,BID
2020-10-30 10:50:55,BA,142.9,4,ASK
2020-10-30 10:50:56,BA,142.87,20,BID
2020-10-30 10:50:56,BA,142.94,4,ASK
2020-10-30 10:50:56,BA,142.87,20,BID
2020-10-30 10:50:56,BA,142.94,4,ASK
2020-10-30 10:50:58,BA,142.91,10,BID
2020-10-30 10:50:58,BA,142.97,7,ASK
2020-10-30 10:50:59,BA,142.99,1,BID
2020-10-30 10:50:59,BA,143.04,14,ASK
2020-10-30 10:50:59,BA,142.99,2,BID
2020-10-30 10:50:59,BA,143.03,3,ASK
2020-10-30 10:51:00,BA,142.99,3,BID
2020-10-30 10:51:00,BA,143.05,2,ASK
2020-10-30 10:51:00,BA,142.99,3,BID
2020-10-30 10:51:00,BA,143.05,2,ASK
2020-10-30 10:51:03,BA,143.04,18,BID
2020-10-30 10:51:03,BA,143.11,3,ASK
2020-10-30 10:51:03,BA,143.04,1,BID
2020-10-30 10:51:03,BA,143.1,3,ASK
2020-10-30 10:51:03,BA,143.04,13,BID
2020-10-30 10:51:03,BA,143.1,6,ASK
2020-10-30 10:51:04,BA,143.05,12,BID
2020-10-30 10:51:04,BA,143.1,3,ASK
2020-10-30 10:51:04,BA,143.05,12,BID
2020-10-30 10:51:04,BA,143.1,3,ASK
2020-10-30 10:51:06,BA,143.01,1,BID
2020-10-30 10:51:05,BA,143.06,15,ASK
2020-10-30 10:51:07,BA,142.97,4,BID
2020-10-30 10:51:07,BA,143.03,3,ASK
2020-10-30 10:51:08,BA,142.93,1,BID
2020-10-30 10:51:08,BA,142.97,5,ASK
2020-10-30 10:51:09,BA,142.91,11,BID
2020-10-30 10:51:09,BA,142.94,6,ASK
2020-10-30 10:51:11,BA,142.9,3,BID
2020-10-30 10:51:12,BA,142.93,6,ASK
2020-10-30 10:51:13,BA,142.84,3,BID
2020-10-30 10:51:13,BA,142.91,4,ASK
2020-10-30 10:51:15,BA,142.86,5,BID
2020-10-30 10:51:15,BA,142.9,3,ASK
2020-10-30 10:51:15,BA,142.86,2,BID
2020-10-30 10:51:15,BA,142.9,3,ASK
2020-10-30 10:51:15,BA,142.86,2,BID
2020-10-30 10:51:15,BA,142.9,3,ASK
2020-10-30 10:51:19,BA,142.98,1,BID
2020-10-30 10:51:19,BA,143.04,1,ASK
2020-10-30 10:51:19,BA,143.0,4,BID
2020-10-30 10:51:19,BA,143.04,3,ASK
2020-10-30 10:51:20,BA,143.04,2,BID
2020-10-30 10:51:20,BA,143.12,3,ASK
2020-10-30 10:51:20,BA,143.04,3,BID
2020-10-30 10:51:20,BA,143.12,3,ASK
2020-10-30 10:51:20,BA,143.03,19,BID
2020-10-30 10:51:20,BA,143.11,3,ASK
2020-10-30 10:51:21,BA,143.04,1,BID
2020-10-30 10:51:21,BA,143.11,3,ASK
2020-10-30 10:51:21,BA,143.0,9,BID
2020-10-30 10:51:21,BA,143.08,2,ASK
2020-10-30 10:51:22,BA,143.01,14,BID
2020-10-30 10:51:22,BA,143.08,2,ASK
2020-10-30 10:51:23,BA,143.01,1,BID
2020-10-30 10:51:23,BA,143.08,2,ASK
2020-10-30 10:51:23,BA,143.01,1,BID
2020-10-30 10:51:23,BA,143.08,2,ASK
2020-10-30 10:51:23,BA,143.01,1,BID
2020-10-30 10:51:23,BA,143.08,2,ASK
2020-10-30 10:51:23,BA,143.01,1,BID
2020-10-30 10:51:23,BA,143.08,2,ASK
2020-10-30 10:51:23,BA,143.01,1,BID
2020-10-30 10:51:23,BA,143.08,2,ASK
2020-10-30 10:51:23,BA,143.01,1,BID
2020-10-30 10:51:23,BA,143.08,2,ASK
2020-10-30 10:51:23,BA,143.01,1,BID
2020-10-30 10:51:23,BA,143.08,2,ASK
2020-10-30 10:51:23,BA,143.01,1,BID
2020-10-30 10:51:23,BA,143.08,2,ASK
2020-10-30 10:51:23,BA,143.01,1,BID
2020-10-30 10:51:23,BA,143.08,2,ASK
2020-10-30 10:51:23,BA,143.01,1,BID
2020-10-30 10:51:23,BA,143.08,2,ASK
2020-10-30 10:51:23,BA,143.01,1,BID
2020-10-30 10:51:23,BA,143.08,2,ASK
2020-10-30 10:51:23,BA,143.01,1,BID
2020-10-30 10:51:23,BA,143.08,2,ASK
2020-10-30 10:51:23,BA,143.01,1,BID
2020-10-30 10:51:23,BA,143.08,2,ASK
2020-10-30 10:51:23,BA,143.01,1,BID
2020-10-30 10:51:23,BA,143.08,2,ASK
2020-10-30 10:51:23,BA,143.01,1,BID
2020-10-30 10:51:23,BA,143.08,2,ASK
2020-10-30 10:51:23,BA,143.01,1,BID
2020-10-30 10:51:23,BA,143.08,2,ASK
2020-10-30 10:51:23,BA,143.01,1,BID
2020-10-30 10:51:23,BA,143.08,2,ASK
2020-10-30 10:51:23,BA,143.01,1,BID
2020-10-30 10:51:23,BA,143.08,2,ASK
2020-10-30 10:51:23,BA,143.01,1,BID
2020-10-30 10:51:23,BA,143.08,2,ASK
2020-10-30 10:51:23,BA,143.01,1,BID
2020-10-30 10:51:23,BA,143.08,2,ASK
2020-10-30 10:51:23,BA,143.01,1,BID
2020-10-30 10:51:23,BA,143.08,2,ASK
2020-10-30 10:51:23,BA,143.01,1,BID
2020-10-30 10:51:23,BA,143.08,2,ASK
2020-10-30 10:51:23,BA,143.01,1,BID
2020-10-30 10:51:23,BA,143.08,2,ASK
2020-10-30 10:51:23,BA,143.01,1,BID
2020-10-30 10:51:23,BA,143.08,2,ASK
2020-10-30 10:51:23,BA,143.01,1,BID
2020-10-30 10:51:23,BA,143.08,2,ASK
2020-10-30 10:51:23,BA,143.01,1,BID
2020-10-30 10:51:23,BA,143.08,2,ASK
2020-10-30 10:51:23,BA,143.01,1,BID
2020-10-30 10:51:23,BA,143.08,2,ASK
2020-10-30 10:51:34,BA,143.1,1,BID
2020-10-30 10:51:34,BA,143.18,2,ASK
2020-10-30 10:51:35,BA,143.09,4,BID
2020-10-30 10:51:35,BA,143.18,2,ASK
2020-10-30 10:51:37,BA,143.1,2,BID
2020-10-30 10:51:37,BA,143.17,3,ASK
2020-10-30 10:51:38,BA,143.1,4,BID
2020-10-30 10:51:38,BA,143.17,3,ASK
2020-10-30 10:51:39,BA,143.1,4,BID
2020-10-30 10:51:39,BA,143.17,3,ASK
2020-10-30 10:51:41,BA,143.01,17,BID
2020-10-30 10:51:41,BA,143.08,4,ASK
2020-10-30 10:51:42,BA,143.02,4,BID
2020-10-30 10:51:42,BA,143.08,7,ASK
