timestamp,ticker,price,volume,bid_ask
2020-10-30 10:31:27,CAT,154.32,1,BID
2020-10-30 10:31:27,CAT,154.49,6,ASK
2020-10-30 10:31:27,CAT,154.31,1,BID
2020-10-30 10:31:27,CAT,154.49,7,ASK
2020-10-30 10:31:29,CAT,154.31,6,BID
2020-10-30 10:31:29,CAT,154.49,1,ASK
2020-10-30 10:31:29,CAT,154.31,7,BID
2020-10-30 10:31:30,CAT,154.49,1,ASK
2020-10-30 10:31:29,CAT,154.31,7,BID
2020-10-30 10:31:30,CAT,154.49,1,ASK
2020-10-30 10:31:29,CAT,154.31,7,BID
2020-10-30 10:31:31,CAT,154.49,1,ASK
2020-10-30 10:31:29,CAT,154.31,7,BID
2020-10-30 10:31:31,CAT,154.49,1,ASK
2020-10-30 10:31:29,CAT,154.31,7,BID
2020-10-30 10:31:33,CAT,154.49,3,ASK
2020-10-30 10:31:29,CAT,154.31,7,BID
2020-10-30 10:31:33,CAT,154.49,3,ASK
2020-10-30 10:31:29,CAT,154.31,7,BID
2020-10-30 10:31:35,CAT,154.49,1,ASK
2020-10-30 10:31:29,CAT,154.31,7,BID
2020-10-30 10:31:37,CAT,154.49,1,ASK
2020-10-30 10:31:29,CAT,154.31,7,BID
2020-10-30 10:31:37,CAT,154.49,1,ASK
2020-10-30 10:31:29,CAT,154.31,6,BID
2020-10-30 10:31:38,CAT,154.49,1,ASK
2020-10-30 10:31:39,CAT,154.31,7,BID
2020-10-30 10:31:39,CAT,154.49,4,ASK
2020-10-30 10:31:40,CAT,154.31,7,BID
2020-10-30 10:31:39,CAT,154.49,4,ASK
2020-10-30 10:31:41,CAT,154.31,7,BID
2020-10-30 10:31:41,CAT,154.48,3,ASK
2020-10-30 10:31:43,CAT,154.31,7,BID
2020-10-30 10:31:39,CAT,154.49,4,ASK
2020-10-30 10:31:43,CAT,154.31,7,BID
2020-10-30 10:31:39,CAT,154.49,4,ASK
2020-10-30 10:31:44,CAT,154.31,7,BID
2020-10-30 10:31:39,CAT,154.49,4,ASK
2020-10-30 10:31:44,CAT,154.31,7,BID
2020-10-30 10:31:39,CAT,154.49,4,ASK
2020-10-30 10:31:46,CAT,154.31,7,BID
2020-10-30 10:31:46,CAT,154.49,4,ASK
2020-10-30 10:31:47,CAT,154.31,7,BID
2020-10-30 10:31:47,CAT,154.49,4,ASK
2020-10-30 10:31:47,CAT,154.31,7,BID
2020-10-30 10:31:47,CAT,154.49,4,ASK
2020-10-30 10:31:49,CAT,154.31,7,BID
2020-10-30 10:31:49,CAT,154.45,3,ASK
2020-10-30 10:31:50,CAT,154.33,2,BID
2020-10-30 10:31:50,CAT,154.46,2,ASK
2020-10-30 10:31:50,CAT,154.33,2,BID
2020-10-30 10:31:50,CAT,154.46,2,ASK
2020-10-30 10:31:50,CAT,154.33,2,BID
2020-10-30 10:31:50,CAT,154.46,2,ASK
2020-10-30 10:31:53,CAT,154.33,2,BID
2020-10-30 10:31:53,CAT,154.46,4,ASK
2020-10-30 10:31:53,CAT,154.33,2,BID
2020-10-30 10:31:53,CAT,154.46,4,ASK
2020-10-30 10:31:53,CAT,154.33,2,BID
2020-10-30 10:31:53,CAT,154.46,4,ASK
2020-10-30 10:31:53,CAT,154.33,2,BID
2020-10-30 10:31:53,CAT,154.46,4,ASK
2020-10-30 10:31:57,CAT,154.31,1,BID
2020-10-30 10:31:57,CAT,154.46,4,ASK
2020-10-30 10:31:59,CAT,154.31,1,BID
2020-10-30 10:31:59,CAT,154.46,4,ASK
2020-10-30 10:31:59,CAT,154.31,2,BID
2020-10-30 10:32:00,CAT,154.44,3,ASK
2020-10-30 10:32:00,CAT,154.31,2,BID
2020-10-30 10:32:00,CAT,154.44,3,ASK
2020-10-30 10:32:00,CAT,154.4,2,BID
2020-10-30 10:32:00,CAT,154.44,4,ASK
2020-10-30 10:32:00,CAT,154.31,2,BID
2020-10-30 10:32:00,CAT,154.41,2,ASK
2020-10-30 10:32:01,CAT,154.24,5,BID
2020-10-30 10:32:01,CAT,154.36,4,ASK
2020-10-30 10:31:07,CAT,154.2,3,BID
2020-10-30 10:32:02,CAT,154.28,1,ASK
2020-10-30 10:31:07,CAT,154.2,3,BID
2020-10-30 10:32:02,CAT,154.3,2,ASK
2020-10-30 10:31:07,CAT,154.2,3,BID
2020-10-30 10:32:02,CAT,154.3,2,ASK
2020-10-30 10:31:07,CAT,154.2,3,BID
2020-10-30 10:32:02,CAT,154.3,2,ASK
2020-10-30 10:31:07,CAT,154.2,3,BID
2020-10-30 10:32:04,CAT,154.3,6,ASK
2020-10-30 10:31:07,CAT,154.2,3,BID
2020-10-30 10:32:05,CAT,154.3,5,ASK
2020-10-30 10:31:07,CAT,154.2,3,BID
2020-10-30 10:32:06,CAT,154.3,6,ASK
2020-10-30 10:32:07,CAT,154.2,5,BID
2020-10-30 10:32:07,CAT,154.3,5,ASK
2020-10-30 10:32:07,CAT,154.2,5,BID
2020-10-30 10:32:07,CAT,154.3,5,ASK
2020-10-30 10:32:07,CAT,154.2,5,BID
2020-10-30 10:32:07,CAT,154.3,5,ASK
2020-10-30 10:32:07,CAT,154.2,5,BID
2020-10-30 10:32:10,CAT,154.3,5,ASK
2020-10-30 10:32:07,CAT,154.2,5,BID
2020-10-30 10:32:10,CAT,154.3,5,ASK
2020-10-30 10:32:07,CAT,154.2,5,BID
2020-10-30 10:32:10,CAT,154.3,5,ASK
2020-10-30 10:32:13,CAT,154.21,2,BID
2020-10-30 10:32:13,CAT,154.31,2,ASK
2020-10-30 10:32:15,CAT,154.18,5,BID
2020-10-30 10:32:15,CAT,154.29,2,ASK
2020-10-30 10:32:15,CAT,154.18,5,BID
2020-10-30 10:32:16,CAT,154.27,2,ASK
2020-10-30 10:32:15,CAT,154.18,5,BID
2020-10-30 10:32:17,CAT,154.27,4,ASK
2020-10-30 10:32:15,CAT,154.18,5,BID
2020-10-30 10:32:19,CAT,154.27,5,ASK
2020-10-30 10:32:19,CAT,154.14,2,BID
2020-10-30 10:32:19,CAT,154.24,2,ASK
2020-10-30 10:32:19,CAT,154.14,2,BID
2020-10-30 10:32:19,CAT,154.24,2,ASK
2020-10-30 10:32:19,CAT,154.14,2,BID
2020-10-30 10:32:19,CAT,154.24,2,ASK
2020-10-30 10:32:20,CAT,154.14,1,BID
2020-10-30 10:32:20,CAT,154.24,3,ASK
2020-10-30 10:32:21,CAT,154.08,1,BID
2020-10-30 10:32:21,CAT,154.19,3,ASK
2020-10-30 10:32:21,CAT,154.08,1,BID
2020-10-30 10:32:21,CAT,154.24,8,ASK
2020-10-30 10:32:23,CAT,154.08,4,BID
2020-10-30 10:32:23,CAT,154.22,1,ASK
2020-10-30 10:32:23,CAT,154.08,4,BID
2020-10-30 10:32:23,CAT,154.22,1,ASK
2020-10-30 10:32:23,CAT,154.08,4,BID
2020-10-30 10:32:23,CAT,154.22,1,ASK
2020-10-30 10:32:24,CAT,154.08,3,BID
2020-10-30 10:32:24,CAT,154.16,1,ASK
2020-10-30 10:32:24,CAT,154.03,8,BID
2020-10-30 10:32:24,CAT,154.12,3,ASK
2020-10-30 10:32:25,CAT,154.01,2,BID
2020-10-30 10:32:24,CAT,154.12,3,ASK
2020-10-30 10:32:25,CAT,154.02,3,BID
2020-10-30 10:32:24,CAT,154.12,3,ASK
2020-10-30 10:32:25,CAT,154.02,3,BID
2020-10-30 10:32:24,CAT,154.12,3,ASK
2020-10-30 10:32:26,CAT,154.02,1,BID
2020-10-30 10:32:26,CAT,154.1,2,ASK
2020-10-30 10:32:26,CAT,154.0,3,BID
2020-10-30 10:32:26,CAT,154.1,2,ASK
2020-10-30 10:32:27,CAT,154.0,3,BID
2020-10-30 10:32:27,CAT,154.08,1,ASK
2020-10-30 10:32:27,CAT,154.0,4,BID
2020-10-30 10:32:27,CAT,154.1,3,ASK
2020-10-30 10:32:27,CAT,154.0,4,BID
2020-10-30 10:32:27,CAT,154.1,3,ASK
2020-10-30 10:32:28,CAT,154.01,2,BID
2020-10-30 10:32:28,CAT,154.14,1,ASK
2020-10-30 10:32:28,CAT,154.01,2,BID
2020-10-30 10:32:28,CAT,154.15,3,ASK
2020-10-30 10:32:31,CAT,154.01,4,BID
2020-10-30 10:32:31,CAT,154.15,5,ASK
2020-10-30 10:32:31,CAT,154.02,3,BID
2020-10-30 10:32:31,CAT,154.15,5,ASK
2020-10-30 10:32:31,CAT,154.02,3,BID
2020-10-30 10:32:31,CAT,154.15,5,ASK
2020-10-30 10:32:31,CAT,154.02,3,BID
2020-10-30 10:32:31,CAT,154.15,5,ASK
2020-10-30 10:32:32,CAT,154.02,5,BID
2020-10-30 10:32:32,CAT,154.15,5,ASK
2020-10-30 10:32:33,CAT,154.02,6,BID
2020-10-30 10:32:33,CAT,154.15,5,ASK
2020-10-30 10:32:33,CAT,154.02,6,BID
2020-10-30 10:32:33,CAT,154.15,5,ASK
2020-10-30 10:32:33,CAT,154.02,6,BID
2020-10-30 10:32:33,CAT,154.15,5,ASK
2020-10-30 10:32:36,CAT,154.01,4,BID
2020-10-30 10:32:36,CAT,154.15,4,ASK
2020-10-30 10:32:36,CAT,154.01,4,BID
2020-10-30 10:32:37,CAT,154.15,4,ASK
2020-10-30 10:32:36,CAT,154.01,4,BID
2020-10-30 10:32:37,CAT,154.15,4,ASK
2020-10-30 10:32:38,CAT,154.01,5,BID
2020-10-30 10:32:38,CAT,154.15,4,ASK
2020-10-30 10:32:39,CAT,154.01,6,BID
2020-10-30 10:32:39,CAT,154.15,4,ASK
2020-10-30 10:32:40,CAT,154.01,9,BID
2020-10-30 10:32:40,CAT,154.15,4,ASK
2020-10-30 10:32:40,CAT,154.01,9,BID
2020-10-30 10:32:40,CAT,154.15,4,ASK
2020-10-30 10:32:40,CAT,154.01,9,BID
2020-10-30 10:32:40,CAT,154.15,4,ASK
2020-10-30 10:32:40,CAT,154.01,9,BID
2020-10-30 10:32:40,CAT,154.15,4,ASK
2020-10-30 10:32:40,CAT,154.01,9,BID
2020-10-30 10:32:40,CAT,154.15,4,ASK
2020-10-30 10:32:40,CAT,154.01,9,BID
2020-10-30 10:32:40,CAT,154.15,4,ASK
2020-10-30 10:32:40,CAT,154.01,9,BID
2020-10-30 10:32:45,CAT,154.14,2,ASK
2020-10-30 10:32:40,CAT,154.01,9,BID
2020-10-30 10:32:45,CAT,154.14,2,ASK
2020-10-30 10:32:40,CAT,154.01,9,BID
2020-10-30 10:32:47,CAT,154.15,6,ASK
2020-10-30 10:32:40,CAT,154.01,9,BID
2020-10-30 10:32:47,CAT,154.15,6,ASK
2020-10-30 10:32:40,CAT,154.01,9,BID
2020-10-30 10:32:47,CAT,154.15,6,ASK
2020-10-30 10:32:40,CAT,154.01,9,BID
2020-10-30 10:32:47,CAT,154.15,6,ASK
2020-10-30 10:32:40,CAT,154.01,9,BID
2020-10-30 10:32:47,CAT,154.15,6,ASK
2020-10-30 10:32:40,CAT,154.01,9,BID
2020-10-30 10:32:47,CAT,154.15,6,ASK
2020-10-30 10:32:57,CAT,154.04,3,BID
2020-10-30 10:32:57,CAT,154.15,6,ASK
2020-10-30 10:32:57,CAT,154.04,3,BID
2020-10-30 10:32:57,CAT,154.15,6,ASK
2020-10-30 10:32:57,CAT,154.04,3,BID
2020-10-30 10:32:57,CAT,154.15,6,ASK
2020-10-30 10:32:58,CAT,154.15,4,BID
2020-10-30 10:32:58,CAT,154.26,2,ASK
2020-10-30 10:32:59,CAT,154.15,4,BID
2020-10-30 10:32:59,CAT,154.25,2,ASK
2020-10-30 10:33:00,CAT,154.15,4,BID
2020-10-30 10:33:00,CAT,154.25,3,ASK
2020-10-30 10:33:01,CAT,154.15,4,BID
2020-10-30 10:33:01,CAT,154.23,1,ASK
2020-10-30 10:33:02,CAT,154.21,1,BID
2020-10-30 10:33:02,CAT,154.34,1,ASK
2020-10-30 10:33:02,CAT,154.17,6,BID
2020-10-30 10:33:02,CAT,154.37,5,ASK
2020-10-30 10:33:03,CAT,154.17,6,BID
2020-10-30 10:33:03,CAT,154.35,1,ASK
2020-10-30 10:33:04,CAT,154.17,6,BID
2020-10-30 10:33:04,CAT,154.35,1,ASK
2020-10-30 10:33:05,CAT,154.18,4,BID
2020-10-30 10:33:05,CAT,154.37,5,ASK
2020-10-30 10:33:05,CAT,154.18,4,BID
2020-10-30 10:33:05,CAT,154.37,5,ASK
2020-10-30 10:33:07,CAT,154.18,4,BID
2020-10-30 10:33:07,CAT,154.37,5,ASK
2020-10-30 10:33:08,CAT,154.18,4,BID
2020-10-30 10:33:08,CAT,154.35,4,ASK
2020-10-30 10:33:08,CAT,154.18,4,BID
2020-10-30 10:33:08,CAT,154.35,4,ASK
2020-10-30 10:33:08,CAT,154.18,4,BID
2020-10-30 10:33:09,CAT,154.35,3,ASK
2020-10-30 10:33:08,CAT,154.18,4,BID
2020-10-30 10:33:09,CAT,154.35,3,ASK
2020-10-30 10:33:12,CAT,154.18,4,BID
2020-10-30 10:33:12,CAT,154.35,3,ASK
2020-10-30 10:33:13,CAT,154.18,4,BID
2020-10-30 10:33:14,CAT,154.35,2,ASK
2020-10-30 10:33:15,CAT,154.18,5,BID
2020-10-30 10:33:15,CAT,154.36,3,ASK
2020-10-30 10:33:15,CAT,154.18,5,BID
2020-10-30 10:33:15,CAT,154.36,3,ASK
2020-10-30 10:33:16,CAT,154.18,5,BID
2020-10-30 10:33:16,CAT,154.35,1,ASK
2020-10-30 10:33:18,CAT,154.18,8,BID
2020-10-30 10:33:18,CAT,154.33,1,ASK
2020-10-30 10:33:19,CAT,154.18,8,BID
2020-10-30 10:33:19,CAT,154.34,2,ASK
2020-10-30 10:33:19,CAT,154.18,7,BID
2020-10-30 10:33:19,CAT,154.34,2,ASK
2020-10-30 10:33:20,CAT,154.18,7,BID
2020-10-30 10:33:20,CAT,154.3,5,ASK
2020-10-30 10:33:20,CAT,154.18,7,BID
2020-10-30 10:33:20,CAT,154.3,5,ASK
2020-10-30 10:33:22,CAT,154.19,2,BID
2020-10-30 10:33:20,CAT,154.3,4,ASK
2020-10-30 10:33:22,CAT,154.19,2,BID
2020-10-30 10:33:20,CAT,154.3,4,ASK
2020-10-30 10:33:25,CAT,154.18,7,BID
2020-10-30 10:33:20,CAT,154.3,4,ASK
2020-10-30 10:33:25,CAT,154.18,7,BID
2020-10-30 10:33:20,CAT,154.3,4,ASK
2020-10-30 10:33:27,CAT,154.18,7,BID
2020-10-30 10:33:20,CAT,154.3,4,ASK
2020-10-30 10:33:30,CAT,154.18,7,BID
2020-10-30 10:33:20,CAT,154.3,4,ASK
2020-10-30 10:33:30,CAT,154.18,7,BID
2020-10-30 10:33:20,CAT,154.3,4,ASK
2020-10-30 10:33:32,CAT,154.25,8,BID
2020-10-30 10:33:32,CAT,154.44,6,ASK
2020-10-30 10:33:33,CAT,154.25,10,BID
2020-10-30 10:33:33,CAT,154.42,1,ASK
2020-10-30 10:33:33,CAT,154.32,3,BID
2020-10-30 10:33:33,CAT,154.44,10,ASK
2020-10-30 10:33:33,CAT,154.32,3,BID
2020-10-30 10:33:33,CAT,154.44,10,ASK
2020-10-30 10:33:33,CAT,154.32,3,BID
2020-10-30 10:33:33,CAT,154.44,10,ASK
2020-10-30 10:33:35,CAT,154.31,6,BID
2020-10-30 10:33:35,CAT,154.44,10,ASK
2020-10-30 10:33:35,CAT,154.31,6,BID
2020-10-30 10:33:35,CAT,154.44,10,ASK
2020-10-30 10:33:37,CAT,154.34,3,BID
2020-10-30 10:33:37,CAT,154.5,7,ASK
2020-10-30 10:33:38,CAT,154.3,5,BID
2020-10-30 10:33:38,CAT,154.47,3,ASK
2020-10-30 10:33:39,CAT,154.32,2,BID
2020-10-30 10:33:39,CAT,154.47,5,ASK
2020-10-30 10:33:40,CAT,154.33,5,BID
2020-10-30 10:33:39,CAT,154.47,5,ASK
2020-10-30 10:33:41,CAT,154.32,2,BID
2020-10-30 10:33:41,CAT,154.47,5,ASK
2020-10-30 10:33:42,CAT,154.32,2,BID
2020-10-30 10:33:42,CAT,154.47,9,ASK
2020-10-30 10:33:42,CAT,154.32,2,BID
2020-10-30 10:33:42,CAT,154.47,9,ASK
2020-10-30 10:33:44,CAT,154.32,3,BID
2020-10-30 10:33:42,CAT,154.47,9,ASK
2020-10-30 10:33:45,CAT,154.32,3,BID
2020-10-30 10:33:42,CAT,154.47,9,ASK
2020-10-30 10:33:46,CAT,154.33,2,BID
2020-10-30 10:33:46,CAT,154.46,4,ASK
2020-10-30 10:33:47,CAT,154.33,2,BID
2020-10-30 10:33:42,CAT,154.47,9,ASK
2020-10-30 10:33:48,CAT,154.33,2,BID
2020-10-30 10:33:48,CAT,154.53,2,ASK
2020-10-30 10:33:48,CAT,154.42,3,BID
2020-10-30 10:33:48,CAT,154.54,1,ASK
2020-10-30 10:33:48,CAT,154.42,3,BID
2020-10-30 10:33:48,CAT,154.54,1,ASK
2020-10-30 10:33:49,CAT,154.42,4,BID
2020-10-30 10:33:49,CAT,154.57,7,ASK
2020-10-30 10:33:50,CAT,154.42,2,BID
2020-10-30 10:33:50,CAT,154.57,7,ASK
2020-10-30 10:33:50,CAT,154.42,2,BID
2020-10-30 10:33:50,CAT,154.57,7,ASK
2020-10-30 10:33:52,CAT,154.42,5,BID
2020-10-30 10:33:52,CAT,154.57,7,ASK
2020-10-30 10:33:54,CAT,154.42,5,BID
2020-10-30 10:33:54,CAT,154.57,7,ASK
2020-10-30 10:33:55,CAT,154.42,4,BID
2020-10-30 10:33:56,CAT,154.57,5,ASK
2020-10-30 10:33:57,CAT,154.42,5,BID
2020-10-30 10:33:57,CAT,154.57,5,ASK
2020-10-30 10:33:57,CAT,154.42,5,BID
2020-10-30 10:33:57,CAT,154.57,5,ASK
2020-10-30 10:34:00,CAT,154.49,1,BID
2020-10-30 10:34:00,CAT,154.57,4,ASK
2020-10-30 10:34:00,CAT,154.42,8,BID
2020-10-30 10:34:00,CAT,154.63,4,ASK
2020-10-30 10:34:01,CAT,154.42,8,BID
2020-10-30 10:34:01,CAT,154.62,3,ASK
2020-10-30 10:34:02,CAT,154.42,7,BID
2020-10-30 10:34:02,CAT,154.62,3,ASK
2020-10-30 10:34:02,CAT,154.43,2,BID
2020-10-30 10:34:02,CAT,154.62,6,ASK
2020-10-30 10:34:03,CAT,154.43,2,BID
2020-10-30 10:34:03,CAT,154.62,7,ASK
2020-10-30 10:34:04,CAT,154.43,2,BID
2020-10-30 10:34:04,CAT,154.62,7,ASK
2020-10-30 10:34:04,CAT,154.43,2,BID
2020-10-30 10:34:04,CAT,154.62,7,ASK
2020-10-30 10:34:06,CAT,154.43,2,BID
2020-10-30 10:34:04,CAT,154.62,7,ASK
2020-10-30 10:34:07,CAT,154.45,2,BID
2020-10-30 10:34:04,CAT,154.62,7,ASK
2020-10-30 10:34:08,CAT,154.44,1,BID
2020-10-30 10:34:04,CAT,154.62,7,ASK
2020-10-30 10:34:08,CAT,154.44,1,BID
2020-10-30 10:34:04,CAT,154.62,7,ASK
2020-10-30 10:34:09,CAT,154.44,3,BID
2020-10-30 10:34:09,CAT,154.53,2,ASK
2020-10-30 10:34:10,CAT,154.47,1,BID
2020-10-30 10:34:10,CAT,154.61,3,ASK
2020-10-30 10:34:10,CAT,154.47,2,BID
2020-10-30 10:34:10,CAT,154.61,3,ASK
2020-10-30 10:34:10,CAT,154.47,4,BID
2020-10-30 10:34:10,CAT,154.61,3,ASK
2020-10-30 10:34:12,CAT,154.48,1,BID
2020-10-30 10:34:12,CAT,154.59,1,ASK
2020-10-30 10:34:12,CAT,154.47,4,BID
2020-10-30 10:34:12,CAT,154.59,3,ASK
2020-10-30 10:34:14,CAT,154.46,4,BID
2020-10-30 10:34:14,CAT,154.52,1,ASK
2020-10-30 10:34:14,CAT,154.42,5,BID
2020-10-30 10:34:14,CAT,154.54,2,ASK
2020-10-30 10:34:14,CAT,154.42,5,BID
2020-10-30 10:34:14,CAT,154.54,2,ASK
2020-10-30 10:34:15,CAT,154.42,5,BID
2020-10-30 10:34:15,CAT,154.54,2,ASK
2020-10-30 10:34:16,CAT,154.42,5,BID
2020-10-30 10:34:16,CAT,154.54,2,ASK
2020-10-30 10:34:17,CAT,154.42,6,BID
2020-10-30 10:34:17,CAT,154.54,2,ASK
2020-10-30 10:34:19,CAT,154.42,6,BID
2020-10-30 10:34:19,CAT,154.53,4,ASK
2020-10-30 10:34:20,CAT,154.42,6,BID
2020-10-30 10:34:20,CAT,154.53,5,ASK
2020-10-30 10:34:20,CAT,154.42,6,BID
2020-10-30 10:34:21,CAT,154.53,5,ASK
2020-10-30 10:34:23,CAT,154.4,3,BID
2020-10-30 10:34:23,CAT,154.47,1,ASK
2020-10-30 10:34:24,CAT,154.4,3,BID
2020-10-30 10:34:24,CAT,154.52,1,ASK
2020-10-30 10:34:24,CAT,154.4,6,BID
2020-10-30 10:34:24,CAT,154.51,2,ASK
2020-10-30 10:34:25,CAT,154.38,5,BID
2020-10-30 10:34:25,CAT,154.51,2,ASK
2020-10-30 10:34:26,CAT,154.4,2,BID
2020-10-30 10:34:26,CAT,154.51,2,ASK
2020-10-30 10:34:27,CAT,154.4,2,BID
2020-10-30 10:34:27,CAT,154.51,5,ASK
2020-10-30 10:34:25,CAT,154.37,6,BID
2020-10-30 10:34:29,CAT,154.51,5,ASK
2020-10-30 10:34:25,CAT,154.37,5,BID
2020-10-30 10:34:31,CAT,154.51,8,ASK
2020-10-30 10:34:25,CAT,154.37,5,BID
2020-10-30 10:34:32,CAT,154.51,8,ASK
2020-10-30 10:34:33,CAT,154.37,7,BID
2020-10-30 10:34:33,CAT,154.51,7,ASK
2020-10-30 10:34:34,CAT,154.36,4,BID
2020-10-30 10:34:34,CAT,154.51,7,ASK
2020-10-30 10:34:36,CAT,154.36,4,BID
2020-10-30 10:34:36,CAT,154.5,1,ASK
2020-10-30 10:34:37,CAT,154.36,4,BID
2020-10-30 10:34:37,CAT,154.5,2,ASK
2020-10-30 10:34:38,CAT,154.36,4,BID
2020-10-30 10:34:38,CAT,154.5,3,ASK
2020-10-30 10:34:40,CAT,154.36,4,BID
2020-10-30 10:34:40,CAT,154.5,4,ASK
2020-10-30 10:34:41,CAT,154.36,4,BID
2020-10-30 10:34:41,CAT,154.5,6,ASK
2020-10-30 10:34:42,CAT,154.36,4,BID
2020-10-30 10:34:41,CAT,154.5,6,ASK
2020-10-30 10:34:42,CAT,154.36,4,BID
2020-10-30 10:34:41,CAT,154.5,6,ASK
2020-10-30 10:34:46,CAT,154.36,4,BID
2020-10-30 10:34:46,CAT,154.5,6,ASK
2020-10-30 10:34:48,CAT,154.36,4,BID
2020-10-30 10:34:46,CAT,154.5,6,ASK
2020-10-30 10:34:48,CAT,154.36,4,BID
2020-10-30 10:34:46,CAT,154.5,6,ASK
2020-10-30 10:34:50,CAT,154.37,3,BID
2020-10-30 10:34:46,CAT,154.5,6,ASK
2020-10-30 10:34:50,CAT,154.37,3,BID
2020-10-30 10:34:46,CAT,154.5,6,ASK
2020-10-30 10:34:50,CAT,154.37,3,BID
2020-10-30 10:34:46,CAT,154.5,6,ASK
2020-10-30 10:34:50,CAT,154.37,3,BID
2020-10-30 10:34:46,CAT,154.5,6,ASK
2020-10-30 10:34:52,CAT,154.37,3,BID
2020-10-30 10:34:52,CAT,154.5,6,ASK
2020-10-30 10:34:52,CAT,154.37,3,BID
2020-10-30 10:34:52,CAT,154.5,6,ASK
2020-10-30 10:34:48,CAT,154.36,4,BID
2020-10-30 10:34:53,CAT,154.5,7,ASK
2020-10-30 10:34:48,CAT,154.36,4,BID
2020-10-30 10:34:53,CAT,154.5,6,ASK
2020-10-30 10:34:48,CAT,154.36,4,BID
2020-10-30 10:34:53,CAT,154.5,6,ASK
2020-10-30 10:34:48,CAT,154.36,4,BID
2020-10-30 10:34:53,CAT,154.5,6,ASK
2020-10-30 10:34:48,CAT,154.36,4,BID
2020-10-30 10:34:53,CAT,154.5,6,ASK
2020-10-30 10:34:54,CAT,154.37,2,BID
2020-10-30 10:34:54,CAT,154.48,2,ASK
2020-10-30 10:33:48,CAT,154.34,3,BID
2020-10-30 10:34:54,CAT,154.48,4,ASK
2020-10-30 10:34:58,CAT,154.4,2,BID
2020-10-30 10:34:58,CAT,154.5,4,ASK
2020-10-30 10:35:00,CAT,154.33,1,BID
2020-10-30 10:35:00,CAT,154.41,2,ASK
2020-10-30 10:35:02,CAT,154.33,6,BID
2020-10-30 10:35:02,CAT,154.43,2,ASK
2020-10-30 10:35:02,CAT,154.33,6,BID
2020-10-30 10:35:02,CAT,154.43,2,ASK
2020-10-30 10:35:02,CAT,154.33,6,BID
2020-10-30 10:35:05,CAT,154.43,4,ASK
2020-10-30 10:35:02,CAT,154.33,6,BID
2020-10-30 10:35:05,CAT,154.43,4,ASK
2020-10-30 10:35:02,CAT,154.33,6,BID
2020-10-30 10:35:05,CAT,154.43,4,ASK
2020-10-30 10:35:02,CAT,154.33,6,BID
2020-10-30 10:35:05,CAT,154.41,1,ASK
2020-10-30 10:35:05,CAT,154.28,1,BID
2020-10-30 10:35:05,CAT,154.41,3,ASK
2020-10-30 10:35:05,CAT,154.28,1,BID
2020-10-30 10:35:05,CAT,154.41,3,ASK
2020-10-30 10:35:05,CAT,154.28,1,BID
2020-10-30 10:35:05,CAT,154.41,3,ASK
2020-10-30 10:35:05,CAT,154.28,1,BID
2020-10-30 10:35:05,CAT,154.41,3,ASK
2020-10-30 10:35:05,CAT,154.28,1,BID
2020-10-30 10:35:05,CAT,154.41,3,ASK
2020-10-30 10:35:05,CAT,154.28,1,BID
2020-10-30 10:35:05,CAT,154.41,3,ASK
2020-10-30 10:35:05,CAT,154.28,1,BID
2020-10-30 10:35:05,CAT,154.41,3,ASK
2020-10-30 10:35:05,CAT,154.28,1,BID
2020-10-30 10:35:05,CAT,154.4,1,ASK
2020-10-30 10:35:05,CAT,154.28,1,BID
2020-10-30 10:35:05,CAT,154.4,1,ASK
2020-10-30 10:35:06,CAT,154.23,1,BID
2020-10-30 10:35:06,CAT,154.34,2,ASK
2020-10-30 10:35:08,CAT,154.23,1,BID
2020-10-30 10:35:08,CAT,154.33,4,ASK
2020-10-30 10:35:08,CAT,154.23,1,BID
2020-10-30 10:35:08,CAT,154.33,4,ASK
2020-10-30 10:35:08,CAT,154.23,1,BID
2020-10-30 10:35:08,CAT,154.33,4,ASK
2020-10-30 10:35:08,CAT,154.23,1,BID
2020-10-30 10:35:08,CAT,154.33,4,ASK
2020-10-30 10:35:08,CAT,154.23,1,BID
2020-10-30 10:35:08,CAT,154.33,4,ASK
2020-10-30 10:35:09,CAT,154.23,4,BID
2020-10-30 10:35:09,CAT,154.34,2,ASK
2020-10-30 10:35:09,CAT,154.23,4,BID
2020-10-30 10:35:09,CAT,154.34,2,ASK
2020-10-30 10:35:12,CAT,154.31,4,BID
2020-10-30 10:35:12,CAT,154.46,4,ASK
2020-10-30 10:35:16,CAT,154.31,5,BID
2020-10-30 10:35:16,CAT,154.45,1,ASK
2020-10-30 10:35:18,CAT,154.31,6,BID
2020-10-30 10:35:17,CAT,154.45,3,ASK
2020-10-30 10:35:20,CAT,154.31,1,BID
2020-10-30 10:35:20,CAT,154.41,1,ASK
2020-10-30 10:35:20,CAT,154.31,1,BID
2020-10-30 10:35:20,CAT,154.43,2,ASK
2020-10-30 10:35:20,CAT,154.31,1,BID
2020-10-30 10:35:20,CAT,154.43,2,ASK
2020-10-30 10:35:20,CAT,154.31,1,BID
2020-10-30 10:35:20,CAT,154.43,2,ASK
2020-10-30 10:35:21,CAT,154.31,4,BID
2020-10-30 10:35:21,CAT,154.41,1,ASK
2020-10-30 10:35:09,CAT,154.23,5,BID
2020-10-30 10:35:21,CAT,154.37,2,ASK
2020-10-30 10:35:09,CAT,154.23,5,BID
2020-10-30 10:35:21,CAT,154.37,2,ASK
2020-10-30 10:35:09,CAT,154.23,4,BID
2020-10-30 10:35:21,CAT,154.37,3,ASK
2020-10-30 10:35:09,CAT,154.23,4,BID
2020-10-30 10:35:22,CAT,154.37,5,ASK
2020-10-30 10:35:23,CAT,154.23,5,BID
2020-10-30 10:35:23,CAT,154.37,7,ASK
2020-10-30 10:35:23,CAT,154.23,4,BID
2020-10-30 10:35:24,CAT,154.37,7,ASK
2020-10-30 10:35:24,CAT,154.25,2,BID
2020-10-30 10:35:24,CAT,154.36,2,ASK
2020-10-30 10:35:25,CAT,154.23,5,BID
2020-10-30 10:35:25,CAT,154.36,2,ASK
2020-10-30 10:35:25,CAT,154.24,2,BID
2020-10-30 10:35:25,CAT,154.36,2,ASK
2020-10-30 10:35:25,CAT,154.24,2,BID
2020-10-30 10:35:25,CAT,154.36,2,ASK
2020-10-30 10:35:27,CAT,154.25,4,BID
2020-10-30 10:35:27,CAT,154.37,6,ASK
2020-10-30 10:35:28,CAT,154.24,3,BID
2020-10-30 10:35:28,CAT,154.36,3,ASK
2020-10-30 10:35:29,CAT,154.23,4,BID
2020-10-30 10:35:29,CAT,154.35,2,ASK
2020-10-30 10:35:29,CAT,154.23,6,BID
2020-10-30 10:35:28,CAT,154.36,4,ASK
2020-10-30 10:35:30,CAT,154.23,6,BID
2020-10-30 10:35:30,CAT,154.35,3,ASK
2020-10-30 10:35:30,CAT,154.16,6,BID
2020-10-30 10:35:30,CAT,154.29,3,ASK
2020-10-30 10:35:31,CAT,154.16,6,BID
2020-10-30 10:35:31,CAT,154.29,3,ASK
2020-10-30 10:35:31,CAT,154.16,6,BID
2020-10-30 10:35:31,CAT,154.29,3,ASK
2020-10-30 10:35:32,CAT,154.24,1,BID
2020-10-30 10:35:32,CAT,154.35,6,ASK
2020-10-30 10:35:32,CAT,154.24,1,BID
2020-10-30 10:35:32,CAT,154.35,6,ASK
2020-10-30 10:35:33,CAT,154.19,3,BID
2020-10-30 10:35:33,CAT,154.35,6,ASK
2020-10-30 10:35:34,CAT,154.19,6,BID
2020-10-30 10:35:34,CAT,154.33,2,ASK
2020-10-30 10:35:36,CAT,154.18,1,BID
2020-10-30 10:35:36,CAT,154.33,3,ASK
2020-10-30 10:35:37,CAT,154.18,2,BID
2020-10-30 10:35:37,CAT,154.33,3,ASK
2020-10-30 10:35:39,CAT,154.18,2,BID
2020-10-30 10:35:39,CAT,154.33,2,ASK
2020-10-30 10:35:40,CAT,154.18,6,BID
2020-10-30 10:35:40,CAT,154.33,2,ASK
2020-10-30 10:35:40,CAT,154.18,6,BID
2020-10-30 10:35:40,CAT,154.33,2,ASK
2020-10-30 10:35:40,CAT,154.18,6,BID
2020-10-30 10:35:40,CAT,154.33,2,ASK
2020-10-30 10:35:40,CAT,154.18,6,BID
2020-10-30 10:35:40,CAT,154.33,2,ASK
2020-10-30 10:35:43,CAT,154.18,6,BID
2020-10-30 10:35:33,CAT,154.35,4,ASK
2020-10-30 10:35:44,CAT,154.29,3,BID
2020-10-30 10:35:44,CAT,154.42,1,ASK
2020-10-30 10:35:44,CAT,154.29,3,BID
2020-10-30 10:35:44,CAT,154.42,1,ASK
2020-10-30 10:35:45,CAT,154.29,4,BID
2020-10-30 10:35:45,CAT,154.43,3,ASK
2020-10-30 10:35:45,CAT,154.29,4,BID
2020-10-30 10:35:45,CAT,154.43,3,ASK
2020-10-30 10:35:45,CAT,154.29,4,BID
2020-10-30 10:35:45,CAT,154.43,3,ASK
2020-10-30 10:35:45,CAT,154.29,4,BID
2020-10-30 10:35:45,CAT,154.43,3,ASK
2020-10-30 10:35:45,CAT,154.29,4,BID
2020-10-30 10:35:45,CAT,154.43,3,ASK
2020-10-30 10:35:50,CAT,154.36,3,BID
2020-10-30 10:35:50,CAT,154.48,2,ASK
2020-10-30 10:35:50,CAT,154.36,5,BID
2020-10-30 10:35:50,CAT,154.5,7,ASK
2020-10-30 10:35:50,CAT,154.36,6,BID
2020-10-30 10:35:50,CAT,154.5,7,ASK
2020-10-30 10:35:50,CAT,154.36,6,BID
2020-10-30 10:35:50,CAT,154.5,7,ASK
2020-10-30 10:35:50,CAT,154.36,5,BID
2020-10-30 10:35:50,CAT,154.5,7,ASK
2020-10-30 10:35:50,CAT,154.36,5,BID
2020-10-30 10:35:50,CAT,154.5,7,ASK
2020-10-30 10:35:50,CAT,154.36,5,BID
2020-10-30 10:35:50,CAT,154.5,7,ASK
2020-10-30 10:35:50,CAT,154.36,5,BID
2020-10-30 10:35:50,CAT,154.5,7,ASK
2020-10-30 10:35:57,CAT,154.37,1,BID
2020-10-30 10:35:50,CAT,154.5,7,ASK
2020-10-30 10:35:57,CAT,154.37,1,BID
2020-10-30 10:35:50,CAT,154.5,7,ASK
2020-10-30 10:35:57,CAT,154.37,1,BID
2020-10-30 10:35:50,CAT,154.5,7,ASK
2020-10-30 10:35:57,CAT,154.37,1,BID
2020-10-30 10:35:50,CAT,154.5,7,ASK
2020-10-30 10:35:57,CAT,154.37,1,BID
2020-10-30 10:35:50,CAT,154.5,7,ASK
2020-10-30 10:35:57,CAT,154.43,3,BID
2020-10-30 10:35:58,CAT,154.55,4,ASK
2020-10-30 10:36:01,CAT,154.4,1,BID
2020-10-30 10:36:01,CAT,154.55,2,ASK
2020-10-30 10:36:02,CAT,154.35,1,BID
2020-10-30 10:36:02,CAT,154.51,2,ASK
2020-10-30 10:36:02,CAT,154.35,4,BID
2020-10-30 10:36:02,CAT,154.51,4,ASK
2020-10-30 10:36:02,CAT,154.35,4,BID
2020-10-30 10:36:02,CAT,154.51,4,ASK
2020-10-30 10:36:05,CAT,154.35,5,BID
2020-10-30 10:36:05,CAT,154.51,4,ASK
2020-10-30 10:36:05,CAT,154.35,5,BID
2020-10-30 10:36:05,CAT,154.5,2,ASK
2020-10-30 10:36:06,CAT,154.35,5,BID
2020-10-30 10:36:05,CAT,154.51,10,ASK
2020-10-30 10:36:06,CAT,154.35,4,BID
2020-10-30 10:36:07,CAT,154.49,3,ASK
2020-10-30 10:36:06,CAT,154.35,4,BID
2020-10-30 10:36:07,CAT,154.49,3,ASK
2020-10-30 10:36:06,CAT,154.35,4,BID
2020-10-30 10:36:07,CAT,154.49,3,ASK
2020-10-30 10:36:12,CAT,154.34,2,BID
2020-10-30 10:36:12,CAT,154.48,3,ASK
2020-10-30 10:36:13,CAT,154.34,6,BID
2020-10-30 10:36:13,CAT,154.48,3,ASK
2020-10-30 10:36:14,CAT,154.34,7,BID
2020-10-30 10:36:14,CAT,154.48,3,ASK
2020-10-30 10:36:15,CAT,154.33,1,BID
2020-10-30 10:36:15,CAT,154.41,1,ASK
2020-10-30 10:36:15,CAT,154.33,1,BID
2020-10-30 10:36:15,CAT,154.41,1,ASK
2020-10-30 10:36:15,CAT,154.33,1,BID
2020-10-30 10:36:15,CAT,154.41,1,ASK
2020-10-30 10:36:17,CAT,154.34,1,BID
2020-10-30 10:36:17,CAT,154.41,1,ASK
2020-10-30 10:36:18,CAT,154.33,3,BID
2020-10-30 10:36:18,CAT,154.45,3,ASK
2020-10-30 10:36:19,CAT,154.3,5,BID
2020-10-30 10:36:19,CAT,154.44,3,ASK
2020-10-30 10:36:19,CAT,154.3,5,BID
2020-10-30 10:36:19,CAT,154.44,3,ASK
2020-10-30 10:36:19,CAT,154.3,5,BID
2020-10-30 10:36:19,CAT,154.44,3,ASK
2020-10-30 10:36:21,CAT,154.3,6,BID
2020-10-30 10:36:21,CAT,154.44,3,ASK
2020-10-30 10:36:21,CAT,154.3,3,BID
2020-10-30 10:36:22,CAT,154.41,1,ASK
2020-10-30 10:36:22,CAT,154.28,2,BID
2020-10-30 10:36:22,CAT,154.38,1,ASK
2020-10-30 10:36:22,CAT,154.28,2,BID
2020-10-30 10:36:22,CAT,154.38,3,ASK
2020-10-30 10:36:22,CAT,154.28,2,BID
2020-10-30 10:36:22,CAT,154.38,3,ASK
2020-10-30 10:36:24,CAT,154.28,4,BID
2020-10-30 10:36:24,CAT,154.38,2,ASK
2020-10-30 10:36:24,CAT,154.28,4,BID
2020-10-30 10:36:24,CAT,154.38,2,ASK
2020-10-30 10:36:24,CAT,154.28,4,BID
2020-10-30 10:36:24,CAT,154.38,2,ASK
2020-10-30 10:36:24,CAT,154.28,4,BID
2020-10-30 10:36:24,CAT,154.38,2,ASK
2020-10-30 10:36:24,CAT,154.28,4,BID
2020-10-30 10:36:24,CAT,154.38,2,ASK
2020-10-30 10:36:24,CAT,154.28,4,BID
2020-10-30 10:36:28,CAT,154.38,4,ASK
2020-10-30 10:36:24,CAT,154.28,4,BID
2020-10-30 10:36:30,CAT,154.4,1,ASK
2020-10-30 10:36:24,CAT,154.28,4,BID
2020-10-30 10:36:31,CAT,154.38,1,ASK
2020-10-30 10:36:24,CAT,154.28,4,BID
2020-10-30 10:36:31,CAT,154.38,1,ASK
2020-10-30 10:36:24,CAT,154.28,4,BID
2020-10-30 10:36:31,CAT,154.38,1,ASK
2020-10-30 10:36:32,CAT,154.22,2,BID
2020-10-30 10:36:32,CAT,154.31,1,ASK
2020-10-30 10:36:33,CAT,154.22,2,BID
2020-10-30 10:36:33,CAT,154.38,6,ASK
2020-10-30 10:36:33,CAT,154.22,3,BID
2020-10-30 10:36:33,CAT,154.38,6,ASK
2020-10-30 10:36:33,CAT,154.22,3,BID
2020-10-30 10:36:36,CAT,154.38,6,ASK
2020-10-30 10:36:37,CAT,154.22,6,BID
2020-10-30 10:36:36,CAT,154.38,6,ASK
2020-10-30 10:36:38,CAT,154.23,3,BID
2020-10-30 10:36:38,CAT,154.38,6,ASK
2020-10-30 10:36:38,CAT,154.24,4,BID
2020-10-30 10:36:38,CAT,154.37,3,ASK
2020-10-30 10:36:39,CAT,154.24,2,BID
2020-10-30 10:36:38,CAT,154.37,4,ASK
2020-10-30 10:36:40,CAT,154.23,5,BID
2020-10-30 10:36:38,CAT,154.37,4,ASK
2020-10-30 10:36:43,CAT,154.24,3,BID
2020-10-30 10:36:33,CAT,154.38,7,ASK
2020-10-30 10:36:43,CAT,154.24,3,BID
2020-10-30 10:36:43,CAT,154.37,2,ASK
2020-10-30 10:36:44,CAT,154.24,4,BID
2020-10-30 10:36:44,CAT,154.37,2,ASK
2020-10-30 10:36:44,CAT,154.24,4,BID
2020-10-30 10:36:44,CAT,154.37,2,ASK
2020-10-30 10:36:44,CAT,154.24,4,BID
2020-10-30 10:36:44,CAT,154.37,2,ASK
2020-10-30 10:36:46,CAT,154.23,5,BID
2020-10-30 10:36:44,CAT,154.37,3,ASK
2020-10-30 10:36:47,CAT,154.23,5,BID
2020-10-30 10:36:47,CAT,154.37,3,ASK
2020-10-30 10:36:47,CAT,154.24,1,BID
2020-10-30 10:36:47,CAT,154.37,3,ASK
2020-10-30 10:36:48,CAT,154.23,5,BID
2020-10-30 10:36:48,CAT,154.37,5,ASK
2020-10-30 10:36:48,CAT,154.23,5,BID
2020-10-30 10:36:48,CAT,154.37,5,ASK
2020-10-30 10:36:50,CAT,154.22,1,BID
2020-10-30 10:36:48,CAT,154.37,4,ASK
2020-10-30 10:36:51,CAT,154.24,2,BID
2020-10-30 10:36:51,CAT,154.37,3,ASK
2020-10-30 10:36:52,CAT,154.24,4,BID
2020-10-30 10:36:52,CAT,154.37,6,ASK
2020-10-30 10:36:52,CAT,154.24,4,BID
2020-10-30 10:36:52,CAT,154.37,6,ASK
2020-10-30 10:36:52,CAT,154.24,4,BID
2020-10-30 10:36:52,CAT,154.37,6,ASK
2020-10-30 10:36:52,CAT,154.24,4,BID
2020-10-30 10:36:52,CAT,154.37,6,ASK
2020-10-30 10:36:52,CAT,154.24,4,BID
2020-10-30 10:36:52,CAT,154.37,6,ASK
2020-10-30 10:36:52,CAT,154.24,4,BID
2020-10-30 10:36:52,CAT,154.37,6,ASK
2020-10-30 10:36:55,CAT,154.24,4,BID
2020-10-30 10:36:55,CAT,154.36,2,ASK
2020-10-30 10:36:56,CAT,154.24,4,BID
2020-10-30 10:36:56,CAT,154.36,3,ASK
2020-10-30 10:36:57,CAT,154.24,4,BID
2020-10-30 10:36:57,CAT,154.36,2,ASK
2020-10-30 10:36:58,CAT,154.24,4,BID
2020-10-30 10:36:58,CAT,154.36,3,ASK
2020-10-30 10:36:58,CAT,154.24,4,BID
2020-10-30 10:36:58,CAT,154.36,3,ASK
2020-10-30 10:37:01,CAT,154.24,6,BID
2020-10-30 10:37:01,CAT,154.36,1,ASK
2020-10-30 10:37:01,CAT,154.24,6,BID
2020-10-30 10:36:52,CAT,154.37,6,ASK
2020-10-30 10:37:02,CAT,154.24,6,BID
2020-10-30 10:36:52,CAT,154.37,6,ASK
2020-10-30 10:37:02,CAT,154.24,6,BID
2020-10-30 10:36:52,CAT,154.37,6,ASK
2020-10-30 10:37:02,CAT,154.24,6,BID
2020-10-30 10:36:52,CAT,154.37,6,ASK
2020-10-30 10:37:02,CAT,154.24,6,BID
2020-10-30 10:36:52,CAT,154.37,6,ASK
2020-10-30 10:37:02,CAT,154.24,7,BID
2020-10-30 10:37:05,CAT,154.36,1,ASK
2020-10-30 10:37:06,CAT,154.24,8,BID
2020-10-30 10:37:06,CAT,154.36,2,ASK
2020-10-30 10:37:06,CAT,154.24,8,BID
2020-10-30 10:37:06,CAT,154.36,2,ASK
2020-10-30 10:37:06,CAT,154.24,8,BID
2020-10-30 10:37:06,CAT,154.36,2,ASK
2020-10-30 10:37:09,CAT,154.26,2,BID
2020-10-30 10:37:08,CAT,154.36,3,ASK
2020-10-30 10:37:10,CAT,154.26,5,BID
2020-10-30 10:37:10,CAT,154.36,3,ASK
2020-10-30 10:37:11,CAT,154.26,5,BID
2020-10-30 10:37:11,CAT,154.36,2,ASK
2020-10-30 10:37:11,CAT,154.26,5,BID
2020-10-30 10:37:11,CAT,154.36,2,ASK
2020-10-30 10:37:11,CAT,154.26,5,BID
2020-10-30 10:37:13,CAT,154.36,3,ASK
2020-10-30 10:37:11,CAT,154.26,5,BID
2020-10-30 10:37:13,CAT,154.36,3,ASK
2020-10-30 10:37:11,CAT,154.26,5,BID
2020-10-30 10:37:13,CAT,154.36,3,ASK
2020-10-30 10:37:11,CAT,154.26,5,BID
2020-10-30 10:37:13,CAT,154.36,3,ASK
2020-10-30 10:37:16,CAT,154.26,5,BID
2020-10-30 10:37:16,CAT,154.36,3,ASK
2020-10-30 10:37:16,CAT,154.26,5,BID
2020-10-30 10:37:16,CAT,154.36,3,ASK
2020-10-30 10:37:16,CAT,154.26,5,BID
2020-10-30 10:37:17,CAT,154.36,3,ASK
2020-10-30 10:37:16,CAT,154.26,5,BID
2020-10-30 10:37:17,CAT,154.36,3,ASK
2020-10-30 10:37:16,CAT,154.26,6,BID
2020-10-30 10:37:20,CAT,154.36,4,ASK
2020-10-30 10:37:21,CAT,154.19,3,BID
2020-10-30 10:37:21,CAT,154.29,2,ASK
2020-10-30 10:37:22,CAT,154.2,3,BID
2020-10-30 10:37:22,CAT,154.29,1,ASK
2020-10-30 10:37:23,CAT,154.2,3,BID
2020-10-30 10:37:23,CAT,154.3,4,ASK
2020-10-30 10:37:23,CAT,154.21,2,BID
2020-10-30 10:37:23,CAT,154.3,4,ASK
2020-10-30 10:37:23,CAT,154.2,4,BID
2020-10-30 10:37:24,CAT,154.29,1,ASK
2020-10-30 10:37:23,CAT,154.2,4,BID
2020-10-30 10:37:24,CAT,154.29,1,ASK
2020-10-30 10:37:26,CAT,154.2,4,BID
2020-10-30 10:37:23,CAT,154.3,4,ASK
2020-10-30 10:37:27,CAT,154.32,2,BID
2020-10-30 10:37:27,CAT,154.44,5,ASK
2020-10-30 10:37:28,CAT,154.24,2,BID
2020-10-30 10:37:28,CAT,154.37,1,ASK
2020-10-30 10:37:30,CAT,154.28,1,BID
2020-10-30 10:37:30,CAT,154.45,1,ASK
2020-10-30 10:37:30,CAT,154.28,3,BID
2020-10-30 10:37:30,CAT,154.4,2,ASK
2020-10-30 10:37:31,CAT,154.28,3,BID
2020-10-30 10:37:31,CAT,154.41,1,ASK
2020-10-30 10:37:31,CAT,154.29,5,BID
2020-10-30 10:37:31,CAT,154.43,1,ASK
2020-10-30 10:37:32,CAT,154.29,5,BID
2020-10-30 10:37:31,CAT,154.44,3,ASK
2020-10-30 10:37:32,CAT,154.29,5,BID
2020-10-30 10:37:31,CAT,154.44,3,ASK
2020-10-30 10:37:34,CAT,154.32,4,BID
2020-10-30 10:37:31,CAT,154.44,3,ASK
2020-10-30 10:37:34,CAT,154.32,4,BID
2020-10-30 10:37:31,CAT,154.44,3,ASK
2020-10-30 10:37:34,CAT,154.32,4,BID
2020-10-30 10:37:31,CAT,154.44,3,ASK
2020-10-30 10:37:36,CAT,154.38,3,BID
2020-10-30 10:37:36,CAT,154.52,3,ASK
2020-10-30 10:37:36,CAT,154.38,3,BID
2020-10-30 10:37:36,CAT,154.54,2,ASK
2020-10-30 10:37:36,CAT,154.38,3,BID
2020-10-30 10:37:36,CAT,154.54,2,ASK
2020-10-30 10:37:38,CAT,154.42,3,BID
2020-10-30 10:37:38,CAT,154.53,2,ASK
2020-10-30 10:37:38,CAT,154.42,3,BID
2020-10-30 10:37:38,CAT,154.58,4,ASK
2020-10-30 10:37:40,CAT,154.39,3,BID
2020-10-30 10:37:40,CAT,154.57,1,ASK
2020-10-30 10:37:40,CAT,154.39,3,BID
2020-10-30 10:37:40,CAT,154.58,6,ASK
2020-10-30 10:37:41,CAT,154.39,3,BID
2020-10-30 10:37:41,CAT,154.57,1,ASK
2020-10-30 10:37:42,CAT,154.39,3,BID
2020-10-30 10:37:42,CAT,154.58,6,ASK
2020-10-30 10:37:43,CAT,154.39,3,BID
2020-10-30 10:37:43,CAT,154.57,1,ASK
2020-10-30 10:37:45,CAT,154.37,3,BID
2020-10-30 10:37:45,CAT,154.54,1,ASK
2020-10-30 10:37:45,CAT,154.37,5,BID
2020-10-30 10:37:45,CAT,154.5,2,ASK
2020-10-30 10:37:46,CAT,154.37,5,BID
2020-10-30 10:37:46,CAT,154.55,2,ASK
2020-10-30 10:37:46,CAT,154.37,5,BID
2020-10-30 10:37:46,CAT,154.55,2,ASK
2020-10-30 10:37:47,CAT,154.44,3,BID
2020-10-30 10:37:47,CAT,154.58,5,ASK
2020-10-30 10:37:47,CAT,154.44,3,BID
2020-10-30 10:37:47,CAT,154.58,5,ASK
2020-10-30 10:37:48,CAT,154.44,3,BID
2020-10-30 10:37:48,CAT,154.58,5,ASK
2020-10-30 10:37:48,CAT,154.44,3,BID
2020-10-30 10:37:48,CAT,154.58,5,ASK
2020-10-30 10:37:50,CAT,154.44,3,BID
2020-10-30 10:37:50,CAT,154.58,5,ASK
2020-10-30 10:37:50,CAT,154.44,3,BID
2020-10-30 10:37:50,CAT,154.58,5,ASK
2020-10-30 10:37:50,CAT,154.44,3,BID
2020-10-30 10:37:50,CAT,154.58,5,ASK
2020-10-30 10:37:50,CAT,154.44,3,BID
2020-10-30 10:37:50,CAT,154.58,5,ASK
2020-10-30 10:37:50,CAT,154.44,3,BID
2020-10-30 10:37:50,CAT,154.58,5,ASK
2020-10-30 10:37:54,CAT,154.45,3,BID
2020-10-30 10:37:54,CAT,154.58,5,ASK
2020-10-30 10:37:54,CAT,154.45,3,BID
2020-10-30 10:37:54,CAT,154.58,5,ASK
2020-10-30 10:37:54,CAT,154.45,3,BID
2020-10-30 10:37:54,CAT,154.58,5,ASK
2020-10-30 10:37:55,CAT,154.45,3,BID
2020-10-30 10:37:55,CAT,154.58,5,ASK
2020-10-30 10:37:55,CAT,154.45,3,BID
2020-10-30 10:37:55,CAT,154.58,5,ASK
2020-10-30 10:37:57,CAT,154.45,3,BID
2020-10-30 10:37:57,CAT,154.56,1,ASK
2020-10-30 10:37:58,CAT,154.45,5,BID
2020-10-30 10:37:58,CAT,154.57,3,ASK
2020-10-30 10:37:59,CAT,154.45,5,BID
2020-10-30 10:38:00,CAT,154.56,1,ASK
2020-10-30 10:38:00,CAT,154.45,5,BID
2020-10-30 10:38:00,CAT,154.57,5,ASK
2020-10-30 10:38:01,CAT,154.45,5,BID
2020-10-30 10:38:01,CAT,154.56,1,ASK
2020-10-30 10:38:01,CAT,154.45,5,BID
2020-10-30 10:38:01,CAT,154.56,1,ASK
2020-10-30 10:38:02,CAT,154.45,5,BID
2020-10-30 10:38:02,CAT,154.56,1,ASK
2020-10-30 10:38:02,CAT,154.45,5,BID
2020-10-30 10:38:03,CAT,154.55,1,ASK
2020-10-30 10:38:04,CAT,154.45,5,BID
2020-10-30 10:38:04,CAT,154.55,1,ASK
2020-10-30 10:38:04,CAT,154.45,5,BID
2020-10-30 10:38:04,CAT,154.55,1,ASK
2020-10-30 10:38:04,CAT,154.45,5,BID
2020-10-30 10:38:05,CAT,154.55,1,ASK
2020-10-30 10:38:04,CAT,154.45,5,BID
2020-10-30 10:38:06,CAT,154.54,3,ASK
2020-10-30 10:38:07,CAT,154.4,2,BID
2020-10-30 10:38:07,CAT,154.49,1,ASK
2020-10-30 10:38:08,CAT,154.38,5,BID
2020-10-30 10:38:08,CAT,154.49,2,ASK
2020-10-30 10:38:08,CAT,154.38,5,BID
2020-10-30 10:38:08,CAT,154.49,2,ASK
2020-10-30 10:38:08,CAT,154.38,5,BID
2020-10-30 10:38:08,CAT,154.49,2,ASK
2020-10-30 10:38:12,CAT,154.38,6,BID
2020-10-30 10:38:12,CAT,154.49,2,ASK
2020-10-30 10:38:12,CAT,154.38,6,BID
2020-10-30 10:38:12,CAT,154.49,3,ASK
2020-10-30 10:38:13,CAT,154.32,6,BID
2020-10-30 10:38:13,CAT,154.41,1,ASK
2020-10-30 10:38:13,CAT,154.32,6,BID
2020-10-30 10:38:13,CAT,154.41,1,ASK
2020-10-30 10:38:14,CAT,154.32,6,BID
2020-10-30 10:38:14,CAT,154.42,1,ASK
2020-10-30 10:38:15,CAT,154.32,6,BID
2020-10-30 10:38:15,CAT,154.42,2,ASK
2020-10-30 10:38:16,CAT,154.32,6,BID
2020-10-30 10:38:16,CAT,154.42,4,ASK
2020-10-30 10:38:17,CAT,154.26,2,BID
2020-10-30 10:38:17,CAT,154.37,1,ASK
2020-10-30 10:38:18,CAT,154.25,1,BID
2020-10-30 10:38:18,CAT,154.37,2,ASK
2020-10-30 10:38:19,CAT,154.28,2,BID
2020-10-30 10:38:19,CAT,154.37,2,ASK
2020-10-30 10:38:20,CAT,154.28,3,BID
2020-10-30 10:38:20,CAT,154.37,2,ASK
2020-10-30 10:38:21,CAT,154.31,3,BID
2020-10-30 10:38:21,CAT,154.39,1,ASK
2020-10-30 10:38:22,CAT,154.28,6,BID
2020-10-30 10:38:22,CAT,154.39,3,ASK
2020-10-30 10:38:22,CAT,154.28,6,BID
2020-10-30 10:38:22,CAT,154.39,3,ASK
2020-10-30 10:38:25,CAT,154.28,4,BID
2020-10-30 10:38:25,CAT,154.39,3,ASK
2020-10-30 10:38:25,CAT,154.28,4,BID
2020-10-30 10:38:25,CAT,154.39,3,ASK
2020-10-30 10:38:28,CAT,154.26,2,BID
2020-10-30 10:38:28,CAT,154.34,1,ASK
2020-10-30 10:38:29,CAT,154.26,2,BID
2020-10-30 10:38:29,CAT,154.34,5,ASK
2020-10-30 10:38:30,CAT,154.26,3,BID
2020-10-30 10:38:31,CAT,154.34,5,ASK
2020-10-30 10:38:31,CAT,154.26,3,BID
2020-10-30 10:38:32,CAT,154.34,4,ASK
2020-10-30 10:38:32,CAT,154.26,3,BID
2020-10-30 10:38:32,CAT,154.34,5,ASK
2020-10-30 10:38:32,CAT,154.26,3,BID
2020-10-30 10:38:32,CAT,154.34,5,ASK
2020-10-30 10:38:35,CAT,154.13,2,BID
2020-10-30 10:38:35,CAT,154.24,1,ASK
2020-10-30 10:38:36,CAT,154.13,1,BID
2020-10-30 10:38:36,CAT,154.27,2,ASK
2020-10-30 10:38:36,CAT,154.13,1,BID
2020-10-30 10:38:36,CAT,154.23,2,ASK
2020-10-30 10:38:37,CAT,154.14,1,BID
2020-10-30 10:38:37,CAT,154.28,5,ASK
2020-10-30 10:38:37,CAT,154.14,4,BID
2020-10-30 10:38:37,CAT,154.27,2,ASK
2020-10-30 10:38:37,CAT,154.14,4,BID
2020-10-30 10:38:37,CAT,154.27,2,ASK
2020-10-30 10:38:37,CAT,154.14,4,BID
2020-10-30 10:38:39,CAT,154.27,2,ASK
2020-10-30 10:38:37,CAT,154.14,4,BID
2020-10-30 10:38:39,CAT,154.27,2,ASK
2020-10-30 10:38:41,CAT,154.14,9,BID
2020-10-30 10:38:41,CAT,154.27,5,ASK
2020-10-30 10:38:41,CAT,154.14,9,BID
2020-10-30 10:38:41,CAT,154.27,5,ASK
2020-10-30 10:38:41,CAT,154.14,9,BID
2020-10-30 10:38:41,CAT,154.27,5,ASK
2020-10-30 10:38:41,CAT,154.14,9,BID
2020-10-30 10:38:41,CAT,154.27,5,ASK
2020-10-30 10:38:41,CAT,154.14,9,BID
2020-10-30 10:38:41,CAT,154.27,5,ASK
2020-10-30 10:38:41,CAT,154.14,9,BID
2020-10-30 10:38:47,CAT,154.27,5,ASK
2020-10-30 10:38:41,CAT,154.14,9,BID
2020-10-30 10:38:47,CAT,154.27,5,ASK
2020-10-30 10:38:50,CAT,154.15,1,BID
2020-10-30 10:38:50,CAT,154.27,6,ASK
2020-10-30 10:38:50,CAT,154.28,1,BID
2020-10-30 10:38:50,CAT,154.38,2,ASK
2020-10-30 10:38:51,CAT,154.28,6,BID
2020-10-30 10:38:51,CAT,154.4,3,ASK
2020-10-30 10:38:51,CAT,154.28,6,BID
2020-10-30 10:38:51,CAT,154.4,3,ASK
2020-10-30 10:38:51,CAT,154.28,6,BID
2020-10-30 10:38:51,CAT,154.4,3,ASK
2020-10-30 10:38:52,CAT,154.29,2,BID
2020-10-30 10:38:52,CAT,154.4,3,ASK
2020-10-30 10:38:52,CAT,154.29,2,BID
2020-10-30 10:38:52,CAT,154.4,3,ASK
2020-10-30 10:38:54,CAT,154.31,6,BID
2020-10-30 10:38:54,CAT,154.44,2,ASK
2020-10-30 10:38:54,CAT,154.31,6,BID
2020-10-30 10:38:54,CAT,154.44,2,ASK
2020-10-30 10:38:57,CAT,154.32,4,BID
2020-10-30 10:38:57,CAT,154.44,2,ASK
2020-10-30 10:38:57,CAT,154.33,4,BID
2020-10-30 10:38:57,CAT,154.44,2,ASK
2020-10-30 10:38:59,CAT,154.32,6,BID
2020-10-30 10:38:59,CAT,154.44,2,ASK
2020-10-30 10:39:00,CAT,154.33,5,BID
2020-10-30 10:39:00,CAT,154.44,2,ASK
2020-10-30 10:39:00,CAT,154.33,5,BID
2020-10-30 10:39:00,CAT,154.44,2,ASK
2020-10-30 10:39:02,CAT,154.34,1,BID
2020-10-30 10:39:02,CAT,154.44,2,ASK
2020-10-30 10:39:02,CAT,154.34,4,BID
2020-10-30 10:39:02,CAT,154.44,2,ASK
2020-10-30 10:39:02,CAT,154.34,5,BID
2020-10-30 10:39:02,CAT,154.44,2,ASK
2020-10-30 10:39:04,CAT,154.33,8,BID
2020-10-30 10:39:04,CAT,154.44,2,ASK
2020-10-30 10:39:04,CAT,154.31,7,BID
2020-10-30 10:39:04,CAT,154.44,2,ASK
2020-10-30 10:39:05,CAT,154.32,1,BID
2020-10-30 10:39:05,CAT,154.44,2,ASK
2020-10-30 10:39:06,CAT,154.31,7,BID
2020-10-30 10:39:06,CAT,154.44,2,ASK
2020-10-30 10:39:07,CAT,154.31,8,BID
2020-10-30 10:39:07,CAT,154.44,2,ASK
2020-10-30 10:39:08,CAT,154.31,7,BID
2020-10-30 10:39:08,CAT,154.44,2,ASK
2020-10-30 10:39:08,CAT,154.31,7,BID
2020-10-30 10:39:08,CAT,154.44,2,ASK
2020-10-30 10:39:08,CAT,154.31,7,BID
2020-10-30 10:39:08,CAT,154.44,2,ASK
2020-10-30 10:39:08,CAT,154.31,7,BID
2020-10-30 10:39:08,CAT,154.44,2,ASK
2020-10-30 10:39:08,CAT,154.31,7,BID
2020-10-30 10:39:08,CAT,154.44,2,ASK
2020-10-30 10:39:08,CAT,154.31,7,BID
2020-10-30 10:39:08,CAT,154.44,2,ASK
2020-10-30 10:39:08,CAT,154.31,7,BID
2020-10-30 10:39:08,CAT,154.44,2,ASK
2020-10-30 10:39:08,CAT,154.31,7,BID
2020-10-30 10:39:08,CAT,154.44,2,ASK
2020-10-30 10:39:08,CAT,154.31,7,BID
2020-10-30 10:39:08,CAT,154.44,2,ASK
2020-10-30 10:39:20,CAT,154.31,9,BID
2020-10-30 10:39:20,CAT,154.44,2,ASK
2020-10-30 10:39:08,CAT,154.31,9,BID
2020-10-30 10:39:20,CAT,154.44,2,ASK
2020-10-30 10:39:08,CAT,154.31,9,BID
2020-10-30 10:39:20,CAT,154.44,2,ASK
2020-10-30 10:39:26,CAT,154.24,4,BID
2020-10-30 10:39:26,CAT,154.38,3,ASK
2020-10-30 10:39:26,CAT,154.24,4,BID
2020-10-30 10:39:27,CAT,154.34,2,ASK
2020-10-30 10:39:28,CAT,154.21,2,BID
2020-10-30 10:39:28,CAT,154.34,2,ASK
2020-10-30 10:39:28,CAT,154.21,3,BID
2020-10-30 10:39:29,CAT,154.34,2,ASK
2020-10-30 10:39:30,CAT,154.21,4,BID
2020-10-30 10:39:30,CAT,154.34,2,ASK
2020-10-30 10:39:30,CAT,154.21,4,BID
2020-10-30 10:39:30,CAT,154.34,4,ASK
2020-10-30 10:39:32,CAT,154.21,6,BID
2020-10-30 10:39:30,CAT,154.34,4,ASK
2020-10-30 10:39:32,CAT,154.21,6,BID
2020-10-30 10:39:30,CAT,154.34,4,ASK
2020-10-30 10:39:32,CAT,154.21,6,BID
2020-10-30 10:39:30,CAT,154.34,4,ASK
2020-10-30 10:39:36,CAT,154.16,2,BID
2020-10-30 10:39:36,CAT,154.28,2,ASK
2020-10-30 10:39:36,CAT,154.16,2,BID
2020-10-30 10:39:36,CAT,154.28,2,ASK
2020-10-30 10:39:37,CAT,154.15,2,BID
2020-10-30 10:39:37,CAT,154.25,3,ASK
2020-10-30 10:39:37,CAT,154.15,2,BID
2020-10-30 10:39:37,CAT,154.25,3,ASK
2020-10-30 10:39:41,CAT,154.14,2,BID
2020-10-30 10:39:41,CAT,154.23,5,ASK
2020-10-30 10:39:41,CAT,154.14,2,BID
2020-10-30 10:39:41,CAT,154.23,7,ASK
2020-10-30 10:39:42,CAT,154.1,1,BID
2020-10-30 10:39:42,CAT,154.23,7,ASK
2020-10-30 10:39:45,CAT,154.1,1,BID
2020-10-30 10:39:45,CAT,154.19,2,ASK
2020-10-30 10:39:46,CAT,154.1,3,BID
2020-10-30 10:39:46,CAT,154.22,3,ASK
2020-10-30 10:39:46,CAT,154.1,3,BID
2020-10-30 10:39:46,CAT,154.22,3,ASK
2020-10-30 10:39:46,CAT,154.1,3,BID
2020-10-30 10:39:47,CAT,154.22,3,ASK
2020-10-30 10:39:46,CAT,154.1,3,BID
2020-10-30 10:39:47,CAT,154.22,3,ASK
2020-10-30 10:39:46,CAT,154.1,3,BID
2020-10-30 10:39:47,CAT,154.22,3,ASK
2020-10-30 10:39:49,CAT,154.02,2,BID
2020-10-30 10:39:49,CAT,154.17,5,ASK
2020-10-30 10:39:51,CAT,154.03,4,BID
2020-10-30 10:39:51,CAT,154.17,3,ASK
2020-10-30 10:39:54,CAT,154.07,1,BID
2020-10-30 10:39:54,CAT,154.19,2,ASK
2020-10-30 10:39:54,CAT,154.07,3,BID
2020-10-30 10:39:54,CAT,154.19,4,ASK
2020-10-30 10:39:54,CAT,154.07,3,BID
2020-10-30 10:39:54,CAT,154.19,4,ASK
2020-10-30 10:39:58,CAT,154.07,5,BID
2020-10-30 10:39:56,CAT,154.19,4,ASK
2020-10-30 10:39:58,CAT,154.07,5,BID
2020-10-30 10:39:56,CAT,154.19,4,ASK
2020-10-30 10:40:00,CAT,154.04,5,BID
2020-10-30 10:40:00,CAT,154.18,3,ASK
2020-10-30 10:39:53,CAT,154.03,3,BID
2020-10-30 10:40:00,CAT,154.18,3,ASK
2020-10-30 10:39:53,CAT,154.03,3,BID
2020-10-30 10:40:00,CAT,154.18,3,ASK
2020-10-30 10:39:53,CAT,154.03,3,BID
2020-10-30 10:40:00,CAT,154.18,3,ASK
2020-10-30 10:39:53,CAT,154.03,3,BID
2020-10-30 10:40:00,CAT,154.18,3,ASK
2020-10-30 10:39:53,CAT,154.03,3,BID
2020-10-30 10:40:00,CAT,154.18,3,ASK
2020-10-30 10:39:53,CAT,154.03,3,BID
2020-10-30 10:40:00,CAT,154.18,3,ASK
2020-10-30 10:39:53,CAT,154.03,3,BID
2020-10-30 10:40:00,CAT,154.18,3,ASK
2020-10-30 10:39:53,CAT,154.03,3,BID
2020-10-30 10:40:00,CAT,154.18,3,ASK
2020-10-30 10:39:53,CAT,154.03,3,BID
2020-10-30 10:40:00,CAT,154.18,3,ASK
2020-10-30 10:32:28,CAT,154.0,6,BID
2020-10-30 10:40:02,CAT,154.12,2,ASK
2020-10-30 10:40:03,CAT,153.87,2,BID
2020-10-30 10:40:03,CAT,153.99,3,ASK
2020-10-30 10:40:03,CAT,153.84,1,BID
2020-10-30 10:40:03,CAT,153.99,3,ASK
2020-10-30 10:40:04,CAT,153.85,2,BID
2020-10-30 10:40:04,CAT,153.99,3,ASK
2020-10-30 10:40:06,CAT,153.85,3,BID
2020-10-30 10:40:07,CAT,153.94,2,ASK
2020-10-30 10:40:06,CAT,153.85,3,BID
2020-10-30 10:40:07,CAT,153.94,2,ASK
2020-10-30 10:40:09,CAT,153.81,1,BID
2020-10-30 10:40:09,CAT,153.92,4,ASK
2020-10-30 10:40:09,CAT,153.81,1,BID
2020-10-30 10:40:09,CAT,153.94,5,ASK
2020-10-30 10:40:10,CAT,153.86,3,BID
2020-10-30 10:40:10,CAT,153.96,3,ASK
2020-10-30 10:40:11,CAT,153.83,1,BID
2020-10-30 10:40:11,CAT,153.96,3,ASK
2020-10-30 10:40:12,CAT,153.81,4,BID
2020-10-30 10:40:12,CAT,153.96,3,ASK
2020-10-30 10:40:12,CAT,153.81,4,BID
2020-10-30 10:40:12,CAT,153.96,3,ASK
2020-10-30 10:40:13,CAT,153.74,1,BID
2020-10-30 10:40:13,CAT,153.91,2,ASK
2020-10-30 10:40:14,CAT,153.79,1,BID
2020-10-30 10:40:14,CAT,153.91,2,ASK
2020-10-30 10:40:14,CAT,153.76,3,BID
2020-10-30 10:40:14,CAT,153.91,2,ASK
2020-10-30 10:40:17,CAT,153.74,3,BID
2020-10-30 10:40:15,CAT,153.91,2,ASK
2020-10-30 10:40:17,CAT,153.74,3,BID
2020-10-30 10:40:15,CAT,153.91,2,ASK
2020-10-30 10:40:17,CAT,153.74,3,BID
2020-10-30 10:40:15,CAT,153.91,2,ASK
2020-10-30 10:40:17,CAT,153.74,3,BID
2020-10-30 10:40:15,CAT,153.91,2,ASK
2020-10-30 10:40:17,CAT,153.74,3,BID
2020-10-30 10:40:15,CAT,153.91,2,ASK
2020-10-30 10:40:18,CAT,153.73,4,BID
2020-10-30 10:40:18,CAT,153.86,1,ASK
2020-10-30 10:40:18,CAT,153.74,3,BID
2020-10-30 10:40:18,CAT,153.87,1,ASK
2020-10-30 10:40:18,CAT,153.74,3,BID
2020-10-30 10:40:18,CAT,153.87,1,ASK
2020-10-30 10:40:19,CAT,153.74,3,BID
2020-10-30 10:40:19,CAT,153.86,2,ASK
2020-10-30 10:40:18,CAT,153.74,2,BID
2020-10-30 10:40:19,CAT,153.86,2,ASK
2020-10-30 10:40:27,CAT,153.79,2,BID
2020-10-30 10:40:27,CAT,153.91,5,ASK
2020-10-30 10:40:30,CAT,153.8,1,BID
2020-10-30 10:40:30,CAT,153.91,5,ASK
2020-10-30 10:40:30,CAT,153.79,3,BID
2020-10-30 10:40:31,CAT,153.91,5,ASK
2020-10-30 10:40:30,CAT,153.79,3,BID
2020-10-30 10:40:31,CAT,153.91,8,ASK
2020-10-30 10:40:30,CAT,153.79,3,BID
2020-10-30 10:40:31,CAT,153.91,8,ASK
2020-10-30 10:40:30,CAT,153.79,3,BID
2020-10-30 10:40:31,CAT,153.91,8,ASK
2020-10-30 10:40:30,CAT,153.79,3,BID
2020-10-30 10:40:31,CAT,153.91,8,ASK
2020-10-30 10:40:35,CAT,153.79,5,BID
2020-10-30 10:40:31,CAT,153.91,8,ASK
2020-10-30 10:40:35,CAT,153.8,1,BID
2020-10-30 10:40:31,CAT,153.91,8,ASK
2020-10-30 10:40:37,CAT,153.8,3,BID
2020-10-30 10:40:37,CAT,153.98,2,ASK
2020-10-30 10:40:38,CAT,153.84,4,BID
2020-10-30 10:40:38,CAT,154.03,4,ASK
2020-10-30 10:40:39,CAT,153.85,3,BID
2020-10-30 10:40:39,CAT,154.03,4,ASK
2020-10-30 10:40:40,CAT,153.88,2,BID
2020-10-30 10:40:40,CAT,154.03,4,ASK
2020-10-30 10:40:41,CAT,153.88,2,BID
2020-10-30 10:40:42,CAT,154.03,10,ASK
2020-10-30 10:40:43,CAT,153.88,3,BID
2020-10-30 10:40:43,CAT,154.03,10,ASK
2020-10-30 10:40:45,CAT,153.88,1,BID
2020-10-30 10:40:45,CAT,154.03,10,ASK
2020-10-30 10:40:46,CAT,153.87,2,BID
2020-10-30 10:40:46,CAT,154.03,10,ASK
2020-10-30 10:40:46,CAT,153.87,2,BID
2020-10-30 10:40:46,CAT,154.03,10,ASK
2020-10-30 10:40:48,CAT,153.87,1,BID
2020-10-30 10:40:48,CAT,154.03,10,ASK
2020-10-30 10:40:48,CAT,153.85,1,BID
2020-10-30 10:40:48,CAT,154.03,10,ASK
2020-10-30 10:40:51,CAT,153.81,3,BID
2020-10-30 10:40:51,CAT,153.96,4,ASK
2020-10-30 10:40:51,CAT,153.81,3,BID
2020-10-30 10:40:51,CAT,153.95,3,ASK
2020-10-30 10:40:53,CAT,153.8,1,BID
2020-10-30 10:40:53,CAT,153.95,3,ASK
2020-10-30 10:40:54,CAT,153.8,3,BID
2020-10-30 10:40:54,CAT,153.95,4,ASK
2020-10-30 10:40:54,CAT,153.8,3,BID
2020-10-30 10:40:54,CAT,153.95,4,ASK
2020-10-30 10:40:54,CAT,153.8,3,BID
2020-10-30 10:40:54,CAT,153.95,4,ASK
2020-10-30 10:40:56,CAT,153.8,3,BID
2020-10-30 10:40:56,CAT,153.95,5,ASK
2020-10-30 10:40:56,CAT,153.8,3,BID
2020-10-30 10:40:56,CAT,153.95,5,ASK
2020-10-30 10:40:56,CAT,153.8,3,BID
2020-10-30 10:40:56,CAT,153.95,5,ASK
2020-10-30 10:40:56,CAT,153.8,3,BID
2020-10-30 10:40:56,CAT,153.95,5,ASK
2020-10-30 10:41:00,CAT,153.79,3,BID
2020-10-30 10:41:00,CAT,153.95,5,ASK
2020-10-30 10:41:01,CAT,153.8,2,BID
2020-10-30 10:41:01,CAT,153.95,5,ASK
2020-10-30 10:41:01,CAT,153.8,2,BID
2020-10-30 10:41:01,CAT,153.95,5,ASK
2020-10-30 10:41:01,CAT,153.8,2,BID
2020-10-30 10:41:01,CAT,153.95,5,ASK
2020-10-30 10:41:01,CAT,153.8,2,BID
2020-10-30 10:41:01,CAT,153.95,5,ASK
2020-10-30 10:41:01,CAT,153.8,2,BID
2020-10-30 10:41:01,CAT,153.95,5,ASK
2020-10-30 10:41:01,CAT,153.8,2,BID
2020-10-30 10:41:01,CAT,153.95,5,ASK
2020-10-30 10:41:01,CAT,153.8,2,BID
2020-10-30 10:41:01,CAT,153.95,5,ASK
2020-10-30 10:41:08,CAT,153.8,2,BID
2020-10-30 10:41:08,CAT,153.95,5,ASK
2020-10-30 10:41:09,CAT,153.8,5,BID
2020-10-30 10:41:09,CAT,153.95,5,ASK
2020-10-30 10:41:09,CAT,153.8,5,BID
2020-10-30 10:41:09,CAT,153.95,5,ASK
2020-10-30 10:41:11,CAT,153.9,4,BID
2020-10-30 10:41:11,CAT,154.06,5,ASK
2020-10-30 10:41:11,CAT,153.9,5,BID
2020-10-30 10:41:13,CAT,154.08,2,ASK
2020-10-30 10:41:14,CAT,153.9,7,BID
2020-10-30 10:41:14,CAT,154.06,2,ASK
2020-10-30 10:41:14,CAT,153.9,7,BID
2020-10-30 10:41:14,CAT,154.06,2,ASK
2020-10-30 10:41:16,CAT,153.9,7,BID
2020-10-30 10:41:16,CAT,154.05,3,ASK
2020-10-30 10:41:17,CAT,153.9,6,BID
2020-10-30 10:41:17,CAT,154.05,3,ASK
2020-10-30 10:41:17,CAT,153.9,6,BID
2020-10-30 10:41:17,CAT,154.05,3,ASK
2020-10-30 10:41:17,CAT,153.9,6,BID
2020-10-30 10:41:19,CAT,154.04,3,ASK
2020-10-30 10:41:20,CAT,153.82,6,BID
2020-10-30 10:41:20,CAT,153.97,2,ASK
2020-10-30 10:41:20,CAT,153.82,6,BID
2020-10-30 10:41:20,CAT,153.97,2,ASK
2020-10-30 10:41:20,CAT,153.82,6,BID
2020-10-30 10:41:20,CAT,153.97,2,ASK
2020-10-30 10:41:22,CAT,153.82,7,BID
2020-10-30 10:41:22,CAT,153.97,2,ASK
2020-10-30 10:41:22,CAT,153.82,7,BID
2020-10-30 10:41:22,CAT,153.97,2,ASK
2020-10-30 10:41:11,CAT,153.82,7,BID
2020-10-30 10:41:22,CAT,153.97,2,ASK
2020-10-30 10:41:11,CAT,153.82,7,BID
2020-10-30 10:41:22,CAT,153.97,2,ASK
2020-10-30 10:41:11,CAT,153.82,7,BID
2020-10-30 10:41:22,CAT,153.97,2,ASK
2020-10-30 10:41:11,CAT,153.82,7,BID
2020-10-30 10:41:24,CAT,153.97,2,ASK
2020-10-30 10:41:11,CAT,153.82,7,BID
2020-10-30 10:41:24,CAT,153.97,2,ASK
2020-10-30 10:41:11,CAT,153.82,7,BID
2020-10-30 10:41:24,CAT,153.97,2,ASK
2020-10-30 10:41:11,CAT,153.82,7,BID
2020-10-30 10:41:24,CAT,153.97,2,ASK
2020-10-30 10:41:11,CAT,153.82,7,BID
2020-10-30 10:41:28,CAT,153.97,2,ASK
2020-10-30 10:41:11,CAT,153.82,7,BID
2020-10-30 10:41:28,CAT,153.97,2,ASK
2020-10-30 10:41:11,CAT,153.82,7,BID
2020-10-30 10:41:30,CAT,153.97,2,ASK
2020-10-30 10:41:11,CAT,153.82,7,BID
2020-10-30 10:41:30,CAT,153.97,2,ASK
2020-10-30 10:41:11,CAT,153.82,7,BID
2020-10-30 10:41:30,CAT,153.97,2,ASK
2020-10-30 10:41:11,CAT,153.82,7,BID
2020-10-30 10:41:33,CAT,153.97,5,ASK
2020-10-30 10:41:11,CAT,153.82,8,BID
2020-10-30 10:41:35,CAT,153.97,5,ASK
2020-10-30 10:41:36,CAT,153.79,1,BID
2020-10-30 10:41:36,CAT,153.94,3,ASK
2020-10-30 10:41:37,CAT,153.79,2,BID
2020-10-30 10:41:37,CAT,153.94,4,ASK
2020-10-30 10:41:38,CAT,153.79,5,BID
2020-10-30 10:41:38,CAT,153.94,5,ASK
2020-10-30 10:41:40,CAT,153.8,4,BID
2020-10-30 10:41:39,CAT,153.94,7,ASK
2020-10-30 10:41:40,CAT,153.8,5,BID
2020-10-30 10:41:40,CAT,153.94,7,ASK
2020-10-30 10:41:41,CAT,153.79,4,BID
2020-10-30 10:41:41,CAT,153.93,3,ASK
2020-10-30 10:41:42,CAT,153.75,6,BID
2020-10-30 10:41:42,CAT,153.9,3,ASK
2020-10-30 10:41:42,CAT,153.75,6,BID
2020-10-30 10:41:42,CAT,153.9,3,ASK
2020-10-30 10:41:43,CAT,153.75,8,BID
2020-10-30 10:41:43,CAT,153.9,5,ASK
2020-10-30 10:41:43,CAT,153.75,8,BID
2020-10-30 10:41:43,CAT,153.9,5,ASK
2020-10-30 10:41:45,CAT,153.75,8,BID
2020-10-30 10:41:45,CAT,153.9,6,ASK
2020-10-30 10:41:46,CAT,153.75,8,BID
2020-10-30 10:41:46,CAT,153.9,8,ASK
2020-10-30 10:41:46,CAT,153.75,8,BID
2020-10-30 10:41:46,CAT,153.9,8,ASK
2020-10-30 10:41:46,CAT,153.75,8,BID
2020-10-30 10:41:46,CAT,153.9,8,ASK
2020-10-30 10:41:46,CAT,153.75,8,BID
2020-10-30 10:41:46,CAT,153.9,8,ASK
2020-10-30 10:41:50,CAT,153.84,5,BID
2020-10-30 10:41:50,CAT,154.04,6,ASK
2020-10-30 10:41:50,CAT,153.84,5,BID
2020-10-30 10:41:50,CAT,154.03,3,ASK
2020-10-30 10:41:50,CAT,153.84,5,BID
2020-10-30 10:41:50,CAT,154.03,3,ASK
2020-10-30 10:41:50,CAT,153.84,5,BID
2020-10-30 10:41:50,CAT,154.03,3,ASK
2020-10-30 10:41:50,CAT,153.84,5,BID
2020-10-30 10:41:50,CAT,154.03,4,ASK
2020-10-30 10:41:50,CAT,153.84,5,BID
2020-10-30 10:41:50,CAT,154.03,4,ASK
2020-10-30 10:41:50,CAT,153.84,5,BID
2020-10-30 10:41:50,CAT,154.03,4,ASK
2020-10-30 10:41:50,CAT,153.84,6,BID
2020-10-30 10:41:54,CAT,154.03,5,ASK
2020-10-30 10:41:50,CAT,153.84,6,BID
2020-10-30 10:41:55,CAT,154.04,4,ASK
2020-10-30 10:41:50,CAT,153.84,6,BID
2020-10-30 10:41:55,CAT,154.04,4,ASK
2020-10-30 10:41:58,CAT,153.84,8,BID
2020-10-30 10:41:58,CAT,154.05,3,ASK
2020-10-30 10:41:58,CAT,153.84,8,BID
2020-10-30 10:41:58,CAT,154.05,4,ASK
2020-10-30 10:41:59,CAT,153.84,8,BID
2020-10-30 10:41:59,CAT,154.02,3,ASK
2020-10-30 10:42:00,CAT,153.81,2,BID
2020-10-30 10:42:00,CAT,154.01,4,ASK
2020-10-30 10:42:00,CAT,153.81,2,BID
2020-10-30 10:42:00,CAT,154.01,4,ASK
2020-10-30 10:42:01,CAT,153.81,3,BID
2020-10-30 10:42:01,CAT,154.01,4,ASK
2020-10-30 10:42:02,CAT,153.82,3,BID
2020-10-30 10:42:02,CAT,154.01,5,ASK
2020-10-30 10:42:02,CAT,153.82,3,BID
2020-10-30 10:42:02,CAT,154.01,5,ASK
2020-10-30 10:42:02,CAT,153.82,3,BID
2020-10-30 10:42:02,CAT,154.01,5,ASK
2020-10-30 10:42:04,CAT,153.81,4,BID
2020-10-30 10:42:04,CAT,153.92,3,ASK
2020-10-30 10:42:04,CAT,153.81,4,BID
2020-10-30 10:42:04,CAT,153.92,3,ASK
2020-10-30 10:42:05,CAT,153.76,2,BID
2020-10-30 10:42:05,CAT,153.87,2,ASK
2020-10-30 10:42:05,CAT,153.76,2,BID
2020-10-30 10:42:05,CAT,153.87,2,ASK
2020-10-30 10:42:05,CAT,153.76,2,BID
2020-10-30 10:42:06,CAT,153.87,2,ASK
2020-10-30 10:42:05,CAT,153.76,2,BID
2020-10-30 10:42:06,CAT,153.87,2,ASK
2020-10-30 10:42:05,CAT,153.76,2,BID
2020-10-30 10:42:07,CAT,153.86,2,ASK
2020-10-30 10:42:05,CAT,153.76,2,BID
2020-10-30 10:42:07,CAT,153.86,2,ASK
2020-10-30 10:42:05,CAT,153.76,2,BID
2020-10-30 10:42:10,CAT,153.86,3,ASK
2020-10-30 10:42:05,CAT,153.76,2,BID
2020-10-30 10:42:11,CAT,153.86,5,ASK
2020-10-30 10:42:05,CAT,153.76,2,BID
2020-10-30 10:42:11,CAT,153.86,5,ASK
2020-10-30 10:42:05,CAT,153.76,2,BID
2020-10-30 10:42:11,CAT,153.86,5,ASK
2020-10-30 10:42:05,CAT,153.76,2,BID
2020-10-30 10:42:10,CAT,153.86,5,ASK
2020-10-30 10:42:05,CAT,153.76,2,BID
2020-10-30 10:42:10,CAT,153.86,5,ASK
2020-10-30 10:42:05,CAT,153.76,2,BID
2020-10-30 10:42:10,CAT,153.86,5,ASK
2020-10-30 10:42:05,CAT,153.76,2,BID
2020-10-30 10:42:10,CAT,153.86,5,ASK
2020-10-30 10:42:18,CAT,153.72,5,BID
2020-10-30 10:42:18,CAT,153.8,3,ASK
2020-10-30 10:42:18,CAT,153.65,4,BID
2020-10-30 10:42:18,CAT,153.76,3,ASK
2020-10-30 10:42:20,CAT,153.61,2,BID
2020-10-30 10:42:20,CAT,153.75,4,ASK
2020-10-30 10:42:20,CAT,153.61,2,BID
2020-10-30 10:42:20,CAT,153.75,4,ASK
2020-10-30 10:42:21,CAT,153.61,2,BID
2020-10-30 10:42:21,CAT,153.75,4,ASK
2020-10-30 10:42:23,CAT,153.61,3,BID
2020-10-30 10:42:23,CAT,153.75,5,ASK
2020-10-30 10:42:23,CAT,153.61,3,BID
2020-10-30 10:42:23,CAT,153.75,5,ASK
2020-10-30 10:42:25,CAT,153.63,1,BID
2020-10-30 10:42:23,CAT,153.75,5,ASK
2020-10-30 10:42:26,CAT,153.66,2,BID
2020-10-30 10:42:26,CAT,153.75,5,ASK
2020-10-30 10:42:28,CAT,153.64,2,BID
2020-10-30 10:42:28,CAT,153.75,5,ASK
2020-10-30 10:42:30,CAT,153.64,2,BID
2020-10-30 10:42:30,CAT,153.75,5,ASK
2020-10-30 10:42:30,CAT,153.63,1,BID
2020-10-30 10:42:30,CAT,153.75,5,ASK
2020-10-30 10:42:31,CAT,153.6,6,BID
2020-10-30 10:42:30,CAT,153.75,5,ASK
2020-10-30 10:42:33,CAT,153.58,2,BID
2020-10-30 10:42:30,CAT,153.75,5,ASK
2020-10-30 10:42:35,CAT,153.57,5,BID
2020-10-30 10:42:35,CAT,153.7,2,ASK
2020-10-30 10:42:36,CAT,153.54,2,BID
2020-10-30 10:42:36,CAT,153.7,2,ASK
2020-10-30 10:42:37,CAT,153.54,2,BID
2020-10-30 10:42:37,CAT,153.7,2,ASK
2020-10-30 10:42:38,CAT,153.54,2,BID
2020-10-30 10:42:38,CAT,153.7,2,ASK
2020-10-30 10:42:38,CAT,153.51,4,BID
2020-10-30 10:42:38,CAT,153.64,3,ASK
2020-10-30 10:42:39,CAT,153.51,5,BID
2020-10-30 10:42:39,CAT,153.62,1,ASK
2020-10-30 10:42:40,CAT,153.5,5,BID
2020-10-30 10:42:40,CAT,153.62,4,ASK
2020-10-30 10:42:42,CAT,153.51,3,BID
2020-10-30 10:42:42,CAT,153.62,3,ASK
2020-10-30 10:42:42,CAT,153.51,3,BID
2020-10-30 10:42:42,CAT,153.62,3,ASK
2020-10-30 10:42:44,CAT,153.51,1,BID
2020-10-30 10:42:44,CAT,153.62,6,ASK
2020-10-30 10:42:45,CAT,153.51,3,BID
2020-10-30 10:42:44,CAT,153.62,6,ASK
2020-10-30 10:42:45,CAT,153.51,3,BID
2020-10-30 10:42:44,CAT,153.62,6,ASK
2020-10-30 10:42:47,CAT,153.51,3,BID
2020-10-30 10:42:47,CAT,153.62,8,ASK
2020-10-30 10:42:50,CAT,153.5,5,BID
2020-10-30 10:42:50,CAT,153.61,2,ASK
2020-10-30 10:42:50,CAT,153.5,5,BID
2020-10-30 10:42:50,CAT,153.61,2,ASK
2020-10-30 10:42:51,CAT,153.5,5,BID
2020-10-30 10:42:51,CAT,153.6,2,ASK
2020-10-30 10:42:51,CAT,153.5,5,BID
2020-10-30 10:42:51,CAT,153.6,2,ASK
2020-10-30 10:42:53,CAT,153.51,2,BID
2020-10-30 10:42:53,CAT,153.6,4,ASK
2020-10-30 10:42:53,CAT,153.51,2,BID
2020-10-30 10:42:53,CAT,153.6,4,ASK
2020-10-30 10:42:54,CAT,153.51,3,BID
2020-10-30 10:42:54,CAT,153.6,4,ASK
2020-10-30 10:42:54,CAT,153.51,3,BID
2020-10-30 10:42:54,CAT,153.6,4,ASK
2020-10-30 10:42:56,CAT,153.5,5,BID
2020-10-30 10:42:56,CAT,153.6,4,ASK
2020-10-30 10:42:56,CAT,153.5,5,BID
2020-10-30 10:42:56,CAT,153.6,4,ASK
2020-10-30 10:42:58,CAT,153.51,3,BID
2020-10-30 10:42:58,CAT,153.6,4,ASK
2020-10-30 10:42:58,CAT,153.51,3,BID
2020-10-30 10:42:58,CAT,153.6,4,ASK
2020-10-30 10:43:00,CAT,153.5,5,BID
2020-10-30 10:43:00,CAT,153.6,6,ASK
2020-10-30 10:43:00,CAT,153.56,1,BID
2020-10-30 10:43:00,CAT,153.65,1,ASK
2020-10-30 10:43:00,CAT,153.61,1,BID
2020-10-30 10:43:00,CAT,153.74,1,ASK
2020-10-30 10:43:00,CAT,153.61,2,BID
2020-10-30 10:43:00,CAT,153.74,1,ASK
2020-10-30 10:43:01,CAT,153.61,2,BID
2020-10-30 10:43:01,CAT,153.74,3,ASK
2020-10-30 10:43:02,CAT,153.64,3,BID
2020-10-30 10:43:02,CAT,153.75,5,ASK
2020-10-30 10:43:02,CAT,153.65,2,BID
2020-10-30 10:43:02,CAT,153.75,5,ASK
2020-10-30 10:43:02,CAT,153.65,2,BID
2020-10-30 10:43:02,CAT,153.75,5,ASK
2020-10-30 10:43:03,CAT,153.65,4,BID
2020-10-30 10:43:03,CAT,153.82,2,ASK
2020-10-30 10:43:03,CAT,153.66,3,BID
2020-10-30 10:43:03,CAT,153.82,2,ASK
2020-10-30 10:43:03,CAT,153.66,5,BID
2020-10-30 10:43:03,CAT,153.82,2,ASK
2020-10-30 10:43:04,CAT,153.67,3,BID
2020-10-30 10:43:04,CAT,153.82,2,ASK
2020-10-30 10:43:04,CAT,153.68,2,BID
2020-10-30 10:43:04,CAT,153.82,2,ASK
2020-10-30 10:43:04,CAT,153.68,2,BID
2020-10-30 10:43:04,CAT,153.82,2,ASK
2020-10-30 10:43:05,CAT,153.68,1,BID
2020-10-30 10:43:05,CAT,153.81,4,ASK
2020-10-30 10:43:04,CAT,153.67,5,BID
2020-10-30 10:43:05,CAT,153.81,4,ASK
2020-10-30 10:43:04,CAT,153.67,5,BID
2020-10-30 10:43:05,CAT,153.81,4,ASK
2020-10-30 10:43:04,CAT,153.67,5,BID
2020-10-30 10:43:05,CAT,153.81,4,ASK
2020-10-30 10:43:04,CAT,153.67,5,BID
2020-10-30 10:43:05,CAT,153.81,4,ASK
2020-10-30 10:43:04,CAT,153.67,5,BID
2020-10-30 10:43:05,CAT,153.81,4,ASK
2020-10-30 10:43:04,CAT,153.67,5,BID
2020-10-30 10:43:05,CAT,153.81,4,ASK
2020-10-30 10:43:04,CAT,153.67,5,BID
2020-10-30 10:43:05,CAT,153.81,4,ASK
2020-10-30 10:43:04,CAT,153.67,5,BID
2020-10-30 10:43:05,CAT,153.81,4,ASK
2020-10-30 10:43:04,CAT,153.67,5,BID
2020-10-30 10:43:05,CAT,153.81,4,ASK
2020-10-30 10:43:04,CAT,153.67,5,BID
2020-10-30 10:43:05,CAT,153.81,4,ASK
2020-10-30 10:43:13,CAT,153.67,5,BID
2020-10-30 10:43:13,CAT,153.81,4,ASK
2020-10-30 10:43:13,CAT,153.67,5,BID
2020-10-30 10:43:13,CAT,153.81,4,ASK
2020-10-30 10:43:13,CAT,153.67,5,BID
2020-10-30 10:43:13,CAT,153.81,4,ASK
2020-10-30 10:43:13,CAT,153.67,6,BID
2020-10-30 10:43:15,CAT,153.81,4,ASK
2020-10-30 10:43:13,CAT,153.67,6,BID
2020-10-30 10:43:15,CAT,153.81,4,ASK
2020-10-30 10:43:17,CAT,153.64,2,BID
2020-10-30 10:43:17,CAT,153.81,5,ASK
2020-10-30 10:43:17,CAT,153.64,2,BID
2020-10-30 10:43:17,CAT,153.81,5,ASK
2020-10-30 10:43:18,CAT,153.64,3,BID
2020-10-30 10:43:18,CAT,153.81,5,ASK
2020-10-30 10:43:19,CAT,153.64,4,BID
2020-10-30 10:43:19,CAT,153.81,5,ASK
2020-10-30 10:43:20,CAT,153.65,3,BID
2020-10-30 10:43:20,CAT,153.81,5,ASK
2020-10-30 10:43:20,CAT,153.6,1,BID
2020-10-30 10:43:20,CAT,153.81,5,ASK
2020-10-30 10:43:21,CAT,153.6,2,BID
2020-10-30 10:43:21,CAT,153.81,5,ASK
2020-10-30 10:43:21,CAT,153.6,2,BID
2020-10-30 10:43:21,CAT,153.81,5,ASK
2020-10-30 10:43:21,CAT,153.6,2,BID
2020-10-30 10:43:21,CAT,153.81,5,ASK
2020-10-30 10:43:21,CAT,153.6,2,BID
2020-10-30 10:43:21,CAT,153.81,5,ASK
2020-10-30 10:43:23,CAT,153.56,1,BID
2020-10-30 10:43:23,CAT,153.75,1,ASK
2020-10-30 10:43:23,CAT,153.53,1,BID
2020-10-30 10:43:23,CAT,153.7,3,ASK
2020-10-30 10:43:23,CAT,153.56,1,BID
2020-10-30 10:43:23,CAT,153.7,3,ASK
2020-10-30 10:43:24,CAT,153.5,7,BID
2020-10-30 10:43:24,CAT,153.67,2,ASK
2020-10-30 10:43:24,CAT,153.5,7,BID
2020-10-30 10:43:24,CAT,153.67,2,ASK
2020-10-30 10:43:25,CAT,153.5,6,BID
2020-10-30 10:43:25,CAT,153.62,2,ASK
2020-10-30 10:43:25,CAT,153.5,6,BID
2020-10-30 10:43:25,CAT,153.62,2,ASK
2020-10-30 10:43:26,CAT,153.5,7,BID
2020-10-30 10:43:26,CAT,153.62,2,ASK
2020-10-30 10:43:28,CAT,153.46,1,BID
2020-10-30 10:43:28,CAT,153.61,2,ASK
2020-10-30 10:43:30,CAT,153.46,2,BID
2020-10-30 10:43:30,CAT,153.61,2,ASK
2020-10-30 10:43:30,CAT,153.46,2,BID
2020-10-30 10:43:30,CAT,153.61,2,ASK
2020-10-30 10:43:30,CAT,153.46,2,BID
2020-10-30 10:43:31,CAT,153.61,2,ASK
2020-10-30 10:43:30,CAT,153.46,2,BID
2020-10-30 10:43:31,CAT,153.61,2,ASK
2020-10-30 10:43:30,CAT,153.46,2,BID
2020-10-30 10:43:31,CAT,153.61,2,ASK
2020-10-30 10:43:30,CAT,153.46,2,BID
2020-10-30 10:43:31,CAT,153.61,2,ASK
2020-10-30 10:43:30,CAT,153.46,2,BID
2020-10-30 10:43:31,CAT,153.61,2,ASK
2020-10-30 10:43:30,CAT,153.46,2,BID
2020-10-30 10:43:31,CAT,153.61,2,ASK
2020-10-30 10:43:30,CAT,153.46,2,BID
2020-10-30 10:43:31,CAT,153.61,2,ASK
2020-10-30 10:43:30,CAT,153.46,2,BID
2020-10-30 10:43:31,CAT,153.61,2,ASK
2020-10-30 09:50:33,CAT,153.39,7,BID
2020-10-30 10:43:40,CAT,153.51,2,ASK
2020-10-30 09:50:33,CAT,153.39,7,BID
2020-10-30 10:43:40,CAT,153.51,2,ASK
2020-10-30 10:43:41,CAT,153.33,5,BID
2020-10-30 10:43:41,CAT,153.51,3,ASK
2020-10-30 10:43:43,CAT,153.36,1,BID
2020-10-30 10:43:43,CAT,153.51,6,ASK
2020-10-30 10:43:44,CAT,153.36,2,BID
2020-10-30 10:43:44,CAT,153.51,6,ASK
2020-10-30 09:50:07,CAT,153.32,7,BID
2020-10-30 10:43:45,CAT,153.5,4,ASK
2020-10-30 09:50:07,CAT,153.32,8,BID
2020-10-30 10:43:46,CAT,153.48,1,ASK
2020-10-30 09:50:07,CAT,153.32,8,BID
2020-10-30 10:43:46,CAT,153.45,1,ASK
2020-10-30 09:50:07,CAT,153.32,7,BID
2020-10-30 10:43:46,CAT,153.45,2,ASK
2020-10-30 10:43:47,CAT,153.25,1,BID
2020-10-30 10:43:47,CAT,153.38,3,ASK
2020-10-30 10:43:47,CAT,153.25,1,BID
2020-10-30 10:43:47,CAT,153.38,3,ASK
2020-10-30 10:43:47,CAT,153.25,1,BID
2020-10-30 10:43:47,CAT,153.38,3,ASK
2020-10-30 10:43:48,CAT,153.25,1,BID
2020-10-30 10:43:48,CAT,153.37,1,ASK
2020-10-30 10:43:48,CAT,153.25,1,BID
2020-10-30 10:43:48,CAT,153.37,1,ASK
2020-10-30 10:43:49,CAT,153.25,1,BID
2020-10-30 10:43:49,CAT,153.36,1,ASK
2020-10-30 10:43:49,CAT,153.25,1,BID
2020-10-30 10:43:49,CAT,153.36,1,ASK
2020-10-30 10:43:49,CAT,153.24,1,BID
2020-10-30 10:43:49,CAT,153.32,2,ASK
2020-10-30 10:43:49,CAT,153.24,1,BID
2020-10-30 10:43:49,CAT,153.32,2,ASK
2020-10-30 10:43:50,CAT,153.13,3,BID
2020-10-30 10:43:50,CAT,153.26,3,ASK
2020-10-30 10:43:50,CAT,153.07,1,BID
2020-10-30 10:43:50,CAT,153.24,2,ASK
2020-10-30 10:43:51,CAT,153.06,1,BID
2020-10-30 10:43:51,CAT,153.24,2,ASK
2020-10-30 10:43:51,CAT,153.06,3,BID
2020-10-30 10:43:51,CAT,153.24,2,ASK
2020-10-30 10:43:51,CAT,153.16,1,BID
2020-10-30 10:43:51,CAT,153.31,2,ASK
2020-10-30 10:43:52,CAT,153.09,3,BID
2020-10-30 10:43:52,CAT,153.31,2,ASK
2020-10-30 10:43:52,CAT,153.09,4,BID
2020-10-30 10:43:52,CAT,153.34,1,ASK
2020-10-30 10:43:52,CAT,153.09,4,BID
2020-10-30 10:43:52,CAT,153.33,1,ASK
2020-10-30 10:43:52,CAT,153.09,3,BID
2020-10-30 10:43:52,CAT,153.33,1,ASK
2020-10-30 10:43:53,CAT,153.09,3,BID
2020-10-30 10:43:53,CAT,153.32,1,ASK
2020-10-30 10:43:53,CAT,153.09,6,BID
2020-10-30 10:43:53,CAT,153.31,2,ASK
2020-10-30 10:43:54,CAT,153.09,6,BID
2020-10-30 10:43:54,CAT,153.3,2,ASK
2020-10-30 10:43:54,CAT,153.09,9,BID
2020-10-30 10:43:54,CAT,153.3,2,ASK
2020-10-30 10:43:54,CAT,153.09,7,BID
2020-10-30 10:43:54,CAT,153.3,2,ASK
2020-10-30 10:43:54,CAT,153.09,7,BID
2020-10-30 10:43:54,CAT,153.3,2,ASK
2020-10-30 10:43:54,CAT,153.09,7,BID
2020-10-30 10:43:54,CAT,153.3,2,ASK
2020-10-30 10:43:55,CAT,153.09,7,BID
2020-10-30 10:43:55,CAT,153.3,2,ASK
2020-10-30 10:43:56,CAT,153.09,9,BID
2020-10-30 10:43:56,CAT,153.26,1,ASK
2020-10-30 10:43:56,CAT,153.09,9,BID
2020-10-30 10:43:56,CAT,153.26,1,ASK
2020-10-30 10:43:56,CAT,153.09,9,BID
2020-10-30 10:43:56,CAT,153.26,1,ASK
2020-10-30 10:43:57,CAT,153.1,3,BID
2020-10-30 10:43:57,CAT,153.26,2,ASK
2020-10-30 10:43:57,CAT,153.1,3,BID
2020-10-30 10:43:57,CAT,153.26,2,ASK
2020-10-30 10:43:57,CAT,153.1,3,BID
2020-10-30 10:43:57,CAT,153.26,2,ASK
2020-10-30 10:43:57,CAT,153.1,3,BID
2020-10-30 10:43:57,CAT,153.26,2,ASK
2020-10-30 10:43:59,CAT,153.19,3,BID
2020-10-30 10:43:59,CAT,153.3,3,ASK
2020-10-30 10:44:00,CAT,153.15,4,BID
2020-10-30 10:44:00,CAT,153.3,2,ASK
2020-10-30 10:44:00,CAT,153.19,4,BID
2020-10-30 10:44:01,CAT,153.38,2,ASK
2020-10-30 10:44:01,CAT,153.2,4,BID
2020-10-30 10:44:01,CAT,153.31,2,ASK
2020-10-30 10:44:02,CAT,153.21,4,BID
2020-10-30 10:44:02,CAT,153.4,7,ASK
2020-10-30 10:44:03,CAT,153.22,4,BID
2020-10-30 10:44:03,CAT,153.4,7,ASK
2020-10-30 10:44:03,CAT,153.22,4,BID
2020-10-30 10:44:03,CAT,153.4,4,ASK
2020-10-30 10:44:03,CAT,153.32,1,BID
2020-10-30 10:44:03,CAT,153.45,3,ASK
2020-10-30 10:44:04,CAT,153.26,2,BID
2020-10-30 10:44:04,CAT,153.45,3,ASK
2020-10-30 10:44:04,CAT,153.26,3,BID
2020-10-30 10:44:04,CAT,153.39,2,ASK
2020-10-30 10:44:04,CAT,153.26,3,BID
2020-10-30 10:44:04,CAT,153.39,2,ASK
2020-10-30 10:44:04,CAT,153.26,3,BID
2020-10-30 10:44:04,CAT,153.39,2,ASK
2020-10-30 10:44:04,CAT,153.26,3,BID
2020-10-30 10:44:05,CAT,153.39,2,ASK
2020-10-30 10:44:06,CAT,153.27,1,BID
2020-10-30 10:44:06,CAT,153.39,2,ASK
2020-10-30 10:44:06,CAT,153.27,1,BID
2020-10-30 10:44:06,CAT,153.39,2,ASK
2020-10-30 10:44:06,CAT,153.27,1,BID
2020-10-30 10:44:06,CAT,153.39,2,ASK
2020-10-30 10:44:04,CAT,153.26,3,BID
2020-10-30 10:44:08,CAT,153.39,2,ASK
2020-10-30 10:44:04,CAT,153.26,3,BID
2020-10-30 10:44:08,CAT,153.39,2,ASK
2020-10-30 10:44:04,CAT,153.26,3,BID
2020-10-30 10:44:08,CAT,153.39,2,ASK
2020-10-30 10:44:04,CAT,153.26,3,BID
2020-10-30 10:44:08,CAT,153.39,2,ASK
2020-10-30 10:44:04,CAT,153.26,3,BID
2020-10-30 10:44:08,CAT,153.39,2,ASK
2020-10-30 10:44:04,CAT,153.26,3,BID
2020-10-30 10:44:08,CAT,153.39,2,ASK
2020-10-30 10:44:04,CAT,153.26,3,BID
2020-10-30 10:44:08,CAT,153.39,2,ASK
2020-10-30 10:44:04,CAT,153.26,3,BID
2020-10-30 10:44:08,CAT,153.39,2,ASK
2020-10-30 10:44:04,CAT,153.26,3,BID
2020-10-30 10:44:08,CAT,153.39,2,ASK
2020-10-30 10:44:04,CAT,153.26,3,BID
2020-10-30 10:44:08,CAT,153.39,2,ASK
2020-10-30 10:44:04,CAT,153.26,3,BID
2020-10-30 10:44:16,CAT,153.39,3,ASK
2020-10-30 10:44:04,CAT,153.26,4,BID
2020-10-30 10:44:16,CAT,153.39,3,ASK
2020-10-30 10:44:21,CAT,153.33,2,BID
2020-10-30 10:44:21,CAT,153.39,3,ASK
2020-10-30 10:44:22,CAT,153.33,3,BID
2020-10-30 10:44:22,CAT,153.39,3,ASK
2020-10-30 10:44:23,CAT,153.24,2,BID
2020-10-30 10:44:23,CAT,153.38,2,ASK
2020-10-30 10:44:01,CAT,153.2,5,BID
2020-10-30 10:44:23,CAT,153.38,2,ASK
2020-10-30 10:44:24,CAT,153.21,7,BID
2020-10-30 10:44:24,CAT,153.39,5,ASK
2020-10-30 10:44:25,CAT,153.31,4,BID
2020-10-30 10:44:25,CAT,153.48,3,ASK
2020-10-30 10:44:26,CAT,153.31,4,BID
2020-10-30 10:44:26,CAT,153.45,2,ASK
2020-10-30 10:44:26,CAT,153.32,4,BID
2020-10-30 10:44:26,CAT,153.45,2,ASK
2020-10-30 10:44:28,CAT,153.32,4,BID
2020-10-30 10:43:46,CAT,153.48,3,ASK
2020-10-30 10:44:30,CAT,153.4,3,BID
2020-10-30 10:44:30,CAT,153.55,4,ASK
2020-10-30 10:44:30,CAT,153.4,3,BID
2020-10-30 10:44:30,CAT,153.55,1,ASK
2020-10-30 10:44:30,CAT,153.4,3,BID
2020-10-30 10:44:32,CAT,153.55,2,ASK
2020-10-30 10:44:34,CAT,153.41,4,BID
2020-10-30 10:44:34,CAT,153.53,4,ASK
2020-10-30 10:44:35,CAT,153.4,4,BID
2020-10-30 10:44:34,CAT,153.53,4,ASK
2020-10-30 10:44:35,CAT,153.4,6,BID
2020-10-30 10:44:35,CAT,153.52,4,ASK
2020-10-30 10:44:35,CAT,153.4,6,BID
2020-10-30 10:44:35,CAT,153.52,4,ASK
2020-10-30 10:44:35,CAT,153.4,6,BID
2020-10-30 10:44:39,CAT,153.5,1,ASK
2020-10-30 10:44:01,CAT,153.2,7,BID
2020-10-30 10:44:39,CAT,153.34,4,ASK
2020-10-30 10:44:40,CAT,153.2,7,BID
2020-10-30 10:44:40,CAT,153.34,4,ASK
2020-10-30 10:44:40,CAT,153.2,7,BID
2020-10-30 10:44:40,CAT,153.34,4,ASK
2020-10-30 10:44:40,CAT,153.2,7,BID
2020-10-30 10:44:41,CAT,153.34,4,ASK
2020-10-30 10:44:40,CAT,153.2,7,BID
2020-10-30 10:44:41,CAT,153.34,4,ASK
2020-10-30 10:44:40,CAT,153.2,7,BID
2020-10-30 10:44:41,CAT,153.34,4,ASK
2020-10-30 10:44:40,CAT,153.2,7,BID
2020-10-30 10:44:43,CAT,153.33,2,ASK
2020-10-30 10:44:40,CAT,153.2,7,BID
2020-10-30 10:44:43,CAT,153.33,2,ASK
2020-10-30 10:44:44,CAT,153.2,7,BID
2020-10-30 10:44:46,CAT,153.32,3,ASK
2020-10-30 10:44:46,CAT,153.2,1,BID
2020-10-30 10:44:46,CAT,153.32,3,ASK
2020-10-30 10:44:48,CAT,153.17,1,BID
2020-10-30 10:44:48,CAT,153.32,3,ASK
2020-10-30 10:44:48,CAT,153.17,1,BID
2020-10-30 10:44:48,CAT,153.32,3,ASK
2020-10-30 10:44:49,CAT,153.2,1,BID
2020-10-30 10:44:49,CAT,153.32,3,ASK
2020-10-30 10:44:49,CAT,153.2,3,BID
2020-10-30 10:44:49,CAT,153.32,4,ASK
2020-10-30 10:44:51,CAT,153.17,2,BID
2020-10-30 10:44:49,CAT,153.32,4,ASK
2020-10-30 10:44:51,CAT,153.17,1,BID
2020-10-30 10:44:49,CAT,153.32,4,ASK
2020-10-30 10:44:52,CAT,153.17,1,BID
2020-10-30 10:44:49,CAT,153.32,4,ASK
2020-10-30 10:44:52,CAT,153.17,1,BID
2020-10-30 10:44:49,CAT,153.32,4,ASK
2020-10-30 10:44:54,CAT,153.17,2,BID
2020-10-30 10:44:49,CAT,153.32,4,ASK
2020-10-30 10:44:54,CAT,153.17,4,BID
2020-10-30 10:44:49,CAT,153.32,4,ASK
2020-10-30 10:44:54,CAT,153.17,4,BID
2020-10-30 10:44:49,CAT,153.32,4,ASK
2020-10-30 10:44:54,CAT,153.17,4,BID
2020-10-30 10:44:49,CAT,153.32,4,ASK
2020-10-30 10:44:54,CAT,153.17,4,BID
2020-10-30 10:44:49,CAT,153.32,4,ASK
2020-10-30 10:44:54,CAT,153.17,4,BID
2020-10-30 10:44:49,CAT,153.32,4,ASK
2020-10-30 10:44:54,CAT,153.17,4,BID
2020-10-30 10:44:49,CAT,153.32,4,ASK
2020-10-30 10:44:54,CAT,153.17,4,BID
2020-10-30 10:44:49,CAT,153.32,4,ASK
2020-10-30 10:44:54,CAT,153.17,4,BID
2020-10-30 10:44:49,CAT,153.32,4,ASK
2020-10-30 10:44:54,CAT,153.17,4,BID
2020-10-30 10:44:49,CAT,153.32,4,ASK
2020-10-30 10:44:54,CAT,153.17,4,BID
2020-10-30 10:44:49,CAT,153.32,4,ASK
2020-10-30 10:44:54,CAT,153.17,4,BID
2020-10-30 10:44:49,CAT,153.32,4,ASK
2020-10-30 10:44:54,CAT,153.17,4,BID
2020-10-30 10:44:49,CAT,153.32,4,ASK
2020-10-30 10:44:58,CAT,153.17,5,BID
2020-10-30 10:44:49,CAT,153.32,4,ASK
2020-10-30 10:45:00,CAT,153.17,7,BID
2020-10-30 10:45:00,CAT,153.32,5,ASK
2020-10-30 10:45:01,CAT,153.24,2,BID
2020-10-30 10:45:01,CAT,153.39,2,ASK
2020-10-30 10:45:01,CAT,153.24,2,BID
2020-10-30 10:45:01,CAT,153.39,2,ASK
2020-10-30 10:45:01,CAT,153.24,2,BID
2020-10-30 10:45:01,CAT,153.39,2,ASK
2020-10-30 10:45:01,CAT,153.24,2,BID
2020-10-30 10:45:01,CAT,153.39,2,ASK
2020-10-30 10:45:02,CAT,153.24,2,BID
2020-10-30 10:45:02,CAT,153.39,2,ASK
2020-10-30 10:45:03,CAT,153.26,1,BID
2020-10-30 10:45:03,CAT,153.39,1,ASK
2020-10-30 10:45:03,CAT,153.25,3,BID
2020-10-30 10:45:03,CAT,153.39,1,ASK
2020-10-30 10:45:03,CAT,153.25,3,BID
2020-10-30 10:45:03,CAT,153.39,2,ASK
2020-10-30 10:45:04,CAT,153.23,1,BID
2020-10-30 10:45:04,CAT,153.38,2,ASK
2020-10-30 10:45:04,CAT,153.23,1,BID
2020-10-30 10:45:04,CAT,153.38,2,ASK
2020-10-30 10:45:04,CAT,153.23,1,BID
2020-10-30 10:45:04,CAT,153.38,2,ASK
2020-10-30 10:45:06,CAT,153.24,2,BID
2020-10-30 10:45:06,CAT,153.38,2,ASK
2020-10-30 10:45:07,CAT,153.25,1,BID
2020-10-30 10:45:07,CAT,153.38,2,ASK
2020-10-30 10:45:07,CAT,153.24,2,BID
2020-10-30 10:45:07,CAT,153.38,2,ASK
2020-10-30 10:45:08,CAT,153.24,2,BID
2020-10-30 10:45:08,CAT,153.38,2,ASK
2020-10-30 10:45:09,CAT,153.24,2,BID
2020-10-30 10:45:10,CAT,153.38,2,ASK
2020-10-30 10:45:10,CAT,153.25,3,BID
2020-10-30 10:45:10,CAT,153.38,2,ASK
2020-10-30 10:45:10,CAT,153.25,3,BID
2020-10-30 10:45:10,CAT,153.38,2,ASK
2020-10-30 10:45:12,CAT,153.25,5,BID
2020-10-30 10:45:12,CAT,153.38,3,ASK
2020-10-30 10:45:12,CAT,153.25,5,BID
2020-10-30 10:45:12,CAT,153.38,4,ASK
2020-10-30 10:45:12,CAT,153.25,5,BID
2020-10-30 10:45:12,CAT,153.38,4,ASK
2020-10-30 10:45:12,CAT,153.25,5,BID
2020-10-30 10:45:12,CAT,153.38,4,ASK
2020-10-30 10:45:12,CAT,153.25,5,BID
2020-10-30 10:45:12,CAT,153.38,4,ASK
2020-10-30 10:45:16,CAT,153.25,5,BID
2020-10-30 10:45:12,CAT,153.38,4,ASK
2020-10-30 10:45:17,CAT,153.25,5,BID
2020-10-30 10:45:12,CAT,153.38,4,ASK
2020-10-30 10:45:17,CAT,153.25,5,BID
2020-10-30 10:45:12,CAT,153.38,4,ASK
2020-10-30 10:45:19,CAT,153.23,3,BID
2020-10-30 10:45:19,CAT,153.37,3,ASK
2020-10-30 10:45:19,CAT,153.23,3,BID
2020-10-30 10:45:19,CAT,153.37,3,ASK
2020-10-30 10:45:19,CAT,153.23,3,BID
2020-10-30 10:45:19,CAT,153.37,3,ASK
2020-10-30 10:44:54,CAT,153.17,10,BID
2020-10-30 10:45:22,CAT,153.3,3,ASK
2020-10-30 10:45:22,CAT,153.18,1,BID
2020-10-30 10:45:22,CAT,153.3,4,ASK
2020-10-30 10:45:23,CAT,153.19,2,BID
2020-10-30 10:45:23,CAT,153.3,1,ASK
2020-10-30 10:45:23,CAT,153.19,3,BID
2020-10-30 10:45:23,CAT,153.3,3,ASK
2020-10-30 10:45:24,CAT,153.19,5,BID
2020-10-30 10:45:23,CAT,153.3,3,ASK
2020-10-30 10:45:24,CAT,153.19,5,BID
2020-10-30 10:45:23,CAT,153.3,3,ASK
2020-10-30 10:45:24,CAT,153.19,5,BID
2020-10-30 10:45:23,CAT,153.3,3,ASK
2020-10-30 10:45:24,CAT,153.19,5,BID
2020-10-30 10:45:28,CAT,153.3,3,ASK
2020-10-30 10:45:24,CAT,153.19,5,BID
2020-10-30 10:45:28,CAT,153.3,3,ASK
2020-10-30 10:45:30,CAT,153.19,5,BID
2020-10-30 10:45:30,CAT,153.3,3,ASK
2020-10-30 10:45:32,CAT,153.2,2,BID
2020-10-30 10:45:32,CAT,153.3,3,ASK
2020-10-30 10:45:33,CAT,153.18,2,BID
2020-10-30 10:45:33,CAT,153.3,3,ASK
2020-10-30 10:45:34,CAT,153.19,3,BID
2020-10-30 10:45:34,CAT,153.3,4,ASK
2020-10-30 10:45:34,CAT,153.25,2,BID
2020-10-30 10:45:34,CAT,153.39,2,ASK
2020-10-30 10:45:34,CAT,153.25,2,BID
2020-10-30 10:45:34,CAT,153.39,2,ASK
2020-10-30 10:45:38,CAT,153.22,1,BID
2020-10-30 10:45:38,CAT,153.39,2,ASK
2020-10-30 10:45:39,CAT,153.2,1,BID
2020-10-30 10:45:39,CAT,153.29,1,ASK
2020-10-30 10:45:40,CAT,153.18,3,BID
2020-10-30 10:45:40,CAT,153.29,3,ASK
2020-10-30 10:45:41,CAT,153.18,2,BID
2020-10-30 10:45:41,CAT,153.29,3,ASK
2020-10-30 10:45:42,CAT,153.18,3,BID
2020-10-30 10:45:42,CAT,153.29,3,ASK
2020-10-30 10:45:42,CAT,153.18,3,BID
2020-10-30 10:45:42,CAT,153.29,3,ASK
2020-10-30 10:45:42,CAT,153.18,3,BID
2020-10-30 10:45:42,CAT,153.29,3,ASK
2020-10-30 10:45:42,CAT,153.18,3,BID
2020-10-30 10:45:42,CAT,153.29,3,ASK
2020-10-30 10:45:45,CAT,153.2,1,BID
2020-10-30 10:45:45,CAT,153.29,3,ASK
2020-10-30 10:45:46,CAT,153.25,1,BID
2020-10-30 10:45:46,CAT,153.39,2,ASK
2020-10-30 10:45:46,CAT,153.25,2,BID
2020-10-30 10:45:46,CAT,153.38,2,ASK
2020-10-30 10:45:47,CAT,153.22,1,BID
2020-10-30 10:45:47,CAT,153.38,2,ASK
2020-10-30 10:45:48,CAT,153.22,2,BID
2020-10-30 10:45:48,CAT,153.38,2,ASK
2020-10-30 10:45:48,CAT,153.23,2,BID
2020-10-30 10:45:48,CAT,153.38,3,ASK
2020-10-30 10:45:48,CAT,153.23,2,BID
2020-10-30 10:45:48,CAT,153.38,3,ASK
2020-10-30 10:45:52,CAT,153.23,2,BID
2020-10-30 10:45:52,CAT,153.38,4,ASK
2020-10-30 10:45:52,CAT,153.23,2,BID
2020-10-30 10:45:52,CAT,153.38,4,ASK
2020-10-30 10:45:55,CAT,153.24,2,BID
2020-10-30 10:45:52,CAT,153.38,4,ASK
2020-10-30 10:45:55,CAT,153.24,2,BID
2020-10-30 10:45:52,CAT,153.38,4,ASK
2020-10-30 10:45:59,CAT,153.24,6,BID
2020-10-30 10:45:59,CAT,153.38,5,ASK
2020-10-30 10:46:00,CAT,153.24,7,BID
2020-10-30 10:46:00,CAT,153.38,5,ASK
2020-10-30 10:46:01,CAT,153.24,6,BID
2020-10-30 10:46:00,CAT,153.38,5,ASK
2020-10-30 10:46:03,CAT,153.24,6,BID
2020-10-30 10:46:02,CAT,153.38,5,ASK
2020-10-30 10:46:03,CAT,153.24,6,BID
2020-10-30 10:46:03,CAT,153.38,5,ASK
2020-10-30 10:46:03,CAT,153.24,6,BID
2020-10-30 10:46:03,CAT,153.38,5,ASK
2020-10-30 10:46:05,CAT,153.25,2,BID
2020-10-30 10:46:03,CAT,153.38,5,ASK
2020-10-30 10:46:06,CAT,153.25,1,BID
2020-10-30 10:46:03,CAT,153.38,5,ASK
2020-10-30 10:46:07,CAT,153.25,1,BID
2020-10-30 10:46:03,CAT,153.38,5,ASK
2020-10-30 10:46:09,CAT,153.25,1,BID
2020-10-30 10:46:03,CAT,153.38,6,ASK
2020-10-30 10:46:09,CAT,153.25,1,BID
2020-10-30 10:46:03,CAT,153.38,6,ASK
2020-10-30 10:46:10,CAT,153.25,1,BID
2020-10-30 10:46:03,CAT,153.38,6,ASK
2020-10-30 10:46:11,CAT,153.25,3,BID
2020-10-30 10:46:03,CAT,153.38,5,ASK
2020-10-30 10:46:12,CAT,153.25,4,BID
2020-10-30 10:46:03,CAT,153.38,5,ASK
2020-10-30 10:46:12,CAT,153.25,4,BID
2020-10-30 10:46:03,CAT,153.38,5,ASK
2020-10-30 10:46:12,CAT,153.25,4,BID
2020-10-30 10:46:03,CAT,153.38,5,ASK
2020-10-30 10:46:15,CAT,153.25,6,BID
2020-10-30 10:46:03,CAT,153.38,6,ASK
2020-10-30 10:46:15,CAT,153.25,6,BID
2020-10-30 10:46:03,CAT,153.38,5,ASK
2020-10-30 10:46:15,CAT,153.25,6,BID
2020-10-30 10:46:17,CAT,153.37,1,ASK
2020-10-30 10:46:17,CAT,153.26,3,BID
2020-10-30 10:46:03,CAT,153.38,5,ASK
2020-10-30 10:46:17,CAT,153.26,3,BID
2020-10-30 10:46:03,CAT,153.38,5,ASK
2020-10-30 10:46:19,CAT,153.23,3,BID
2020-10-30 10:46:19,CAT,153.28,2,ASK
2020-10-30 10:46:19,CAT,153.2,4,BID
2020-10-30 10:46:19,CAT,153.35,2,ASK
2020-10-30 10:46:19,CAT,153.2,3,BID
2020-10-30 10:46:19,CAT,153.35,2,ASK
2020-10-30 10:46:19,CAT,153.2,3,BID
2020-10-30 10:46:19,CAT,153.35,2,ASK
2020-10-30 10:46:20,CAT,153.2,3,BID
2020-10-30 10:46:20,CAT,153.35,3,ASK
2020-10-30 10:46:20,CAT,153.2,3,BID
2020-10-30 10:46:20,CAT,153.35,3,ASK
2020-10-30 10:46:20,CAT,153.2,3,BID
2020-10-30 10:46:20,CAT,153.35,3,ASK
2020-10-30 10:46:23,CAT,153.2,3,BID
2020-10-30 10:46:23,CAT,153.35,4,ASK
2020-10-30 10:46:24,CAT,153.12,3,BID
2020-10-30 10:46:24,CAT,153.25,6,ASK
2020-10-30 10:46:24,CAT,153.12,3,BID
2020-10-30 10:46:24,CAT,153.25,6,ASK
2020-10-30 10:46:25,CAT,153.04,2,BID
2020-10-30 10:46:25,CAT,153.25,5,ASK
2020-10-30 10:46:26,CAT,153.06,1,BID
2020-10-30 10:46:26,CAT,153.24,3,ASK
2020-10-30 10:46:26,CAT,153.06,1,BID
2020-10-30 10:46:26,CAT,153.24,3,ASK
2020-10-30 10:46:28,CAT,153.04,2,BID
2020-10-30 10:46:28,CAT,153.24,3,ASK
2020-10-30 10:46:29,CAT,153.06,1,BID
2020-10-30 10:46:29,CAT,153.24,3,ASK
2020-10-30 10:46:30,CAT,153.06,1,BID
2020-10-30 10:46:30,CAT,153.24,3,ASK
2020-10-30 10:46:31,CAT,153.06,1,BID
2020-10-30 10:46:31,CAT,153.24,3,ASK
2020-10-30 10:46:32,CAT,153.06,1,BID
2020-10-30 10:46:31,CAT,153.23,2,ASK
2020-10-30 10:46:32,CAT,153.06,1,BID
2020-10-30 10:46:31,CAT,153.23,2,ASK
2020-10-30 10:46:35,CAT,153.06,8,BID
2020-10-30 10:46:35,CAT,153.23,4,ASK
2020-10-30 10:46:35,CAT,153.06,8,BID
2020-10-30 10:46:35,CAT,153.23,4,ASK
2020-10-30 10:46:37,CAT,153.16,2,BID
2020-10-30 10:46:37,CAT,153.37,5,ASK
2020-10-30 10:46:38,CAT,153.13,5,BID
2020-10-30 10:46:38,CAT,153.37,5,ASK
2020-10-30 10:46:38,CAT,153.13,5,BID
2020-10-30 10:46:38,CAT,153.37,5,ASK
2020-10-30 10:46:39,CAT,153.14,4,BID
2020-10-30 10:46:39,CAT,153.37,5,ASK
2020-10-30 10:46:39,CAT,153.14,4,BID
2020-10-30 10:46:39,CAT,153.37,5,ASK
2020-10-30 10:46:39,CAT,153.14,4,BID
2020-10-30 10:46:39,CAT,153.37,5,ASK
2020-10-30 10:46:39,CAT,153.14,4,BID
2020-10-30 10:46:39,CAT,153.37,5,ASK
2020-10-30 10:46:39,CAT,153.14,4,BID
2020-10-30 10:46:39,CAT,153.37,5,ASK
2020-10-30 10:46:39,CAT,153.14,4,BID
2020-10-30 10:46:45,CAT,153.37,5,ASK
2020-10-30 10:46:39,CAT,153.14,4,BID
2020-10-30 10:46:45,CAT,153.37,5,ASK
2020-10-30 10:46:39,CAT,153.14,4,BID
2020-10-30 10:46:45,CAT,153.37,5,ASK
2020-10-30 10:46:39,CAT,153.14,4,BID
2020-10-30 10:46:45,CAT,153.37,5,ASK
2020-10-30 10:46:39,CAT,153.14,4,BID
2020-10-30 10:46:45,CAT,153.37,5,ASK
2020-10-30 10:46:39,CAT,153.14,4,BID
2020-10-30 10:46:45,CAT,153.37,5,ASK
2020-10-30 10:46:39,CAT,153.14,4,BID
2020-10-30 10:46:45,CAT,153.37,5,ASK
2020-10-30 10:46:39,CAT,153.14,4,BID
2020-10-30 10:46:45,CAT,153.37,5,ASK
2020-10-30 10:46:39,CAT,153.14,4,BID
2020-10-30 10:46:45,CAT,153.37,5,ASK
2020-10-30 10:46:39,CAT,153.14,4,BID
2020-10-30 10:46:45,CAT,153.37,5,ASK
2020-10-30 10:46:39,CAT,153.14,4,BID
2020-10-30 10:46:45,CAT,153.37,5,ASK
2020-10-30 10:46:39,CAT,153.14,4,BID
2020-10-30 10:46:45,CAT,153.37,5,ASK
2020-10-30 10:46:39,CAT,153.14,4,BID
2020-10-30 10:46:45,CAT,153.37,5,ASK
2020-10-30 10:46:39,CAT,153.14,4,BID
2020-10-30 10:46:45,CAT,153.37,5,ASK
2020-10-30 10:46:39,CAT,153.14,4,BID
2020-10-30 10:46:45,CAT,153.37,5,ASK
2020-10-30 10:46:39,CAT,153.14,4,BID
2020-10-30 10:46:45,CAT,153.37,5,ASK
2020-10-30 10:46:39,CAT,153.14,4,BID
2020-10-30 10:46:45,CAT,153.37,5,ASK
2020-10-30 10:46:39,CAT,153.14,4,BID
2020-10-30 10:46:45,CAT,153.37,5,ASK
2020-10-30 10:46:39,CAT,153.14,4,BID
2020-10-30 10:46:45,CAT,153.37,5,ASK
2020-10-30 10:46:39,CAT,153.14,4,BID
2020-10-30 10:46:45,CAT,153.37,5,ASK
2020-10-30 10:46:39,CAT,153.14,4,BID
2020-10-30 10:46:45,CAT,153.37,5,ASK
2020-10-30 10:46:39,CAT,153.14,4,BID
2020-10-30 10:46:45,CAT,153.37,5,ASK
2020-10-30 10:46:39,CAT,153.14,4,BID
2020-10-30 10:46:45,CAT,153.37,5,ASK
2020-10-30 10:46:39,CAT,153.14,4,BID
2020-10-30 10:46:45,CAT,153.37,5,ASK
2020-10-30 10:46:39,CAT,153.14,4,BID
2020-10-30 10:46:45,CAT,153.37,5,ASK
2020-10-30 10:46:45,CAT,153.14,4,BID
2020-10-30 10:46:37,CAT,153.37,5,ASK
2020-10-30 10:46:45,CAT,153.14,4,BID
2020-10-30 10:46:37,CAT,153.37,5,ASK
2020-10-30 10:46:45,CAT,153.14,4,BID
2020-10-30 10:46:37,CAT,153.37,5,ASK
2020-10-30 10:46:45,CAT,153.14,4,BID
2020-10-30 10:46:37,CAT,153.37,5,ASK
2020-10-30 10:46:45,CAT,153.14,4,BID
2020-10-30 10:46:37,CAT,153.37,5,ASK
2020-10-30 10:46:45,CAT,153.14,4,BID
2020-10-30 10:46:37,CAT,153.37,5,ASK
2020-10-30 10:46:45,CAT,153.14,4,BID
2020-10-30 10:46:37,CAT,153.37,5,ASK
2020-10-30 10:46:45,CAT,153.14,4,BID
2020-10-30 10:46:37,CAT,153.37,5,ASK
2020-10-30 10:46:58,CAT,153.14,5,BID
2020-10-30 10:46:37,CAT,153.37,6,ASK
2020-10-30 10:46:58,CAT,153.14,5,BID
2020-10-30 10:46:37,CAT,153.37,6,ASK
2020-10-30 10:47:00,CAT,153.14,5,BID
2020-10-30 10:46:37,CAT,153.37,6,ASK
2020-10-30 10:47:00,CAT,153.14,5,BID
2020-10-30 10:46:37,CAT,153.37,6,ASK
2020-10-30 10:47:02,CAT,153.14,5,BID
2020-10-30 10:47:02,CAT,153.82,3,ASK
2020-10-30 10:47:02,CAT,153.14,5,BID
2020-10-30 10:47:02,CAT,153.37,6,ASK
2020-10-30 10:47:02,CAT,153.14,5,BID
2020-10-30 10:47:02,CAT,153.37,6,ASK
2020-10-30 10:47:02,CAT,153.14,5,BID
2020-10-30 10:47:02,CAT,153.37,6,ASK
2020-10-30 10:47:02,CAT,153.14,5,BID
2020-10-30 10:47:02,CAT,153.37,6,ASK
2020-10-30 10:47:02,CAT,153.14,5,BID
2020-10-30 10:47:02,CAT,153.37,6,ASK
2020-10-30 10:47:02,CAT,153.14,5,BID
2020-10-30 10:47:02,CAT,153.37,6,ASK
2020-10-30 10:47:07,CAT,153.14,9,BID
2020-10-30 10:47:02,CAT,153.37,6,ASK
2020-10-30 10:47:07,CAT,153.14,9,BID
2020-10-30 10:47:02,CAT,153.37,6,ASK
2020-10-30 10:47:07,CAT,153.14,9,BID
2020-10-30 10:47:02,CAT,153.37,6,ASK
2020-10-30 10:47:07,CAT,153.14,9,BID
2020-10-30 10:47:02,CAT,153.37,6,ASK
2020-10-30 10:47:07,CAT,153.14,9,BID
2020-10-30 10:47:02,CAT,153.37,6,ASK
2020-10-30 10:47:07,CAT,153.14,9,BID
2020-10-30 10:47:02,CAT,153.37,6,ASK
2020-10-30 10:47:07,CAT,153.14,9,BID
2020-10-30 10:47:02,CAT,153.37,6,ASK
2020-10-30 10:47:07,CAT,153.14,9,BID
2020-10-30 10:47:02,CAT,153.37,6,ASK
2020-10-30 10:47:07,CAT,153.14,9,BID
2020-10-30 10:47:02,CAT,153.37,6,ASK
2020-10-30 10:47:07,CAT,153.14,9,BID
2020-10-30 10:47:02,CAT,153.37,6,ASK
2020-10-30 10:47:07,CAT,153.14,9,BID
2020-10-30 10:47:02,CAT,153.37,6,ASK
2020-10-30 10:47:07,CAT,153.14,9,BID
2020-10-30 10:47:02,CAT,153.37,6,ASK
2020-10-30 10:47:10,CAT,153.14,8,BID
2020-10-30 10:47:02,CAT,153.37,7,ASK
2020-10-30 10:47:11,CAT,153.14,7,BID
2020-10-30 10:47:02,CAT,153.37,7,ASK
2020-10-30 10:47:11,CAT,153.14,7,BID
2020-10-30 10:47:02,CAT,153.37,7,ASK
2020-10-30 10:47:11,CAT,153.14,7,BID
2020-10-30 10:47:02,CAT,153.37,7,ASK
2020-10-30 10:47:13,CAT,153.14,7,BID
2020-10-30 10:47:13,CAT,153.36,3,ASK
2020-10-30 10:47:14,CAT,153.14,7,BID
2020-10-30 10:47:14,CAT,153.35,3,ASK
2020-10-30 10:47:16,CAT,153.14,7,BID
2020-10-30 10:47:16,CAT,153.35,3,ASK
2020-10-30 10:47:18,CAT,153.14,6,BID
2020-10-30 10:47:18,CAT,153.3,2,ASK
2020-10-30 10:47:20,CAT,153.14,6,BID
2020-10-30 10:47:20,CAT,153.29,3,ASK
2020-10-30 10:47:21,CAT,153.14,6,BID
2020-10-30 10:47:21,CAT,153.29,2,ASK
2020-10-30 10:47:21,CAT,153.14,6,BID
2020-10-30 10:47:21,CAT,153.29,2,ASK
2020-10-30 10:47:23,CAT,153.14,7,BID
2020-10-30 10:47:23,CAT,153.29,3,ASK
2020-10-30 10:47:23,CAT,153.14,7,BID
2020-10-30 10:47:23,CAT,153.29,3,ASK
2020-10-30 10:47:23,CAT,153.14,7,BID
2020-10-30 10:47:23,CAT,153.29,3,ASK
2020-10-30 10:47:23,CAT,153.14,7,BID
2020-10-30 10:47:23,CAT,153.29,3,ASK
2020-10-30 10:47:25,CAT,153.19,4,BID
2020-10-30 10:47:02,CAT,153.37,7,ASK
2020-10-30 10:47:27,CAT,153.22,2,BID
2020-10-30 10:47:02,CAT,153.37,7,ASK
2020-10-30 10:47:28,CAT,153.22,4,BID
2020-10-30 10:47:02,CAT,153.37,7,ASK
2020-10-30 10:47:29,CAT,153.22,4,BID
2020-10-30 10:47:29,CAT,153.36,3,ASK
2020-10-30 10:47:30,CAT,153.22,5,BID
2020-10-30 10:47:30,CAT,153.33,2,ASK
2020-10-30 10:47:30,CAT,153.22,5,BID
2020-10-30 10:47:32,CAT,153.35,4,ASK
2020-10-30 10:47:30,CAT,153.22,5,BID
2020-10-30 10:47:32,CAT,153.35,4,ASK
2020-10-30 10:47:30,CAT,153.22,5,BID
2020-10-30 10:47:32,CAT,153.35,4,ASK
2020-10-30 10:47:30,CAT,153.22,5,BID
2020-10-30 10:47:32,CAT,153.35,4,ASK
2020-10-30 10:47:30,CAT,153.22,5,BID
2020-10-30 10:47:36,CAT,153.35,4,ASK
2020-10-30 10:47:30,CAT,153.22,5,BID
2020-10-30 10:47:36,CAT,153.35,4,ASK
2020-10-30 10:47:37,CAT,153.19,3,BID
2020-10-30 10:47:37,CAT,153.29,2,ASK
2020-10-30 10:47:37,CAT,153.19,3,BID
2020-10-30 10:47:37,CAT,153.29,2,ASK
2020-10-30 10:47:37,CAT,153.19,3,BID
2020-10-30 10:47:37,CAT,153.29,2,ASK
2020-10-30 10:47:25,CAT,153.19,3,BID
2020-10-30 10:47:37,CAT,153.29,2,ASK
2020-10-30 10:47:41,CAT,153.2,6,BID
2020-10-30 10:47:41,CAT,153.35,3,ASK
2020-10-30 10:47:42,CAT,153.21,2,BID
2020-10-30 10:47:42,CAT,153.35,3,ASK
2020-10-30 10:47:43,CAT,153.2,6,BID
2020-10-30 10:47:43,CAT,153.35,3,ASK
2020-10-30 10:47:43,CAT,153.2,6,BID
2020-10-30 10:47:43,CAT,153.35,3,ASK
2020-10-30 10:47:45,CAT,153.2,5,BID
2020-10-30 10:47:45,CAT,153.34,3,ASK
2020-10-30 10:47:45,CAT,153.2,5,BID
2020-10-30 10:47:45,CAT,153.34,3,ASK
2020-10-30 10:47:47,CAT,153.2,5,BID
2020-10-30 10:47:47,CAT,153.34,3,ASK
2020-10-30 10:47:48,CAT,153.2,5,BID
2020-10-30 10:47:48,CAT,153.34,6,ASK
2020-10-30 10:47:48,CAT,153.2,5,BID
2020-10-30 10:47:48,CAT,153.34,6,ASK
2020-10-30 10:47:48,CAT,153.2,5,BID
2020-10-30 10:47:48,CAT,153.34,6,ASK
2020-10-30 10:47:51,CAT,153.2,5,BID
2020-10-30 10:47:51,CAT,153.3,3,ASK
2020-10-30 10:47:52,CAT,153.11,4,BID
2020-10-30 10:47:52,CAT,153.24,3,ASK
2020-10-30 10:47:52,CAT,153.11,4,BID
2020-10-30 10:47:52,CAT,153.24,3,ASK
2020-10-30 10:47:53,CAT,153.11,4,BID
2020-10-30 10:47:53,CAT,153.23,2,ASK
2020-10-30 10:47:53,CAT,153.11,4,BID
2020-10-30 10:47:53,CAT,153.23,2,ASK
2020-10-30 10:47:53,CAT,153.11,4,BID
2020-10-30 10:47:53,CAT,153.23,2,ASK
2020-10-30 10:47:55,CAT,153.11,4,BID
2020-10-30 10:47:55,CAT,153.23,4,ASK
2020-10-30 10:47:55,CAT,153.11,4,BID
2020-10-30 10:47:55,CAT,153.23,4,ASK
2020-10-30 10:47:58,CAT,153.03,1,BID
2020-10-30 10:47:58,CAT,153.23,4,ASK
2020-10-30 10:47:58,CAT,153.01,2,BID
2020-10-30 10:47:58,CAT,153.14,3,ASK
2020-10-30 10:47:58,CAT,153.01,2,BID
2020-10-30 10:47:58,CAT,153.14,3,ASK
2020-10-30 10:48:00,CAT,153.01,2,BID
2020-10-30 10:48:00,CAT,153.14,3,ASK
2020-10-30 10:48:00,CAT,153.01,2,BID
2020-10-30 10:48:00,CAT,153.14,3,ASK
2020-10-30 10:48:01,CAT,153.01,4,BID
2020-10-30 10:48:01,CAT,153.14,3,ASK
2020-10-30 10:48:01,CAT,153.01,3,BID
2020-10-30 10:48:02,CAT,153.13,2,ASK
2020-10-30 10:48:02,CAT,153.01,3,BID
2020-10-30 10:48:02,CAT,153.13,2,ASK
2020-10-30 10:48:02,CAT,153.01,3,BID
2020-10-30 10:48:02,CAT,153.13,2,ASK
2020-10-30 10:48:05,CAT,153.02,3,BID
2020-10-30 10:48:02,CAT,153.14,4,ASK
2020-10-30 10:48:08,CAT,153.04,1,BID
2020-10-30 10:48:02,CAT,153.14,4,ASK
2020-10-30 10:48:09,CAT,153.14,5,BID
2020-10-30 10:48:09,CAT,153.2,4,ASK
2020-10-30 10:48:09,CAT,153.14,4,BID
2020-10-30 10:48:09,CAT,153.2,4,ASK
2020-10-30 10:48:10,CAT,153.08,4,BID
2020-10-30 10:48:10,CAT,153.19,2,ASK
2020-10-30 10:48:12,CAT,153.09,4,BID
2020-10-30 10:48:12,CAT,153.19,2,ASK
2020-10-30 10:48:13,CAT,153.09,4,BID
2020-10-30 10:48:13,CAT,153.24,4,ASK
2020-10-30 10:48:14,CAT,153.09,3,BID
2020-10-30 10:48:14,CAT,153.24,4,ASK
2020-10-30 10:48:14,CAT,153.09,3,BID
2020-10-30 10:48:14,CAT,153.24,4,ASK
2020-10-30 10:48:16,CAT,153.09,3,BID
2020-10-30 10:48:16,CAT,153.23,2,ASK
2020-10-30 10:48:17,CAT,153.09,3,BID
2020-10-30 10:48:17,CAT,153.23,2,ASK
2020-10-30 10:48:19,CAT,153.1,2,BID
2020-10-30 10:48:19,CAT,153.23,2,ASK
2020-10-30 10:48:19,CAT,153.1,2,BID
2020-10-30 10:48:19,CAT,153.23,2,ASK
2020-10-30 10:48:19,CAT,153.1,2,BID
2020-10-30 10:48:19,CAT,153.23,2,ASK
2020-10-30 10:48:19,CAT,153.1,2,BID
2020-10-30 10:48:19,CAT,153.23,2,ASK
2020-10-30 10:48:19,CAT,153.1,2,BID
2020-10-30 10:48:23,CAT,153.23,2,ASK
2020-10-30 10:48:24,CAT,153.09,1,BID
2020-10-30 10:48:24,CAT,153.17,2,ASK
2020-10-30 10:48:24,CAT,153.09,1,BID
2020-10-30 10:48:24,CAT,153.17,2,ASK
2020-10-30 10:48:26,CAT,153.09,2,BID
2020-10-30 10:48:26,CAT,153.17,2,ASK
2020-10-30 10:48:26,CAT,153.09,2,BID
2020-10-30 10:48:27,CAT,153.17,3,ASK
2020-10-30 10:48:26,CAT,153.09,2,BID
2020-10-30 10:48:30,CAT,153.17,2,ASK
2020-10-30 10:48:26,CAT,153.09,2,BID
2020-10-30 10:48:31,CAT,153.17,2,ASK
2020-10-30 10:48:26,CAT,153.09,2,BID
2020-10-30 10:48:31,CAT,153.17,2,ASK
2020-10-30 10:48:34,CAT,153.09,3,BID
2020-10-30 10:48:34,CAT,153.17,2,ASK
2020-10-30 10:48:35,CAT,153.09,3,BID
2020-10-30 10:48:35,CAT,153.17,4,ASK
2020-10-30 10:48:37,CAT,153.09,3,BID
2020-10-30 10:48:35,CAT,153.17,4,ASK
2020-10-30 10:48:37,CAT,153.09,3,BID
2020-10-30 10:48:35,CAT,153.17,4,ASK
2020-10-30 10:48:37,CAT,153.09,3,BID
2020-10-30 10:48:35,CAT,153.17,4,ASK
2020-10-30 10:48:37,CAT,153.09,4,BID
2020-10-30 10:48:35,CAT,153.17,4,ASK
2020-10-30 10:48:37,CAT,153.09,4,BID
2020-10-30 10:48:35,CAT,153.17,4,ASK
2020-10-30 10:48:37,CAT,153.09,4,BID
2020-10-30 10:48:35,CAT,153.17,4,ASK
2020-10-30 10:48:46,CAT,153.07,3,BID
2020-10-30 10:48:46,CAT,153.13,2,ASK
2020-10-30 10:48:46,CAT,153.07,3,BID
2020-10-30 10:48:47,CAT,153.13,3,ASK
2020-10-30 10:48:46,CAT,153.07,3,BID
2020-10-30 10:48:48,CAT,153.13,3,ASK
2020-10-30 10:48:50,CAT,153.07,3,BID
2020-10-30 10:48:50,CAT,153.13,4,ASK
2020-10-30 10:48:50,CAT,153.07,3,BID
2020-10-30 10:48:50,CAT,153.13,4,ASK
2020-10-30 10:48:53,CAT,153.07,3,BID
2020-10-30 10:48:53,CAT,153.17,5,ASK
2020-10-30 10:48:53,CAT,153.07,3,BID
2020-10-30 10:48:54,CAT,153.17,6,ASK
2020-10-30 10:48:53,CAT,153.07,3,BID
2020-10-30 10:48:54,CAT,153.17,6,ASK
2020-10-30 10:48:53,CAT,153.07,3,BID
2020-10-30 10:48:54,CAT,153.17,6,ASK
2020-10-30 10:48:53,CAT,153.07,3,BID
2020-10-30 10:48:54,CAT,153.17,6,ASK
2020-10-30 10:48:53,CAT,153.07,4,BID
2020-10-30 10:48:54,CAT,153.17,6,ASK
2020-10-30 10:48:53,CAT,153.07,4,BID
2020-10-30 10:48:54,CAT,153.17,6,ASK
2020-10-30 10:49:01,CAT,153.07,3,BID
2020-10-30 10:49:01,CAT,153.17,8,ASK
2020-10-30 10:49:01,CAT,153.07,3,BID
2020-10-30 10:49:01,CAT,153.17,8,ASK
2020-10-30 10:49:01,CAT,153.07,3,BID
2020-10-30 10:49:01,CAT,153.17,8,ASK
2020-10-30 10:49:01,CAT,153.07,3,BID
2020-10-30 10:49:01,CAT,153.17,8,ASK
2020-10-30 10:49:01,CAT,153.07,3,BID
2020-10-30 10:49:01,CAT,153.17,8,ASK
2020-10-30 10:49:01,CAT,153.07,3,BID
2020-10-30 10:49:01,CAT,153.17,8,ASK
2020-10-30 10:49:01,CAT,153.07,3,BID
2020-10-30 10:49:01,CAT,153.17,8,ASK
2020-10-30 10:49:01,CAT,153.07,3,BID
2020-10-30 10:49:01,CAT,153.17,8,ASK
2020-10-30 10:49:01,CAT,153.07,3,BID
2020-10-30 10:49:01,CAT,153.17,8,ASK
2020-10-30 10:49:01,CAT,153.07,3,BID
2020-10-30 10:49:01,CAT,153.17,8,ASK
2020-10-30 10:49:01,CAT,153.07,3,BID
2020-10-30 10:49:01,CAT,153.17,8,ASK
2020-10-30 10:49:01,CAT,153.07,3,BID
2020-10-30 10:49:01,CAT,153.17,8,ASK
2020-10-30 10:49:01,CAT,153.07,3,BID
2020-10-30 10:49:01,CAT,153.17,8,ASK
2020-10-30 10:49:01,CAT,153.07,3,BID
2020-10-30 10:49:01,CAT,153.17,8,ASK
2020-10-30 10:49:01,CAT,153.07,3,BID
2020-10-30 10:49:01,CAT,153.17,8,ASK
2020-10-30 10:49:01,CAT,153.07,3,BID
2020-10-30 10:49:01,CAT,153.17,8,ASK
2020-10-30 10:49:01,CAT,153.07,3,BID
2020-10-30 10:49:01,CAT,153.17,8,ASK
2020-10-30 10:49:01,CAT,153.07,3,BID
2020-10-30 10:49:01,CAT,153.17,8,ASK
2020-10-30 10:49:01,CAT,153.07,3,BID
2020-10-30 10:49:01,CAT,153.17,8,ASK
2020-10-30 10:49:01,CAT,153.07,3,BID
2020-10-30 10:49:01,CAT,153.17,8,ASK
2020-10-30 10:49:01,CAT,153.07,3,BID
2020-10-30 10:49:01,CAT,153.17,8,ASK
2020-10-30 10:49:01,CAT,153.07,3,BID
2020-10-30 10:49:01,CAT,153.17,8,ASK
2020-10-30 10:49:01,CAT,153.07,3,BID
2020-10-30 10:49:01,CAT,153.17,8,ASK
2020-10-30 10:49:01,CAT,153.07,3,BID
2020-10-30 10:49:01,CAT,153.17,8,ASK
2020-10-30 10:49:01,CAT,153.07,3,BID
2020-10-30 10:49:01,CAT,153.17,8,ASK
2020-10-30 10:49:01,CAT,153.07,3,BID
2020-10-30 10:49:01,CAT,153.17,8,ASK
2020-10-30 10:49:08,CAT,153.09,2,BID
2020-10-30 10:49:08,CAT,153.3,1,ASK
2020-10-30 10:49:08,CAT,153.09,2,BID
2020-10-30 10:49:08,CAT,153.3,3,ASK
2020-10-30 10:49:11,CAT,153.1,3,BID
2020-10-30 10:49:11,CAT,153.31,5,ASK
2020-10-30 10:49:11,CAT,153.1,3,BID
2020-10-30 10:49:11,CAT,153.31,5,ASK
2020-10-30 10:49:13,CAT,153.1,3,BID
2020-10-30 10:49:13,CAT,153.3,1,ASK
2020-10-30 10:49:14,CAT,153.1,3,BID
2020-10-30 10:49:14,CAT,153.3,2,ASK
2020-10-30 10:49:14,CAT,153.1,3,BID
2020-10-30 10:49:14,CAT,153.3,2,ASK
2020-10-30 10:49:16,CAT,153.1,4,BID
2020-10-30 10:49:16,CAT,153.28,2,ASK
2020-10-30 10:49:16,CAT,153.1,4,BID
2020-10-30 10:49:16,CAT,153.28,2,ASK
2020-10-30 10:49:16,CAT,153.1,4,BID
2020-10-30 10:49:16,CAT,153.28,2,ASK
2020-10-30 10:49:16,CAT,153.1,4,BID
2020-10-30 10:49:19,CAT,153.28,2,ASK
2020-10-30 10:49:20,CAT,153.1,4,BID
2020-10-30 10:49:20,CAT,153.28,2,ASK
2020-10-30 10:49:20,CAT,153.1,4,BID
2020-10-30 10:49:20,CAT,153.28,2,ASK
2020-10-30 10:49:23,CAT,153.1,4,BID
2020-10-30 10:49:23,CAT,153.28,2,ASK
2020-10-30 10:49:24,CAT,153.1,4,BID
2020-10-30 10:49:24,CAT,153.28,2,ASK
2020-10-30 10:49:25,CAT,153.1,4,BID
2020-10-30 10:49:25,CAT,153.28,2,ASK
2020-10-30 10:49:25,CAT,153.1,4,BID
2020-10-30 10:49:26,CAT,153.28,4,ASK
2020-10-30 10:49:25,CAT,153.1,4,BID
2020-10-30 10:49:29,CAT,153.27,4,ASK
2020-10-30 10:49:30,CAT,153.15,3,BID
2020-10-30 10:49:30,CAT,153.27,4,ASK
2020-10-30 10:49:32,CAT,153.16,4,BID
2020-10-30 10:49:32,CAT,153.28,6,ASK
2020-10-30 10:49:32,CAT,153.2,1,BID
2020-10-30 10:49:32,CAT,153.28,6,ASK
2020-10-30 10:49:32,CAT,153.2,1,BID
2020-10-30 10:49:32,CAT,153.28,6,ASK
2020-10-30 10:49:32,CAT,153.2,1,BID
2020-10-30 10:49:32,CAT,153.28,6,ASK
2020-10-30 10:49:32,CAT,153.2,1,BID
2020-10-30 10:49:32,CAT,153.28,6,ASK
2020-10-30 10:49:32,CAT,153.2,1,BID
2020-10-30 10:49:32,CAT,153.28,6,ASK
2020-10-30 10:49:32,CAT,153.2,1,BID
2020-10-30 10:49:32,CAT,153.28,6,ASK
2020-10-30 10:49:37,CAT,153.19,2,BID
2020-10-30 10:49:32,CAT,153.28,6,ASK
2020-10-30 10:49:37,CAT,153.19,2,BID
2020-10-30 10:49:32,CAT,153.28,6,ASK
2020-10-30 10:49:37,CAT,153.19,2,BID
2020-10-30 10:49:32,CAT,153.28,6,ASK
2020-10-30 10:49:38,CAT,153.19,2,BID
2020-10-30 10:49:32,CAT,153.28,7,ASK
2020-10-30 10:49:38,CAT,153.19,2,BID
2020-10-30 10:49:32,CAT,153.28,7,ASK
2020-10-30 10:49:40,CAT,153.12,2,BID
2020-10-30 10:49:40,CAT,153.2,2,ASK
2020-10-30 10:49:40,CAT,153.12,2,BID
2020-10-30 10:49:40,CAT,153.2,2,ASK
2020-10-30 10:49:32,CAT,153.07,5,BID
2020-10-30 10:49:44,CAT,153.2,2,ASK
2020-10-30 10:49:32,CAT,153.07,5,BID
2020-10-30 10:49:44,CAT,153.2,2,ASK
2020-10-30 10:49:47,CAT,153.07,6,BID
2020-10-30 10:49:47,CAT,153.2,5,ASK
2020-10-30 10:49:47,CAT,153.07,6,BID
2020-10-30 10:49:47,CAT,153.2,5,ASK
2020-10-30 10:49:47,CAT,153.07,6,BID
2020-10-30 10:49:49,CAT,153.2,5,ASK
2020-10-30 10:49:47,CAT,153.07,6,BID
2020-10-30 10:49:49,CAT,153.2,5,ASK
2020-10-30 10:49:47,CAT,153.07,6,BID
2020-10-30 10:49:49,CAT,153.2,5,ASK
2020-10-30 10:49:47,CAT,153.07,6,BID
2020-10-30 10:49:49,CAT,153.2,5,ASK
2020-10-30 10:49:47,CAT,153.07,6,BID
2020-10-30 10:49:49,CAT,153.2,5,ASK
2020-10-30 10:49:47,CAT,153.07,6,BID
2020-10-30 10:49:55,CAT,153.2,5,ASK
2020-10-30 10:49:47,CAT,153.07,6,BID
2020-10-30 10:49:56,CAT,153.19,2,ASK
2020-10-30 10:49:47,CAT,153.07,6,BID
2020-10-30 10:49:56,CAT,153.19,2,ASK
2020-10-30 10:49:47,CAT,153.07,6,BID
2020-10-30 10:50:00,CAT,153.19,5,ASK
2020-10-30 10:49:47,CAT,153.07,6,BID
2020-10-30 10:50:00,CAT,153.19,5,ASK
2020-10-30 10:49:47,CAT,153.07,6,BID
2020-10-30 10:50:00,CAT,153.19,5,ASK
2020-10-30 10:49:47,CAT,153.07,6,BID
2020-10-30 10:50:00,CAT,153.19,5,ASK
2020-10-30 10:49:47,CAT,153.07,6,BID
2020-10-30 10:50:03,CAT,153.19,6,ASK
2020-10-30 10:49:47,CAT,153.07,6,BID
2020-10-30 10:50:03,CAT,153.19,6,ASK
2020-10-30 10:50:04,CAT,153.0,11,BID
2020-10-30 10:50:04,CAT,153.12,3,ASK
2020-10-30 10:50:05,CAT,153.01,2,BID
2020-10-30 10:50:05,CAT,153.12,3,ASK
2020-10-30 10:50:05,CAT,153.01,2,BID
2020-10-30 10:50:05,CAT,153.12,3,ASK
2020-10-30 10:50:05,CAT,153.01,2,BID
2020-10-30 10:50:05,CAT,153.12,3,ASK
2020-10-30 10:50:08,CAT,153.01,2,BID
2020-10-30 10:50:08,CAT,153.12,3,ASK
2020-10-30 10:50:08,CAT,153.01,2,BID
2020-10-30 10:50:08,CAT,153.12,3,ASK
2020-10-30 10:50:08,CAT,153.01,2,BID
2020-10-30 10:50:08,CAT,153.12,3,ASK
2020-10-30 10:50:08,CAT,153.01,2,BID
2020-10-30 10:50:08,CAT,153.12,3,ASK
2020-10-30 10:50:08,CAT,153.01,2,BID
2020-10-30 10:50:08,CAT,153.12,3,ASK
2020-10-30 10:50:12,CAT,153.01,5,BID
2020-10-30 10:50:12,CAT,153.19,1,ASK
2020-10-30 10:50:12,CAT,153.01,5,BID
2020-10-30 10:50:12,CAT,153.19,1,ASK
2020-10-30 10:50:12,CAT,153.01,5,BID
2020-10-30 10:50:12,CAT,153.19,1,ASK
2020-10-30 10:50:15,CAT,153.02,2,BID
2020-10-30 10:50:15,CAT,153.19,1,ASK
2020-10-30 10:50:15,CAT,153.02,2,BID
2020-10-30 10:50:15,CAT,153.19,1,ASK
2020-10-30 10:50:15,CAT,153.02,2,BID
2020-10-30 10:50:15,CAT,153.19,1,ASK
2020-10-30 10:50:15,CAT,153.02,2,BID
2020-10-30 10:50:15,CAT,153.19,1,ASK
2020-10-30 10:50:20,CAT,153.02,2,BID
2020-10-30 10:50:20,CAT,153.19,2,ASK
2020-10-30 10:50:20,CAT,153.02,2,BID
2020-10-30 10:50:20,CAT,153.19,2,ASK
2020-10-30 10:50:20,CAT,153.02,2,BID
2020-10-30 10:50:20,CAT,153.19,2,ASK
2020-10-30 10:50:25,CAT,153.02,2,BID
2020-10-30 10:50:20,CAT,153.19,2,ASK
2020-10-30 10:50:26,CAT,153.02,2,BID
2020-10-30 10:50:26,CAT,153.19,4,ASK
2020-10-30 10:50:26,CAT,153.02,2,BID
2020-10-30 10:50:26,CAT,153.19,4,ASK
2020-10-30 10:50:26,CAT,153.02,2,BID
2020-10-30 10:50:26,CAT,153.19,4,ASK
2020-10-30 10:50:29,CAT,153.02,3,BID
2020-10-30 10:50:29,CAT,153.19,4,ASK
2020-10-30 10:50:30,CAT,153.02,5,BID
2020-10-30 10:50:30,CAT,153.19,4,ASK
2020-10-30 10:50:32,CAT,153.03,3,BID
2020-10-30 10:50:31,CAT,153.19,6,ASK
2020-10-30 10:50:33,CAT,153.03,3,BID
2020-10-30 10:50:33,CAT,153.19,6,ASK
2020-10-30 10:50:34,CAT,153.03,6,BID
2020-10-30 10:50:34,CAT,153.19,6,ASK
2020-10-30 10:50:34,CAT,153.03,6,BID
2020-10-30 10:50:34,CAT,153.19,6,ASK
2020-10-30 10:50:34,CAT,153.03,6,BID
2020-10-30 10:50:34,CAT,153.19,6,ASK
2020-10-30 10:50:36,CAT,153.04,3,BID
2020-10-30 10:50:34,CAT,153.19,6,ASK
2020-10-30 10:50:38,CAT,153.04,6,BID
2020-10-30 10:50:34,CAT,153.19,6,ASK
2020-10-30 10:50:38,CAT,153.04,5,BID
2020-10-30 10:50:34,CAT,153.19,6,ASK
2020-10-30 10:50:38,CAT,153.04,5,BID
2020-10-30 10:50:34,CAT,153.19,6,ASK
2020-10-30 10:50:38,CAT,153.04,5,BID
2020-10-30 10:50:34,CAT,153.19,7,ASK
2020-10-30 10:50:38,CAT,153.04,5,BID
2020-10-30 10:50:34,CAT,153.19,7,ASK
2020-10-30 10:50:45,CAT,153.04,5,BID
2020-10-30 10:50:34,CAT,153.19,7,ASK
2020-10-30 10:50:46,CAT,153.04,8,BID
2020-10-30 10:50:34,CAT,153.19,7,ASK
2020-10-30 10:50:46,CAT,153.04,8,BID
2020-10-30 10:50:34,CAT,153.19,7,ASK
2020-10-30 10:50:50,CAT,153.04,7,BID
2020-10-30 10:50:34,CAT,153.19,7,ASK
2020-10-30 10:50:50,CAT,153.04,7,BID
2020-10-30 10:50:34,CAT,153.19,7,ASK
2020-10-30 10:50:54,CAT,153.04,7,BID
2020-10-30 10:50:34,CAT,153.19,7,ASK
2020-10-30 10:50:54,CAT,153.04,7,BID
2020-10-30 10:50:34,CAT,153.19,7,ASK
2020-10-30 10:50:54,CAT,153.04,7,BID
2020-10-30 10:50:34,CAT,153.19,7,ASK
2020-10-30 10:50:54,CAT,153.04,7,BID
2020-10-30 10:50:34,CAT,153.19,7,ASK
2020-10-30 10:50:58,CAT,153.14,2,BID
2020-10-30 10:50:58,CAT,153.27,4,ASK
2020-10-30 10:50:59,CAT,153.14,2,BID
2020-10-30 10:49:32,CAT,153.35,4,ASK
2020-10-30 10:51:00,CAT,153.14,2,BID
2020-10-30 10:51:00,CAT,153.29,1,ASK
2020-10-30 10:51:00,CAT,153.14,3,BID
2020-10-30 10:51:01,CAT,153.29,1,ASK
2020-10-30 10:51:00,CAT,153.14,3,BID
2020-10-30 10:51:02,CAT,153.32,1,ASK
2020-10-30 10:51:03,CAT,153.15,3,BID
2020-10-30 10:51:03,CAT,153.32,2,ASK
2020-10-30 10:51:03,CAT,153.15,3,BID
2020-10-30 10:51:03,CAT,153.33,4,ASK
2020-10-30 10:51:04,CAT,153.16,1,BID
2020-10-30 10:51:03,CAT,153.33,4,ASK
2020-10-30 10:51:04,CAT,153.17,2,BID
2020-10-30 10:51:04,CAT,153.35,5,ASK
2020-10-30 10:51:06,CAT,153.18,3,BID
2020-10-30 10:51:04,CAT,153.35,5,ASK
2020-10-30 10:51:06,CAT,153.18,3,BID
2020-10-30 10:51:04,CAT,153.35,5,ASK
2020-10-30 10:51:06,CAT,153.18,3,BID
2020-10-30 10:51:04,CAT,153.35,5,ASK
2020-10-30 10:51:09,CAT,153.18,5,BID
2020-10-30 10:51:09,CAT,153.34,3,ASK
2020-10-30 10:51:09,CAT,153.18,5,BID
2020-10-30 10:51:09,CAT,153.34,3,ASK
2020-10-30 10:51:12,CAT,153.19,5,BID
2020-10-30 10:51:12,CAT,153.34,3,ASK
2020-10-30 10:51:14,CAT,153.19,7,BID
2020-10-30 10:51:14,CAT,153.34,5,ASK
2020-10-30 10:51:14,CAT,153.19,7,BID
2020-10-30 10:51:14,CAT,153.34,5,ASK
2020-10-30 10:51:14,CAT,153.19,7,BID
2020-10-30 10:51:14,CAT,153.34,5,ASK
2020-10-30 10:51:19,CAT,153.23,1,BID
2020-10-30 10:51:19,CAT,153.31,2,ASK
2020-10-30 10:51:19,CAT,153.23,5,BID
2020-10-30 10:51:19,CAT,153.45,1,ASK
2020-10-30 10:51:19,CAT,153.23,7,BID
2020-10-30 10:51:19,CAT,153.49,2,ASK
2020-10-30 10:51:20,CAT,153.34,1,BID
2020-10-30 10:51:20,CAT,153.5,2,ASK
2020-10-30 10:51:20,CAT,153.25,3,BID
2020-10-30 10:51:20,CAT,153.5,2,ASK
2020-10-30 10:51:20,CAT,153.27,1,BID
2020-10-30 10:51:20,CAT,153.5,2,ASK
2020-10-30 10:51:21,CAT,153.28,4,BID
2020-10-30 10:51:21,CAT,153.5,2,ASK
2020-10-30 10:51:21,CAT,153.34,2,BID
2020-10-30 10:51:22,CAT,153.5,3,ASK
2020-10-30 10:51:22,CAT,153.34,2,BID
