timestamp,ticker,price,volume,bid_ask
2020-10-30 10:31:06,CSCO,35.66,60,BID
2020-10-30 10:31:26,CSCO,35.67,21,ASK
2020-10-30 10:31:06,CSCO,35.66,60,BID
2020-10-30 10:31:27,CSCO,35.67,22,ASK
2020-10-30 10:31:06,CSCO,35.66,60,BID
2020-10-30 10:31:29,CSCO,35.67,23,ASK
2020-10-30 10:31:06,CSCO,35.66,60,BID
2020-10-30 10:31:30,CSCO,35.67,14,ASK
2020-10-30 10:31:06,CSCO,35.66,60,BID
2020-10-30 10:31:31,CSCO,35.67,22,ASK
2020-10-30 10:31:06,CSCO,35.66,61,BID
2020-10-30 10:31:32,CSCO,35.67,23,ASK
2020-10-30 10:31:06,CSCO,35.66,23,BID
2020-10-30 10:31:32,CSCO,35.67,54,ASK
2020-10-30 10:31:33,CSCO,35.65,40,BID
2020-10-30 10:31:33,CSCO,35.66,55,ASK
2020-10-30 10:31:35,CSCO,35.65,40,BID
2020-10-30 10:31:34,CSCO,35.66,52,ASK
2020-10-30 10:31:36,CSCO,35.65,49,BID
2020-10-30 10:31:34,CSCO,35.66,61,ASK
2020-10-30 10:31:37,CSCO,35.65,47,BID
2020-10-30 10:31:34,CSCO,35.66,56,ASK
2020-10-30 10:31:37,CSCO,35.65,47,BID
2020-10-30 10:31:34,CSCO,35.66,56,ASK
2020-10-30 10:31:38,CSCO,35.66,16,BID
2020-10-30 10:31:39,CSCO,35.67,64,ASK
2020-10-30 10:31:38,CSCO,35.66,15,BID
2020-10-30 10:31:40,CSCO,35.67,65,ASK
2020-10-30 10:31:41,CSCO,35.66,22,BID
2020-10-30 10:31:41,CSCO,35.67,61,ASK
2020-10-30 10:31:41,CSCO,35.66,15,BID
2020-10-30 10:31:42,CSCO,35.67,60,ASK
2020-10-30 10:31:41,CSCO,35.66,21,BID
2020-10-30 10:31:43,CSCO,35.67,59,ASK
2020-10-30 10:31:41,CSCO,35.66,57,BID
2020-10-30 10:31:44,CSCO,35.67,19,ASK
2020-10-30 10:31:41,CSCO,35.66,60,BID
2020-10-30 10:31:44,CSCO,35.67,26,ASK
2020-10-30 10:31:41,CSCO,35.66,61,BID
2020-10-30 10:31:44,CSCO,35.67,23,ASK
2020-10-30 10:31:41,CSCO,35.66,48,BID
2020-10-30 10:31:46,CSCO,35.67,65,ASK
2020-10-30 10:31:41,CSCO,35.66,26,BID
2020-10-30 10:31:46,CSCO,35.67,69,ASK
2020-10-30 10:31:41,CSCO,35.66,19,BID
2020-10-30 10:31:46,CSCO,35.67,80,ASK
2020-10-30 10:31:41,CSCO,35.66,10,BID
2020-10-30 10:31:46,CSCO,35.67,78,ASK
2020-10-30 10:31:41,CSCO,35.66,18,BID
2020-10-30 10:31:46,CSCO,35.67,72,ASK
2020-10-30 10:31:41,CSCO,35.66,24,BID
2020-10-30 10:31:46,CSCO,35.67,67,ASK
2020-10-30 10:31:41,CSCO,35.66,17,BID
2020-10-30 10:31:46,CSCO,35.67,74,ASK
2020-10-30 10:31:41,CSCO,35.66,50,BID
2020-10-30 10:31:53,CSCO,35.67,51,ASK
2020-10-30 10:31:41,CSCO,35.66,26,BID
2020-10-30 10:31:53,CSCO,35.67,77,ASK
2020-10-30 10:31:41,CSCO,35.66,21,BID
2020-10-30 10:31:53,CSCO,35.67,88,ASK
2020-10-30 10:31:41,CSCO,35.66,21,BID
2020-10-30 10:31:53,CSCO,35.67,87,ASK
2020-10-30 10:31:58,CSCO,35.65,44,BID
2020-10-30 10:31:58,CSCO,35.66,53,ASK
2020-10-30 10:31:58,CSCO,35.65,23,BID
2020-10-30 10:31:58,CSCO,35.66,42,ASK
2020-10-30 10:32:00,CSCO,35.65,25,BID
2020-10-30 10:32:00,CSCO,35.66,69,ASK
2020-10-30 10:32:00,CSCO,35.65,21,BID
2020-10-30 10:32:00,CSCO,35.65,23,ASK
2020-10-30 09:37:26,CSCO,35.64,27,BID
2020-10-30 10:32:00,CSCO,35.65,88,ASK
2020-10-30 10:32:01,CSCO,35.64,17,BID
2020-10-30 10:32:00,CSCO,35.65,103,ASK
2020-10-30 10:32:01,CSCO,35.63,26,BID
2020-10-30 10:32:01,CSCO,35.64,81,ASK
2020-10-30 10:32:01,CSCO,35.62,51,BID
2020-10-30 10:32:01,CSCO,35.63,56,ASK
2020-10-30 10:32:01,CSCO,35.62,47,BID
2020-10-30 10:32:01,CSCO,35.63,58,ASK
2020-10-30 10:32:03,CSCO,35.62,28,BID
2020-10-30 10:32:01,CSCO,35.63,84,ASK
2020-10-30 10:32:03,CSCO,35.62,30,BID
2020-10-30 10:32:01,CSCO,35.63,84,ASK
2020-10-30 10:32:04,CSCO,35.63,26,BID
2020-10-30 10:32:01,CSCO,35.64,75,ASK
2020-10-30 10:32:03,CSCO,35.62,65,BID
2020-10-30 10:32:05,CSCO,35.63,24,ASK
2020-10-30 10:32:06,CSCO,35.63,24,BID
2020-10-30 10:32:01,CSCO,35.64,81,ASK
2020-10-30 10:32:08,CSCO,35.63,21,BID
2020-10-30 10:32:01,CSCO,35.64,87,ASK
2020-10-30 10:32:09,CSCO,35.63,47,BID
2020-10-30 10:32:01,CSCO,35.64,64,ASK
2020-10-30 10:32:09,CSCO,35.63,14,BID
2020-10-30 10:32:01,CSCO,35.64,93,ASK
2020-10-30 10:32:11,CSCO,35.63,24,BID
2020-10-30 10:32:01,CSCO,35.64,89,ASK
2020-10-30 10:32:03,CSCO,35.62,65,BID
2020-10-30 10:32:12,CSCO,35.63,90,ASK
2020-10-30 10:32:03,CSCO,35.62,54,BID
2020-10-30 10:32:12,CSCO,35.63,51,ASK
2020-10-30 10:32:03,CSCO,35.62,62,BID
2020-10-30 10:32:13,CSCO,35.63,58,ASK
2020-10-30 10:32:03,CSCO,35.62,58,BID
2020-10-30 10:32:15,CSCO,35.63,55,ASK
2020-10-30 10:32:03,CSCO,35.62,27,BID
2020-10-30 10:32:16,CSCO,35.63,79,ASK
2020-10-30 10:32:03,CSCO,35.62,50,BID
2020-10-30 10:32:17,CSCO,35.63,60,ASK
2020-10-30 10:32:03,CSCO,35.62,22,BID
2020-10-30 10:32:12,CSCO,35.63,87,ASK
2020-10-30 09:31:54,CSCO,35.61,37,BID
2020-10-30 10:32:19,CSCO,35.62,65,ASK
2020-10-30 09:31:43,CSCO,35.6,40,BID
2020-10-30 10:32:20,CSCO,35.61,25,ASK
2020-10-30 09:31:43,CSCO,35.6,32,BID
2020-10-30 10:32:20,CSCO,35.61,30,ASK
2020-10-30 09:31:43,CSCO,35.6,31,BID
2020-10-30 10:32:20,CSCO,35.61,15,ASK
2020-10-30 09:31:43,CSCO,35.6,39,BID
2020-10-30 10:32:21,CSCO,35.61,23,ASK
2020-10-30 09:31:43,CSCO,35.6,39,BID
2020-10-30 10:32:21,CSCO,35.61,21,ASK
2020-10-30 09:31:43,CSCO,35.6,39,BID
2020-10-30 10:32:21,CSCO,35.61,32,ASK
2020-10-30 09:31:43,CSCO,35.6,39,BID
2020-10-30 10:32:21,CSCO,35.61,29,ASK
2020-10-30 09:31:43,CSCO,35.6,39,BID
2020-10-30 10:32:21,CSCO,35.61,15,ASK
2020-10-30 09:31:43,CSCO,35.6,13,BID
2020-10-30 10:32:21,CSCO,35.61,57,ASK
2020-10-30 10:32:24,CSCO,35.6,8,BID
2020-10-30 10:32:24,CSCO,35.6,21,ASK
2020-10-30 09:31:43,CSCO,35.59,24,BID
2020-10-30 10:32:25,CSCO,35.6,64,ASK
2020-10-30 10:32:25,CSCO,35.59,42,BID
2020-10-30 10:32:25,CSCO,35.6,54,ASK
2020-10-30 10:32:25,CSCO,35.59,49,BID
2020-10-30 10:32:25,CSCO,35.6,47,ASK
2020-10-30 10:32:25,CSCO,35.59,49,BID
2020-10-30 10:32:26,CSCO,35.6,54,ASK
2020-10-30 10:32:25,CSCO,35.59,12,BID
2020-10-30 10:32:26,CSCO,35.6,113,ASK
2020-10-30 10:32:25,CSCO,35.59,11,BID
2020-10-30 10:32:27,CSCO,35.59,55,ASK
2020-10-30 09:31:35,CSCO,35.57,52,BID
2020-10-30 10:32:27,CSCO,35.59,103,ASK
2020-10-30 10:32:27,CSCO,35.58,45,BID
2020-10-30 10:32:27,CSCO,35.59,54,ASK
2020-10-30 10:32:28,CSCO,35.58,56,BID
2020-10-30 10:32:27,CSCO,35.59,36,ASK
2020-10-30 10:32:28,CSCO,35.58,56,BID
2020-10-30 10:32:27,CSCO,35.59,29,ASK
2020-10-30 10:32:31,CSCO,35.58,75,BID
2020-10-30 10:32:31,CSCO,35.59,4,ASK
2020-10-30 10:32:31,CSCO,35.59,76,BID
2020-10-30 10:32:31,CSCO,35.6,30,ASK
2020-10-30 10:32:31,CSCO,35.6,71,BID
2020-10-30 10:32:21,CSCO,35.61,29,ASK
2020-10-30 10:32:31,CSCO,35.6,81,BID
2020-10-30 10:32:31,CSCO,35.61,35,ASK
2020-10-30 10:32:31,CSCO,35.6,93,BID
2020-10-30 10:32:32,CSCO,35.61,13,ASK
2020-10-30 10:32:33,CSCO,35.61,26,BID
2020-10-30 10:32:33,CSCO,35.62,87,ASK
2020-10-30 10:32:33,CSCO,35.61,31,BID
2020-10-30 10:32:34,CSCO,35.62,81,ASK
2020-10-30 10:32:33,CSCO,35.61,53,BID
2020-10-30 10:32:36,CSCO,35.62,49,ASK
2020-10-30 10:32:33,CSCO,35.61,23,BID
2020-10-30 10:32:36,CSCO,35.62,77,ASK
2020-10-30 10:32:33,CSCO,35.61,29,BID
2020-10-30 10:32:37,CSCO,35.62,49,ASK
2020-10-30 10:32:38,CSCO,35.61,24,BID
2020-10-30 10:32:38,CSCO,35.62,77,ASK
2020-10-30 10:32:38,CSCO,35.61,11,BID
2020-10-30 10:32:39,CSCO,35.62,87,ASK
2020-10-30 10:32:31,CSCO,35.6,67,BID
2020-10-30 10:32:39,CSCO,35.61,26,ASK
2020-10-30 10:32:31,CSCO,35.6,57,BID
2020-10-30 10:32:39,CSCO,35.61,25,ASK
2020-10-30 10:32:42,CSCO,35.59,51,BID
2020-10-30 10:32:42,CSCO,35.6,63,ASK
2020-10-30 10:32:43,CSCO,35.59,48,BID
2020-10-30 10:32:43,CSCO,35.6,31,ASK
2020-10-30 10:32:44,CSCO,35.59,34,BID
2020-10-30 10:32:43,CSCO,35.6,68,ASK
2020-10-30 10:32:44,CSCO,35.59,40,BID
2020-10-30 10:32:43,CSCO,35.6,74,ASK
2020-10-30 10:32:44,CSCO,35.59,40,BID
2020-10-30 10:32:43,CSCO,35.6,71,ASK
2020-10-30 10:32:45,CSCO,35.6,39,BID
2020-10-30 10:32:39,CSCO,35.61,64,ASK
2020-10-30 10:32:46,CSCO,35.6,9,BID
2020-10-30 10:32:39,CSCO,35.61,64,ASK
2020-10-30 10:32:47,CSCO,35.6,46,BID
2020-10-30 10:32:39,CSCO,35.61,39,ASK
2020-10-30 10:32:49,CSCO,35.61,34,BID
2020-10-30 10:32:49,CSCO,35.62,48,ASK
2020-10-30 10:32:50,CSCO,35.61,29,BID
2020-10-30 10:32:50,CSCO,35.62,49,ASK
2020-10-30 10:32:52,CSCO,35.61,38,BID
2020-10-30 10:32:50,CSCO,35.62,62,ASK
2020-10-30 10:32:52,CSCO,35.61,21,BID
2020-10-30 10:32:50,CSCO,35.62,89,ASK
2020-10-30 10:32:47,CSCO,35.6,54,BID
2020-10-30 10:32:55,CSCO,35.61,32,ASK
2020-10-30 10:32:47,CSCO,35.6,54,BID
2020-10-30 10:32:55,CSCO,35.61,31,ASK
2020-10-30 10:32:57,CSCO,35.61,54,BID
2020-10-30 10:32:50,CSCO,35.62,76,ASK
2020-10-30 10:32:58,CSCO,35.61,46,BID
2020-10-30 10:32:50,CSCO,35.62,69,ASK
2020-10-30 10:32:58,CSCO,35.61,58,BID
2020-10-30 10:32:50,CSCO,35.62,32,ASK
2020-10-30 10:32:59,CSCO,35.61,58,BID
2020-10-30 10:32:50,CSCO,35.62,52,ASK
2020-10-30 10:33:00,CSCO,35.61,55,BID
2020-10-30 10:32:50,CSCO,35.62,47,ASK
2020-10-30 10:33:01,CSCO,35.61,64,BID
2020-10-30 10:33:01,CSCO,35.62,24,ASK
2020-10-30 10:33:02,CSCO,35.62,23,BID
2020-10-30 10:32:12,CSCO,35.63,89,ASK
2020-10-30 10:33:02,CSCO,35.62,52,BID
2020-10-30 10:33:02,CSCO,35.63,28,ASK
2020-10-30 10:33:03,CSCO,35.62,57,BID
2020-10-30 10:33:03,CSCO,35.63,24,ASK
2020-10-30 10:33:04,CSCO,35.62,57,BID
2020-10-30 10:33:04,CSCO,35.63,14,ASK
2020-10-30 10:33:05,CSCO,35.63,25,BID
2020-10-30 10:33:05,CSCO,35.63,18,ASK
2020-10-30 10:33:07,CSCO,35.63,22,BID
2020-10-30 10:32:01,CSCO,35.64,98,ASK
2020-10-30 10:33:07,CSCO,35.62,49,BID
2020-10-30 10:33:07,CSCO,35.63,40,ASK
2020-10-30 10:33:08,CSCO,35.62,26,BID
2020-10-30 10:33:08,CSCO,35.63,47,ASK
2020-10-30 10:33:09,CSCO,35.62,32,BID
2020-10-30 10:33:09,CSCO,35.63,57,ASK
2020-10-30 10:33:09,CSCO,35.62,65,BID
2020-10-30 10:33:10,CSCO,35.63,7,ASK
2020-10-30 10:33:09,CSCO,35.62,63,BID
2020-10-30 10:33:10,CSCO,35.63,36,ASK
2020-10-30 10:33:09,CSCO,35.62,69,BID
2020-10-30 10:33:11,CSCO,35.63,11,ASK
2020-10-30 10:33:09,CSCO,35.62,54,BID
2020-10-30 10:33:11,CSCO,35.63,49,ASK
2020-10-30 10:33:15,CSCO,35.62,29,BID
2020-10-30 10:33:11,CSCO,35.63,54,ASK
2020-10-30 10:33:16,CSCO,35.62,66,BID
2020-10-30 10:33:11,CSCO,35.63,23,ASK
2020-10-30 10:33:16,CSCO,35.62,67,BID
2020-10-30 10:33:11,CSCO,35.63,13,ASK
2020-10-30 10:33:16,CSCO,35.62,28,BID
2020-10-30 10:33:18,CSCO,35.63,50,ASK
2020-10-30 10:33:16,CSCO,35.62,28,BID
2020-10-30 10:33:19,CSCO,35.63,41,ASK
2020-10-30 10:33:16,CSCO,35.62,59,BID
2020-10-30 10:33:20,CSCO,35.63,20,ASK
2020-10-30 10:33:16,CSCO,35.62,75,BID
2020-10-30 10:33:21,CSCO,35.63,20,ASK
2020-10-30 10:33:22,CSCO,35.63,8,BID
2020-10-30 10:32:01,CSCO,35.64,106,ASK
2020-10-30 10:33:16,CSCO,35.62,71,BID
2020-10-30 10:33:23,CSCO,35.63,24,ASK
2020-10-30 10:33:16,CSCO,35.62,71,BID
2020-10-30 10:33:24,CSCO,35.63,26,ASK
2020-10-30 10:33:16,CSCO,35.62,63,BID
2020-10-30 10:33:25,CSCO,35.63,25,ASK
2020-10-30 10:33:16,CSCO,35.62,30,BID
2020-10-30 10:33:26,CSCO,35.63,65,ASK
2020-10-30 10:33:16,CSCO,35.62,66,BID
2020-10-30 10:33:27,CSCO,35.63,28,ASK
2020-10-30 10:33:16,CSCO,35.62,77,BID
2020-10-30 10:33:27,CSCO,35.63,22,ASK
2020-10-30 10:33:30,CSCO,35.63,45,BID
2020-10-30 10:32:01,CSCO,35.64,78,ASK
2020-10-30 10:33:30,CSCO,35.63,80,BID
2020-10-30 10:32:01,CSCO,35.64,46,ASK
2020-10-30 10:33:30,CSCO,35.63,79,BID
2020-10-30 10:33:32,CSCO,35.64,36,ASK
2020-10-30 10:33:33,CSCO,35.64,43,BID
2020-10-30 10:32:00,CSCO,35.65,116,ASK
2020-10-30 10:33:33,CSCO,35.64,45,BID
2020-10-30 10:32:00,CSCO,35.65,111,ASK
2020-10-30 10:33:33,CSCO,35.64,45,BID
2020-10-30 10:32:00,CSCO,35.65,108,ASK
2020-10-30 10:33:33,CSCO,35.64,37,BID
2020-10-30 10:32:00,CSCO,35.65,111,ASK
2020-10-30 10:33:30,CSCO,35.63,90,BID
2020-10-30 10:33:37,CSCO,35.64,34,ASK
2020-10-30 10:33:16,CSCO,35.62,73,BID
2020-10-30 10:33:37,CSCO,35.63,40,ASK
2020-10-30 10:33:16,CSCO,35.62,61,BID
2020-10-30 10:33:37,CSCO,35.63,30,ASK
2020-10-30 10:33:16,CSCO,35.62,71,BID
2020-10-30 10:33:37,CSCO,35.63,17,ASK
2020-10-30 10:33:16,CSCO,35.62,70,BID
2020-10-30 10:33:37,CSCO,35.63,24,ASK
2020-10-30 10:33:16,CSCO,35.62,60,BID
2020-10-30 10:33:37,CSCO,35.63,32,ASK
2020-10-30 10:33:16,CSCO,35.62,52,BID
2020-10-30 10:33:37,CSCO,35.63,52,ASK
2020-10-30 10:33:16,CSCO,35.62,67,BID
2020-10-30 10:33:44,CSCO,35.63,43,ASK
2020-10-30 10:33:44,CSCO,35.62,39,BID
2020-10-30 10:33:44,CSCO,35.63,86,ASK
2020-10-30 10:33:44,CSCO,35.62,80,BID
2020-10-30 10:33:45,CSCO,35.63,29,ASK
2020-10-30 10:33:46,CSCO,35.63,32,BID
2020-10-30 10:33:45,CSCO,35.63,18,ASK
2020-10-30 10:33:47,CSCO,35.63,18,BID
2020-10-30 10:33:47,CSCO,35.64,58,ASK
2020-10-30 10:33:47,CSCO,35.64,42,BID
2020-10-30 10:32:00,CSCO,35.65,88,ASK
2020-10-30 10:33:47,CSCO,35.64,43,BID
2020-10-30 10:33:48,CSCO,35.65,30,ASK
2020-10-30 10:33:47,CSCO,35.64,67,BID
2020-10-30 10:33:48,CSCO,35.65,34,ASK
2020-10-30 10:33:49,CSCO,35.65,28,BID
2020-10-30 10:33:49,CSCO,35.66,80,ASK
2020-10-30 10:33:49,CSCO,35.65,33,BID
2020-10-30 10:33:51,CSCO,35.66,87,ASK
2020-10-30 10:33:47,CSCO,35.64,33,BID
2020-10-30 10:33:51,CSCO,35.65,56,ASK
2020-10-30 10:33:47,CSCO,35.64,33,BID
2020-10-30 10:33:53,CSCO,35.65,55,ASK
2020-10-30 10:33:47,CSCO,35.64,62,BID
2020-10-30 10:33:54,CSCO,35.65,17,ASK
2020-10-30 10:33:47,CSCO,35.64,57,BID
2020-10-30 10:33:56,CSCO,35.65,47,ASK
2020-10-30 10:33:47,CSCO,35.64,73,BID
2020-10-30 10:33:57,CSCO,35.65,8,ASK
2020-10-30 10:33:47,CSCO,35.64,75,BID
2020-10-30 10:33:58,CSCO,35.65,10,ASK
2020-10-30 10:33:47,CSCO,35.64,71,BID
2020-10-30 10:33:59,CSCO,35.65,17,ASK
2020-10-30 10:34:01,CSCO,35.65,18,BID
2020-10-30 10:34:01,CSCO,35.66,110,ASK
2020-10-30 10:33:47,CSCO,35.64,33,BID
2020-10-30 10:34:01,CSCO,35.65,58,ASK
2020-10-30 10:33:47,CSCO,35.64,33,BID
2020-10-30 10:34:02,CSCO,35.65,66,ASK
2020-10-30 10:33:47,CSCO,35.64,32,BID
2020-10-30 10:34:03,CSCO,35.65,63,ASK
2020-10-30 10:33:47,CSCO,35.64,32,BID
2020-10-30 10:34:03,CSCO,35.65,63,ASK
2020-10-30 10:33:47,CSCO,35.64,32,BID
2020-10-30 10:34:04,CSCO,35.65,54,ASK
2020-10-30 10:33:48,CSCO,35.64,32,BID
2020-10-30 10:34:05,CSCO,35.65,61,ASK
2020-10-30 10:33:48,CSCO,35.64,65,BID
2020-10-30 10:34:06,CSCO,35.65,27,ASK
2020-10-30 10:33:48,CSCO,35.64,65,BID
2020-10-30 10:34:07,CSCO,35.65,9,ASK
2020-10-30 10:33:48,CSCO,35.64,30,BID
2020-10-30 10:34:07,CSCO,35.65,66,ASK
2020-10-30 10:33:48,CSCO,35.64,25,BID
2020-10-30 10:34:07,CSCO,35.65,74,ASK
2020-10-30 10:34:09,CSCO,35.63,63,BID
2020-10-30 10:34:09,CSCO,35.64,69,ASK
2020-10-30 10:34:10,CSCO,35.63,52,BID
2020-10-30 10:34:10,CSCO,35.64,74,ASK
2020-10-30 10:34:10,CSCO,35.63,51,BID
2020-10-30 10:34:10,CSCO,35.64,68,ASK
2020-10-30 10:34:10,CSCO,35.63,84,BID
2020-10-30 10:34:11,CSCO,35.64,60,ASK
2020-10-30 10:34:10,CSCO,35.63,54,BID
2020-10-30 10:34:12,CSCO,35.64,69,ASK
2020-10-30 10:34:13,CSCO,35.63,46,BID
2020-10-30 10:34:13,CSCO,35.64,126,ASK
2020-10-30 10:34:13,CSCO,35.63,27,BID
2020-10-30 10:34:14,CSCO,35.64,89,ASK
2020-10-30 10:33:44,CSCO,35.62,132,BID
2020-10-30 10:34:14,CSCO,35.63,12,ASK
2020-10-30 10:34:14,CSCO,35.63,37,BID
2020-10-30 10:34:14,CSCO,35.64,51,ASK
2020-10-30 10:34:15,CSCO,35.63,34,BID
2020-10-30 10:34:15,CSCO,35.64,51,ASK
2020-10-30 10:34:16,CSCO,35.63,55,BID
2020-10-30 10:34:16,CSCO,35.64,46,ASK
2020-10-30 10:34:18,CSCO,35.63,61,BID
2020-10-30 10:34:18,CSCO,35.64,45,ASK
2020-10-30 10:34:19,CSCO,35.63,54,BID
2020-10-30 10:34:19,CSCO,35.64,45,ASK
2020-10-30 10:34:20,CSCO,35.63,30,BID
2020-10-30 10:34:20,CSCO,35.64,62,ASK
2020-10-30 10:34:22,CSCO,35.63,35,BID
2020-10-30 10:34:22,CSCO,35.64,52,ASK
2020-10-30 10:34:23,CSCO,35.63,24,BID
2020-10-30 10:34:23,CSCO,35.64,60,ASK
2020-10-30 10:34:23,CSCO,35.63,54,BID
2020-10-30 10:34:23,CSCO,35.64,48,ASK
2020-10-30 10:34:24,CSCO,35.63,61,BID
2020-10-30 10:34:24,CSCO,35.64,42,ASK
2020-10-30 10:34:25,CSCO,35.63,67,BID
2020-10-30 10:34:25,CSCO,35.64,42,ASK
2020-10-30 10:34:26,CSCO,35.63,65,BID
2020-10-30 10:34:26,CSCO,35.64,39,ASK
2020-10-30 10:34:28,CSCO,35.63,65,BID
2020-10-30 10:34:26,CSCO,35.64,38,ASK
2020-10-30 10:34:29,CSCO,35.63,62,BID
2020-10-30 10:34:29,CSCO,35.64,31,ASK
2020-10-30 10:34:31,CSCO,35.63,87,BID
2020-10-30 10:34:30,CSCO,35.64,30,ASK
2020-10-30 10:34:32,CSCO,35.63,54,BID
2020-10-30 10:34:32,CSCO,35.64,57,ASK
2020-10-30 10:34:34,CSCO,35.63,54,BID
2020-10-30 10:34:33,CSCO,35.64,59,ASK
2020-10-30 10:34:35,CSCO,35.63,37,BID
2020-10-30 10:34:33,CSCO,35.64,55,ASK
2020-10-30 10:34:36,CSCO,35.63,29,BID
2020-10-30 10:34:33,CSCO,35.64,67,ASK
2020-10-30 10:34:37,CSCO,35.63,56,BID
2020-10-30 10:34:33,CSCO,35.64,36,ASK
2020-10-30 10:34:39,CSCO,35.63,62,BID
2020-10-30 10:34:33,CSCO,35.64,45,ASK
2020-10-30 10:34:41,CSCO,35.63,62,BID
2020-10-30 10:34:33,CSCO,35.64,45,ASK
2020-10-30 10:34:42,CSCO,35.63,38,BID
2020-10-30 10:34:33,CSCO,35.64,66,ASK
2020-10-30 10:34:44,CSCO,35.63,58,BID
2020-10-30 10:34:33,CSCO,35.64,38,ASK
2020-10-30 10:34:45,CSCO,35.63,65,BID
2020-10-30 10:34:33,CSCO,35.64,36,ASK
2020-10-30 10:34:46,CSCO,35.63,63,BID
2020-10-30 10:34:33,CSCO,35.64,36,ASK
2020-10-30 10:34:49,CSCO,35.63,65,BID
2020-10-30 10:34:33,CSCO,35.64,27,ASK
2020-10-30 10:34:49,CSCO,35.64,65,BID
2020-10-30 10:34:07,CSCO,35.65,64,ASK
2020-10-30 10:34:50,CSCO,35.65,17,BID
2020-10-30 10:34:50,CSCO,35.66,55,ASK
2020-10-30 10:34:51,CSCO,35.65,32,BID
2020-10-30 10:34:51,CSCO,35.66,50,ASK
2020-10-30 10:34:51,CSCO,35.65,19,BID
2020-10-30 10:34:51,CSCO,35.66,50,ASK
2020-10-30 10:34:51,CSCO,35.65,26,BID
2020-10-30 10:34:51,CSCO,35.66,50,ASK
2020-10-30 10:34:51,CSCO,35.65,29,BID
2020-10-30 10:34:52,CSCO,35.66,50,ASK
2020-10-30 10:34:51,CSCO,35.65,29,BID
2020-10-30 10:34:52,CSCO,35.66,50,ASK
2020-10-30 10:34:51,CSCO,35.65,29,BID
2020-10-30 10:34:53,CSCO,35.66,52,ASK
2020-10-30 10:34:51,CSCO,35.65,29,BID
2020-10-30 10:34:53,CSCO,35.66,52,ASK
2020-10-30 10:34:49,CSCO,35.64,52,BID
2020-10-30 10:34:53,CSCO,35.66,70,ASK
2020-10-30 10:34:49,CSCO,35.64,82,BID
2020-10-30 10:34:53,CSCO,35.65,109,ASK
2020-10-30 10:34:53,CSCO,35.64,35,BID
2020-10-30 10:34:53,CSCO,35.65,140,ASK
2020-10-30 10:34:54,CSCO,35.64,21,BID
2020-10-30 10:34:54,CSCO,35.64,83,ASK
2020-10-30 10:34:55,CSCO,35.63,35,BID
2020-10-30 10:34:55,CSCO,35.64,83,ASK
2020-10-30 10:34:58,CSCO,35.63,67,BID
2020-10-30 10:34:58,CSCO,35.64,64,ASK
2020-10-30 10:35:00,CSCO,35.62,83,BID
2020-10-30 10:35:00,CSCO,35.63,64,ASK
2020-10-30 10:35:00,CSCO,35.62,61,BID
2020-10-30 10:35:03,CSCO,35.63,68,ASK
2020-10-30 10:35:00,CSCO,35.62,75,BID
2020-10-30 10:35:04,CSCO,35.63,76,ASK
2020-10-30 10:35:00,CSCO,35.62,75,BID
2020-10-30 10:35:05,CSCO,35.63,64,ASK
2020-10-30 10:35:00,CSCO,35.62,75,BID
2020-10-30 10:35:05,CSCO,35.63,64,ASK
2020-10-30 10:35:00,CSCO,35.62,75,BID
2020-10-30 10:35:05,CSCO,35.63,64,ASK
2020-10-30 10:35:00,CSCO,35.62,75,BID
2020-10-30 10:35:05,CSCO,35.63,64,ASK
2020-10-30 10:35:00,CSCO,35.62,46,BID
2020-10-30 10:35:05,CSCO,35.63,102,ASK
2020-10-30 10:35:05,CSCO,35.61,48,BID
2020-10-30 10:35:05,CSCO,35.62,121,ASK
2020-10-30 10:35:05,CSCO,35.61,48,BID
2020-10-30 10:35:05,CSCO,35.62,91,ASK
2020-10-30 10:35:05,CSCO,35.61,48,BID
2020-10-30 10:35:05,CSCO,35.62,91,ASK
2020-10-30 10:35:05,CSCO,35.61,48,BID
2020-10-30 10:35:05,CSCO,35.62,87,ASK
2020-10-30 10:35:05,CSCO,35.61,48,BID
2020-10-30 10:35:05,CSCO,35.62,87,ASK
2020-10-30 10:35:05,CSCO,35.61,48,BID
2020-10-30 10:35:05,CSCO,35.62,87,ASK
2020-10-30 10:35:05,CSCO,35.61,49,BID
2020-10-30 10:35:05,CSCO,35.62,82,ASK
2020-10-30 10:35:05,CSCO,35.61,49,BID
2020-10-30 10:35:05,CSCO,35.62,97,ASK
2020-10-30 10:35:05,CSCO,35.61,18,BID
2020-10-30 10:35:05,CSCO,35.62,120,ASK
2020-10-30 10:32:47,CSCO,35.6,33,BID
2020-10-30 10:35:08,CSCO,35.61,76,ASK
2020-10-30 10:35:08,CSCO,35.61,23,BID
2020-10-30 10:35:05,CSCO,35.62,122,ASK
2020-10-30 10:35:08,CSCO,35.61,23,BID
2020-10-30 10:35:05,CSCO,35.62,122,ASK
2020-10-30 10:35:08,CSCO,35.61,23,BID
2020-10-30 10:35:05,CSCO,35.62,122,ASK
2020-10-30 10:35:09,CSCO,35.61,20,BID
2020-10-30 10:35:05,CSCO,35.62,122,ASK
2020-10-30 10:35:09,CSCO,35.61,53,BID
2020-10-30 10:35:09,CSCO,35.62,103,ASK
2020-10-30 10:35:10,CSCO,35.61,75,BID
2020-10-30 10:35:11,CSCO,35.62,104,ASK
2020-10-30 10:35:12,CSCO,35.63,54,BID
2020-10-30 10:35:13,CSCO,35.64,57,ASK
2020-10-30 10:35:12,CSCO,35.63,66,BID
2020-10-30 10:35:15,CSCO,35.64,63,ASK
2020-10-30 10:35:19,CSCO,35.63,49,BID
2020-10-30 10:35:15,CSCO,35.64,75,ASK
2020-10-30 10:35:20,CSCO,35.63,50,BID
2020-10-30 10:35:20,CSCO,35.63,61,ASK
2020-10-30 10:35:20,CSCO,35.62,4,BID
2020-10-30 10:35:20,CSCO,35.63,87,ASK
2020-10-30 10:35:10,CSCO,35.61,40,BID
2020-10-30 10:35:20,CSCO,35.62,37,ASK
2020-10-30 10:35:10,CSCO,35.61,71,BID
2020-10-30 10:35:21,CSCO,35.62,38,ASK
2020-10-30 10:35:10,CSCO,35.61,68,BID
2020-10-30 10:35:21,CSCO,35.62,39,ASK
2020-10-30 10:35:10,CSCO,35.61,27,BID
2020-10-30 10:35:21,CSCO,35.62,192,ASK
2020-10-30 10:35:22,CSCO,35.6,25,BID
2020-10-30 10:35:22,CSCO,35.61,89,ASK
2020-10-30 10:35:22,CSCO,35.6,56,BID
2020-10-30 10:35:22,CSCO,35.61,48,ASK
2020-10-30 10:35:22,CSCO,35.6,61,BID
2020-10-30 10:35:22,CSCO,35.61,71,ASK
2020-10-30 10:35:22,CSCO,35.6,61,BID
2020-10-30 10:35:23,CSCO,35.61,51,ASK
2020-10-30 10:35:22,CSCO,35.6,31,BID
2020-10-30 10:35:24,CSCO,35.61,72,ASK
2020-10-30 10:35:24,CSCO,35.6,27,BID
2020-10-30 10:35:24,CSCO,35.61,73,ASK
2020-10-30 10:32:44,CSCO,35.59,48,BID
2020-10-30 10:35:25,CSCO,35.6,13,ASK
2020-10-30 10:32:44,CSCO,35.59,58,BID
2020-10-30 10:35:25,CSCO,35.6,74,ASK
2020-10-30 10:32:44,CSCO,35.59,65,BID
2020-10-30 10:35:25,CSCO,35.6,74,ASK
2020-10-30 10:32:44,CSCO,35.59,31,BID
2020-10-30 10:35:25,CSCO,35.6,100,ASK
2020-10-30 10:32:44,CSCO,35.59,33,BID
2020-10-30 10:35:25,CSCO,35.6,95,ASK
2020-10-30 10:32:44,CSCO,35.59,34,BID
2020-10-30 10:35:25,CSCO,35.6,94,ASK
2020-10-30 10:32:44,CSCO,35.59,59,BID
2020-10-30 10:35:25,CSCO,35.6,74,ASK
2020-10-30 10:32:44,CSCO,35.59,63,BID
2020-10-30 10:35:25,CSCO,35.6,76,ASK
2020-10-30 10:35:30,CSCO,35.58,34,BID
2020-10-30 10:35:30,CSCO,35.59,105,ASK
2020-10-30 09:31:35,CSCO,35.57,52,BID
2020-10-30 10:35:31,CSCO,35.58,23,ASK
2020-10-30 09:31:35,CSCO,35.57,56,BID
2020-10-30 10:35:32,CSCO,35.58,33,ASK
2020-10-30 09:31:35,CSCO,35.57,60,BID
2020-10-30 10:35:32,CSCO,35.58,28,ASK
2020-10-30 09:31:35,CSCO,35.57,60,BID
2020-10-30 10:35:32,CSCO,35.58,28,ASK
2020-10-30 10:35:33,CSCO,35.58,56,BID
2020-10-30 10:35:33,CSCO,35.59,74,ASK
2020-10-30 10:35:34,CSCO,35.58,56,BID
2020-10-30 10:35:34,CSCO,35.59,28,ASK
2020-10-30 10:35:35,CSCO,35.58,57,BID
2020-10-30 10:35:36,CSCO,35.59,19,ASK
2020-10-30 10:35:35,CSCO,35.58,61,BID
2020-10-30 10:35:38,CSCO,35.59,9,ASK
2020-10-30 10:35:35,CSCO,35.58,61,BID
2020-10-30 10:35:39,CSCO,35.59,9,ASK
2020-10-30 10:35:35,CSCO,35.58,55,BID
2020-10-30 10:35:39,CSCO,35.59,56,ASK
2020-10-30 10:35:41,CSCO,35.58,57,BID
2020-10-30 10:35:39,CSCO,35.59,50,ASK
2020-10-30 10:35:41,CSCO,35.58,61,BID
2020-10-30 10:35:39,CSCO,35.59,37,ASK
2020-10-30 10:35:43,CSCO,35.59,50,BID
2020-10-30 10:35:25,CSCO,35.6,99,ASK
2020-10-30 10:35:43,CSCO,35.59,55,BID
2020-10-30 10:35:25,CSCO,35.6,62,ASK
2020-10-30 10:35:44,CSCO,35.61,70,BID
2020-10-30 10:35:44,CSCO,35.61,36,ASK
2020-10-30 10:35:44,CSCO,35.61,39,BID
2020-10-30 10:35:21,CSCO,35.62,171,ASK
2020-10-30 10:35:44,CSCO,35.61,55,BID
2020-10-30 10:35:21,CSCO,35.62,136,ASK
2020-10-30 10:35:44,CSCO,35.61,55,BID
2020-10-30 10:35:21,CSCO,35.62,157,ASK
2020-10-30 10:35:44,CSCO,35.61,55,BID
2020-10-30 10:35:21,CSCO,35.62,157,ASK
2020-10-30 10:35:44,CSCO,35.61,60,BID
2020-10-30 10:35:21,CSCO,35.62,154,ASK
2020-10-30 10:35:44,CSCO,35.61,81,BID
2020-10-30 10:35:21,CSCO,35.62,123,ASK
2020-10-30 10:35:50,CSCO,35.62,34,BID
2020-10-30 10:35:50,CSCO,35.63,77,ASK
2020-10-30 10:35:50,CSCO,35.62,36,BID
2020-10-30 10:35:51,CSCO,35.63,60,ASK
2020-10-30 10:35:52,CSCO,35.62,32,BID
2020-10-30 10:35:52,CSCO,35.62,7,ASK
2020-10-30 10:35:44,CSCO,35.61,55,BID
2020-10-30 10:35:52,CSCO,35.62,74,ASK
2020-10-30 10:35:44,CSCO,35.61,57,BID
2020-10-30 10:35:52,CSCO,35.62,76,ASK
2020-10-30 10:35:55,CSCO,35.62,20,BID
2020-10-30 10:35:55,CSCO,35.63,65,ASK
2020-10-30 10:35:44,CSCO,35.61,110,BID
2020-10-30 10:35:55,CSCO,35.62,14,ASK
2020-10-30 10:35:44,CSCO,35.61,80,BID
2020-10-30 10:35:56,CSCO,35.62,33,ASK
2020-10-30 10:35:44,CSCO,35.61,105,BID
2020-10-30 10:35:57,CSCO,35.62,20,ASK
2020-10-30 10:35:44,CSCO,35.61,105,BID
2020-10-30 10:35:57,CSCO,35.62,20,ASK
2020-10-30 10:35:44,CSCO,35.61,105,BID
2020-10-30 10:35:57,CSCO,35.62,20,ASK
2020-10-30 10:35:44,CSCO,35.61,105,BID
2020-10-30 10:35:57,CSCO,35.62,20,ASK
2020-10-30 10:35:44,CSCO,35.61,105,BID
2020-10-30 10:35:57,CSCO,35.62,20,ASK
2020-10-30 10:35:58,CSCO,35.62,72,BID
2020-10-30 10:35:58,CSCO,35.63,8,ASK
2020-10-30 10:35:59,CSCO,35.63,51,BID
2020-10-30 10:36:01,CSCO,35.64,63,ASK
2020-10-30 10:36:02,CSCO,35.62,34,BID
2020-10-30 10:36:02,CSCO,35.63,69,ASK
2020-10-30 10:36:02,CSCO,35.62,39,BID
2020-10-30 10:36:03,CSCO,35.63,69,ASK
2020-10-30 10:36:03,CSCO,35.62,73,BID
2020-10-30 10:36:04,CSCO,35.63,46,ASK
2020-10-30 10:36:03,CSCO,35.62,53,BID
2020-10-30 10:36:05,CSCO,35.63,75,ASK
2020-10-30 10:36:03,CSCO,35.62,51,BID
2020-10-30 10:36:05,CSCO,35.63,81,ASK
2020-10-30 10:36:03,CSCO,35.62,80,BID
2020-10-30 10:36:06,CSCO,35.63,31,ASK
2020-10-30 10:36:03,CSCO,35.62,80,BID
2020-10-30 10:36:06,CSCO,35.63,29,ASK
2020-10-30 10:36:03,CSCO,35.62,79,BID
2020-10-30 10:36:08,CSCO,35.63,39,ASK
2020-10-30 10:36:03,CSCO,35.62,56,BID
2020-10-30 10:36:08,CSCO,35.63,68,ASK
2020-10-30 10:36:03,CSCO,35.62,52,BID
2020-10-30 10:36:08,CSCO,35.63,66,ASK
2020-10-30 10:36:03,CSCO,35.62,57,BID
2020-10-30 10:36:08,CSCO,35.63,69,ASK
2020-10-30 10:35:44,CSCO,35.61,38,BID
2020-10-30 10:36:14,CSCO,35.62,48,ASK
2020-10-30 10:35:44,CSCO,35.61,33,BID
2020-10-30 10:36:15,CSCO,35.62,87,ASK
2020-10-30 10:36:15,CSCO,35.6,58,BID
2020-10-30 10:36:15,CSCO,35.61,26,ASK
2020-10-30 10:36:17,CSCO,35.6,55,BID
2020-10-30 10:36:17,CSCO,35.61,62,ASK
2020-10-30 10:36:17,CSCO,35.6,46,BID
2020-10-30 10:36:17,CSCO,35.61,35,ASK
2020-10-30 10:36:18,CSCO,35.61,15,BID
2020-10-30 10:36:18,CSCO,35.62,59,ASK
2020-10-30 10:36:19,CSCO,35.61,11,BID
2020-10-30 10:36:19,CSCO,35.62,71,ASK
2020-10-30 10:36:20,CSCO,35.61,11,BID
2020-10-30 10:36:20,CSCO,35.62,62,ASK
2020-10-30 10:36:21,CSCO,35.61,22,BID
2020-10-30 10:36:21,CSCO,35.62,59,ASK
2020-10-30 10:36:21,CSCO,35.61,19,BID
2020-10-30 10:36:21,CSCO,35.62,63,ASK
2020-10-30 10:36:22,CSCO,35.6,47,BID
2020-10-30 10:36:22,CSCO,35.61,51,ASK
2020-10-30 10:36:22,CSCO,35.6,25,BID
2020-10-30 10:36:22,CSCO,35.61,61,ASK
2020-10-30 10:36:23,CSCO,35.6,44,BID
2020-10-30 10:36:23,CSCO,35.61,46,ASK
2020-10-30 10:36:23,CSCO,35.6,79,BID
2020-10-30 10:36:24,CSCO,35.61,28,ASK
2020-10-30 10:36:24,CSCO,35.61,31,BID
2020-10-30 10:36:24,CSCO,35.62,57,ASK
2020-10-30 10:36:25,CSCO,35.61,34,BID
2020-10-30 10:36:25,CSCO,35.62,50,ASK
2020-10-30 10:36:27,CSCO,35.61,45,BID
2020-10-30 10:36:27,CSCO,35.62,30,ASK
2020-10-30 10:36:28,CSCO,35.61,46,BID
2020-10-30 10:36:28,CSCO,35.62,30,ASK
2020-10-30 10:36:28,CSCO,35.61,50,BID
2020-10-30 10:36:28,CSCO,35.62,16,ASK
2020-10-30 10:36:29,CSCO,35.61,51,BID
2020-10-30 10:36:28,CSCO,35.62,15,ASK
2020-10-30 10:36:30,CSCO,35.61,30,BID
2020-10-30 10:36:29,CSCO,35.62,54,ASK
2020-10-30 10:36:31,CSCO,35.61,7,BID
2020-10-30 10:36:29,CSCO,35.62,64,ASK
2020-10-30 10:36:23,CSCO,35.6,55,BID
2020-10-30 10:36:31,CSCO,35.61,41,ASK
2020-10-30 10:36:23,CSCO,35.6,35,BID
2020-10-30 10:36:31,CSCO,35.61,81,ASK
2020-10-30 10:36:23,CSCO,35.6,55,BID
2020-10-30 10:36:32,CSCO,35.61,52,ASK
2020-10-30 10:36:23,CSCO,35.6,35,BID
2020-10-30 10:36:33,CSCO,35.61,70,ASK
2020-10-30 10:36:23,CSCO,35.6,40,BID
2020-10-30 10:36:35,CSCO,35.61,58,ASK
2020-10-30 10:36:23,CSCO,35.6,50,BID
2020-10-30 10:36:36,CSCO,35.61,62,ASK
2020-10-30 10:36:23,CSCO,35.6,79,BID
2020-10-30 10:36:37,CSCO,35.61,15,ASK
2020-10-30 10:36:23,CSCO,35.6,81,BID
2020-10-30 10:36:38,CSCO,35.61,19,ASK
2020-10-30 10:36:23,CSCO,35.6,81,BID
2020-10-30 10:36:39,CSCO,35.61,15,ASK
2020-10-30 10:36:23,CSCO,35.6,79,BID
2020-10-30 10:36:39,CSCO,35.61,24,ASK
2020-10-30 10:36:23,CSCO,35.6,56,BID
2020-10-30 10:36:41,CSCO,35.61,54,ASK
2020-10-30 10:36:23,CSCO,35.6,81,BID
2020-10-30 10:36:43,CSCO,35.61,11,ASK
2020-10-30 10:36:23,CSCO,35.6,56,BID
2020-10-30 10:36:44,CSCO,35.61,43,ASK
2020-10-30 10:36:23,CSCO,35.6,41,BID
2020-10-30 10:36:44,CSCO,35.61,54,ASK
2020-10-30 10:36:23,CSCO,35.6,36,BID
2020-10-30 10:36:45,CSCO,35.61,63,ASK
2020-10-30 10:36:46,CSCO,35.6,26,BID
2020-10-30 10:36:46,CSCO,35.61,70,ASK
2020-10-30 10:35:43,CSCO,35.59,61,BID
2020-10-30 10:36:46,CSCO,35.6,39,ASK
2020-10-30 10:35:43,CSCO,35.59,61,BID
2020-10-30 10:36:46,CSCO,35.6,39,ASK
2020-10-30 10:35:43,CSCO,35.59,27,BID
2020-10-30 10:36:47,CSCO,35.6,62,ASK
2020-10-30 10:35:43,CSCO,35.59,33,BID
2020-10-30 10:36:48,CSCO,35.6,51,ASK
2020-10-30 10:35:43,CSCO,35.59,57,BID
2020-10-30 10:36:49,CSCO,35.6,22,ASK
2020-10-30 10:35:43,CSCO,35.59,37,BID
2020-10-30 10:36:49,CSCO,35.6,56,ASK
2020-10-30 10:35:43,CSCO,35.59,57,BID
2020-10-30 10:36:49,CSCO,35.6,42,ASK
2020-10-30 10:35:43,CSCO,35.59,58,BID
2020-10-30 10:36:49,CSCO,35.6,35,ASK
2020-10-30 10:35:43,CSCO,35.59,63,BID
2020-10-30 10:36:49,CSCO,35.6,32,ASK
2020-10-30 10:35:43,CSCO,35.59,67,BID
2020-10-30 10:36:49,CSCO,35.6,32,ASK
2020-10-30 10:35:43,CSCO,35.59,66,BID
2020-10-30 10:36:49,CSCO,35.6,37,ASK
2020-10-30 10:35:43,CSCO,35.59,141,BID
2020-10-30 10:36:49,CSCO,35.6,30,ASK
2020-10-30 10:36:55,CSCO,35.6,67,BID
2020-10-30 10:36:55,CSCO,35.61,69,ASK
2020-10-30 10:36:55,CSCO,35.6,30,BID
2020-10-30 10:36:55,CSCO,35.61,63,ASK
2020-10-30 10:36:56,CSCO,35.6,16,BID
2020-10-30 10:36:56,CSCO,35.61,65,ASK
2020-10-30 10:36:56,CSCO,35.6,28,BID
2020-10-30 10:36:57,CSCO,35.61,62,ASK
2020-10-30 10:36:56,CSCO,35.6,18,BID
2020-10-30 10:36:59,CSCO,35.61,66,ASK
2020-10-30 10:36:56,CSCO,35.6,34,BID
2020-10-30 10:37:00,CSCO,35.61,50,ASK
2020-10-30 10:36:56,CSCO,35.6,65,BID
2020-10-30 10:37:01,CSCO,35.61,11,ASK
2020-10-30 10:36:56,CSCO,35.6,57,BID
2020-10-30 10:37:01,CSCO,35.61,52,ASK
2020-10-30 10:36:56,CSCO,35.6,59,BID
2020-10-30 10:37:02,CSCO,35.61,16,ASK
2020-10-30 10:36:56,CSCO,35.6,68,BID
2020-10-30 10:37:03,CSCO,35.61,19,ASK
2020-10-30 10:36:56,CSCO,35.6,28,BID
2020-10-30 10:37:04,CSCO,35.61,73,ASK
2020-10-30 10:36:56,CSCO,35.6,27,BID
2020-10-30 10:37:05,CSCO,35.61,53,ASK
2020-10-30 10:36:56,CSCO,35.6,32,BID
2020-10-30 10:37:06,CSCO,35.61,53,ASK
2020-10-30 10:37:06,CSCO,35.59,69,BID
2020-10-30 10:37:06,CSCO,35.6,32,ASK
2020-10-30 10:37:06,CSCO,35.59,74,BID
2020-10-30 10:37:07,CSCO,35.6,11,ASK
2020-10-30 10:37:06,CSCO,35.59,74,BID
2020-10-30 10:37:08,CSCO,35.6,26,ASK
2020-10-30 10:37:06,CSCO,35.59,77,BID
2020-10-30 10:37:09,CSCO,35.6,23,ASK
2020-10-30 10:37:06,CSCO,35.59,73,BID
2020-10-30 10:37:09,CSCO,35.6,38,ASK
2020-10-30 10:37:11,CSCO,35.59,43,BID
2020-10-30 10:37:09,CSCO,35.6,66,ASK
2020-10-30 10:37:11,CSCO,35.59,64,BID
2020-10-30 10:37:09,CSCO,35.6,38,ASK
2020-10-30 10:37:11,CSCO,35.59,67,BID
2020-10-30 10:37:09,CSCO,35.6,41,ASK
2020-10-30 10:37:14,CSCO,35.59,33,BID
2020-10-30 10:37:09,CSCO,35.6,78,ASK
2020-10-30 10:37:15,CSCO,35.59,11,BID
2020-10-30 10:37:09,CSCO,35.6,98,ASK
2020-10-30 10:37:15,CSCO,35.59,29,BID
2020-10-30 10:37:09,CSCO,35.6,95,ASK
2020-10-30 10:37:15,CSCO,35.59,61,BID
2020-10-30 10:37:09,CSCO,35.6,59,ASK
2020-10-30 10:37:15,CSCO,35.59,36,BID
2020-10-30 10:37:09,CSCO,35.6,80,ASK
2020-10-30 10:37:15,CSCO,35.59,64,BID
2020-10-30 10:37:09,CSCO,35.6,53,ASK
2020-10-30 10:37:15,CSCO,35.59,45,BID
2020-10-30 10:37:09,CSCO,35.6,74,ASK
2020-10-30 10:37:15,CSCO,35.59,61,BID
2020-10-30 10:37:09,CSCO,35.6,73,ASK
2020-10-30 10:37:15,CSCO,35.59,74,BID
2020-10-30 10:37:09,CSCO,35.6,53,ASK
2020-10-30 10:37:15,CSCO,35.59,161,BID
2020-10-30 10:37:22,CSCO,35.6,41,ASK
2020-10-30 10:37:22,CSCO,35.6,38,BID
2020-10-30 10:37:23,CSCO,35.61,47,ASK
2020-10-30 10:37:22,CSCO,35.6,63,BID
2020-10-30 10:37:23,CSCO,35.61,20,ASK
2020-10-30 10:37:22,CSCO,35.6,63,BID
2020-10-30 10:37:24,CSCO,35.61,18,ASK
2020-10-30 10:37:25,CSCO,35.6,41,BID
2020-10-30 10:37:24,CSCO,35.61,79,ASK
2020-10-30 10:37:25,CSCO,35.6,74,BID
2020-10-30 10:37:24,CSCO,35.61,23,ASK
2020-10-30 10:37:25,CSCO,35.6,74,BID
2020-10-30 10:37:24,CSCO,35.61,18,ASK
2020-10-30 10:37:25,CSCO,35.6,74,BID
2020-10-30 10:37:24,CSCO,35.61,18,ASK
2020-10-30 10:37:25,CSCO,35.6,74,BID
2020-10-30 10:37:29,CSCO,35.61,14,ASK
2020-10-30 10:37:30,CSCO,35.61,44,BID
2020-10-30 10:37:30,CSCO,35.62,83,ASK
2020-10-30 10:37:31,CSCO,35.61,66,BID
2020-10-30 10:37:31,CSCO,35.62,60,ASK
2020-10-30 10:37:31,CSCO,35.61,70,BID
2020-10-30 10:37:31,CSCO,35.62,20,ASK
2020-10-30 10:37:31,CSCO,35.61,82,BID
2020-10-30 10:37:33,CSCO,35.62,20,ASK
2020-10-30 10:37:31,CSCO,35.61,83,BID
2020-10-30 10:37:34,CSCO,35.62,32,ASK
2020-10-30 10:37:31,CSCO,35.61,83,BID
2020-10-30 10:37:34,CSCO,35.62,20,ASK
2020-10-30 10:37:35,CSCO,35.62,81,BID
2020-10-30 10:37:35,CSCO,35.63,69,ASK
2020-10-30 10:37:35,CSCO,35.62,61,BID
2020-10-30 10:37:35,CSCO,35.63,32,ASK
2020-10-30 10:37:36,CSCO,35.62,38,BID
2020-10-30 10:37:36,CSCO,35.63,45,ASK
2020-10-30 10:37:37,CSCO,35.62,43,BID
2020-10-30 10:37:37,CSCO,35.63,36,ASK
2020-10-30 10:37:37,CSCO,35.62,45,BID
2020-10-30 10:37:37,CSCO,35.63,27,ASK
2020-10-30 10:37:38,CSCO,35.63,32,BID
2020-10-30 10:37:38,CSCO,35.64,95,ASK
2020-10-30 10:37:38,CSCO,35.63,75,BID
2020-10-30 10:37:39,CSCO,35.64,32,ASK
2020-10-30 10:37:38,CSCO,35.63,39,BID
2020-10-30 10:37:39,CSCO,35.64,69,ASK
2020-10-30 10:37:38,CSCO,35.63,71,BID
2020-10-30 10:37:39,CSCO,35.64,64,ASK
2020-10-30 10:37:41,CSCO,35.63,66,BID
2020-10-30 10:37:39,CSCO,35.64,67,ASK
2020-10-30 10:37:41,CSCO,35.63,57,BID
2020-10-30 10:37:39,CSCO,35.64,66,ASK
2020-10-30 10:37:41,CSCO,35.63,46,BID
2020-10-30 10:37:39,CSCO,35.64,73,ASK
2020-10-30 10:37:41,CSCO,35.63,53,BID
2020-10-30 10:37:39,CSCO,35.64,76,ASK
2020-10-30 10:37:41,CSCO,35.63,45,BID
2020-10-30 10:37:39,CSCO,35.64,73,ASK
2020-10-30 10:37:41,CSCO,35.63,82,BID
2020-10-30 10:37:39,CSCO,35.64,54,ASK
2020-10-30 10:37:46,CSCO,35.64,63,BID
2020-10-30 10:34:53,CSCO,35.65,114,ASK
2020-10-30 10:37:46,CSCO,35.64,67,BID
2020-10-30 10:34:53,CSCO,35.65,98,ASK
2020-10-30 10:37:46,CSCO,35.64,95,BID
2020-10-30 10:34:53,CSCO,35.65,85,ASK
2020-10-30 10:37:46,CSCO,35.64,67,BID
2020-10-30 10:37:49,CSCO,35.65,90,ASK
2020-10-30 10:37:46,CSCO,35.64,91,BID
2020-10-30 10:37:50,CSCO,35.65,40,ASK
2020-10-30 10:37:46,CSCO,35.64,75,BID
2020-10-30 10:37:50,CSCO,35.65,83,ASK
2020-10-30 10:37:46,CSCO,35.64,99,BID
2020-10-30 10:37:50,CSCO,35.65,65,ASK
2020-10-30 10:37:46,CSCO,35.64,99,BID
2020-10-30 10:37:50,CSCO,35.65,66,ASK
2020-10-30 10:37:53,CSCO,35.65,69,BID
2020-10-30 10:37:53,CSCO,35.66,65,ASK
2020-10-30 10:37:53,CSCO,35.65,39,BID
2020-10-30 10:37:53,CSCO,35.66,50,ASK
2020-10-30 10:37:53,CSCO,35.65,38,BID
2020-10-30 10:37:53,CSCO,35.66,54,ASK
2020-10-30 10:37:53,CSCO,35.65,72,BID
2020-10-30 10:37:54,CSCO,35.66,44,ASK
2020-10-30 10:37:55,CSCO,35.66,17,BID
2020-10-30 10:31:44,CSCO,35.67,101,ASK
2020-10-30 10:37:53,CSCO,35.65,79,BID
2020-10-30 10:37:55,CSCO,35.66,23,ASK
2020-10-30 10:37:53,CSCO,35.65,80,BID
2020-10-30 10:37:56,CSCO,35.66,18,ASK
2020-10-30 10:37:53,CSCO,35.65,80,BID
2020-10-30 10:37:57,CSCO,35.66,61,ASK
2020-10-30 10:37:53,CSCO,35.65,46,BID
2020-10-30 10:37:57,CSCO,35.66,64,ASK
2020-10-30 10:37:59,CSCO,35.65,45,BID
2020-10-30 10:37:57,CSCO,35.66,63,ASK
2020-10-30 10:37:59,CSCO,35.65,51,BID
2020-10-30 10:37:57,CSCO,35.66,65,ASK
2020-10-30 10:37:59,CSCO,35.65,59,BID
2020-10-30 10:37:57,CSCO,35.66,62,ASK
2020-10-30 10:37:59,CSCO,35.65,41,BID
2020-10-30 10:37:57,CSCO,35.66,62,ASK
2020-10-30 10:37:59,CSCO,35.65,41,BID
2020-10-30 10:37:57,CSCO,35.66,61,ASK
2020-10-30 10:38:03,CSCO,35.65,45,BID
2020-10-30 10:37:57,CSCO,35.66,61,ASK
2020-10-30 10:37:46,CSCO,35.64,75,BID
2020-10-30 10:38:04,CSCO,35.65,39,ASK
2020-10-30 10:37:46,CSCO,35.64,57,BID
2020-10-30 10:38:05,CSCO,35.65,36,ASK
2020-10-30 10:37:46,CSCO,35.64,82,BID
2020-10-30 10:38:05,CSCO,35.65,10,ASK
2020-10-30 10:37:46,CSCO,35.64,57,BID
2020-10-30 10:38:06,CSCO,35.65,46,ASK
2020-10-30 10:37:46,CSCO,35.64,58,BID
2020-10-30 10:38:07,CSCO,35.65,46,ASK
2020-10-30 10:37:46,CSCO,35.64,61,BID
2020-10-30 10:38:08,CSCO,35.65,46,ASK
2020-10-30 10:37:46,CSCO,35.64,56,BID
2020-10-30 10:38:09,CSCO,35.65,46,ASK
2020-10-30 10:37:46,CSCO,35.64,53,BID
2020-10-30 10:38:10,CSCO,35.65,46,ASK
2020-10-30 10:37:46,CSCO,35.64,54,BID
2020-10-30 10:38:12,CSCO,35.65,46,ASK
2020-10-30 10:37:41,CSCO,35.63,50,BID
2020-10-30 10:38:12,CSCO,35.64,64,ASK
2020-10-30 10:37:41,CSCO,35.63,50,BID
2020-10-30 10:38:13,CSCO,35.64,61,ASK
2020-10-30 10:37:41,CSCO,35.63,46,BID
2020-10-30 10:38:14,CSCO,35.64,49,ASK
2020-10-30 10:37:41,CSCO,35.63,47,BID
2020-10-30 10:38:15,CSCO,35.64,49,ASK
2020-10-30 10:37:41,CSCO,35.63,81,BID
2020-10-30 10:38:16,CSCO,35.64,29,ASK
2020-10-30 10:37:41,CSCO,35.63,51,BID
2020-10-30 10:38:16,CSCO,35.64,65,ASK
2020-10-30 10:38:18,CSCO,35.62,44,BID
2020-10-30 10:38:18,CSCO,35.63,66,ASK
2020-10-30 10:38:18,CSCO,35.62,30,BID
2020-10-30 10:38:18,CSCO,35.63,58,ASK
2020-10-30 10:38:18,CSCO,35.62,67,BID
2020-10-30 10:38:19,CSCO,35.63,33,ASK
2020-10-30 10:38:18,CSCO,35.62,72,BID
2020-10-30 10:38:20,CSCO,35.63,36,ASK
2020-10-30 10:38:21,CSCO,35.63,49,BID
2020-10-30 10:38:16,CSCO,35.64,62,ASK
2020-10-30 10:38:18,CSCO,35.62,67,BID
2020-10-30 10:38:23,CSCO,35.63,12,ASK
2020-10-30 10:38:24,CSCO,35.63,69,BID
2020-10-30 10:38:16,CSCO,35.64,74,ASK
2020-10-30 10:38:25,CSCO,35.63,34,BID
2020-10-30 10:38:16,CSCO,35.64,64,ASK
2020-10-30 10:38:27,CSCO,35.63,47,BID
2020-10-30 10:38:16,CSCO,35.64,59,ASK
2020-10-30 10:38:28,CSCO,35.63,33,BID
2020-10-30 10:38:16,CSCO,35.64,72,ASK
2020-10-30 10:38:28,CSCO,35.63,31,BID
2020-10-30 10:38:16,CSCO,35.64,66,ASK
2020-10-30 10:38:28,CSCO,35.63,32,BID
2020-10-30 10:38:16,CSCO,35.64,72,ASK
2020-10-30 10:38:32,CSCO,35.62,39,BID
2020-10-30 10:38:32,CSCO,35.63,54,ASK
2020-10-30 10:38:32,CSCO,35.62,35,BID
2020-10-30 10:38:33,CSCO,35.63,58,ASK
2020-10-30 10:38:32,CSCO,35.62,18,BID
2020-10-30 10:38:34,CSCO,35.63,64,ASK
2020-10-30 10:38:35,CSCO,35.62,21,BID
2020-10-30 10:38:35,CSCO,35.63,98,ASK
2020-10-30 10:38:36,CSCO,35.61,47,BID
2020-10-30 10:38:36,CSCO,35.62,55,ASK
2020-10-30 10:38:36,CSCO,35.61,82,BID
2020-10-30 10:38:37,CSCO,35.62,21,ASK
2020-10-30 10:38:36,CSCO,35.61,125,BID
2020-10-30 10:38:37,CSCO,35.62,23,ASK
2020-10-30 10:38:37,CSCO,35.62,80,BID
2020-10-30 10:38:37,CSCO,35.63,4,ASK
2020-10-30 10:38:38,CSCO,35.63,25,BID
2020-10-30 10:38:16,CSCO,35.64,82,ASK
2020-10-30 10:38:38,CSCO,35.63,67,BID
2020-10-30 10:38:16,CSCO,35.64,29,ASK
2020-10-30 10:38:38,CSCO,35.63,72,BID
2020-10-30 10:38:40,CSCO,35.64,34,ASK
2020-10-30 10:38:41,CSCO,35.64,61,BID
2020-10-30 10:38:42,CSCO,35.65,71,ASK
2020-10-30 10:38:42,CSCO,35.64,59,BID
2020-10-30 10:38:43,CSCO,35.65,53,ASK
2020-10-30 10:38:42,CSCO,35.64,69,BID
2020-10-30 10:38:43,CSCO,35.65,35,ASK
2020-10-30 10:38:42,CSCO,35.64,70,BID
2020-10-30 10:38:43,CSCO,35.65,27,ASK
2020-10-30 10:38:42,CSCO,35.64,74,BID
2020-10-30 10:38:46,CSCO,35.65,19,ASK
2020-10-30 10:38:48,CSCO,35.65,50,BID
2020-10-30 10:37:57,CSCO,35.66,77,ASK
2020-10-30 10:38:48,CSCO,35.65,49,BID
2020-10-30 10:37:57,CSCO,35.66,69,ASK
2020-10-30 10:38:48,CSCO,35.65,76,BID
2020-10-30 10:38:50,CSCO,35.66,25,ASK
2020-10-30 10:38:48,CSCO,35.65,77,BID
2020-10-30 10:38:50,CSCO,35.66,33,ASK
2020-10-30 10:38:48,CSCO,35.65,116,BID
2020-10-30 10:38:51,CSCO,35.66,16,ASK
2020-10-30 10:38:51,CSCO,35.66,104,BID
2020-10-30 10:31:44,CSCO,35.67,77,ASK
2020-10-30 10:38:51,CSCO,35.66,117,BID
2020-10-30 10:31:44,CSCO,35.67,49,ASK
2020-10-30 10:38:51,CSCO,35.66,123,BID
2020-10-30 10:31:44,CSCO,35.67,49,ASK
2020-10-30 10:38:53,CSCO,35.67,43,BID
2020-10-30 10:38:53,CSCO,35.68,87,ASK
2020-10-30 10:38:53,CSCO,35.67,73,BID
2020-10-30 10:38:54,CSCO,35.68,58,ASK
2020-10-30 10:38:53,CSCO,35.67,42,BID
2020-10-30 10:38:55,CSCO,35.68,75,ASK
2020-10-30 10:38:53,CSCO,35.67,73,BID
2020-10-30 10:38:57,CSCO,35.68,38,ASK
2020-10-30 10:38:53,CSCO,35.67,69,BID
2020-10-30 10:38:57,CSCO,35.68,25,ASK
2020-10-30 10:38:53,CSCO,35.67,41,BID
2020-10-30 10:38:59,CSCO,35.68,58,ASK
2020-10-30 10:39:00,CSCO,35.67,32,BID
2020-10-30 10:39:00,CSCO,35.68,58,ASK
2020-10-30 10:39:00,CSCO,35.67,32,BID
2020-10-30 10:39:01,CSCO,35.68,59,ASK
2020-10-30 10:39:00,CSCO,35.67,71,BID
2020-10-30 10:39:02,CSCO,35.68,34,ASK
2020-10-30 10:39:02,CSCO,35.68,21,BID
2020-10-30 10:39:02,CSCO,35.69,98,ASK
2020-10-30 10:39:00,CSCO,35.67,55,BID
2020-10-30 10:39:03,CSCO,35.68,36,ASK
2020-10-30 10:39:00,CSCO,35.67,55,BID
2020-10-30 10:39:04,CSCO,35.68,36,ASK
2020-10-30 10:39:00,CSCO,35.67,46,BID
2020-10-30 10:39:04,CSCO,35.68,38,ASK
2020-10-30 10:39:00,CSCO,35.67,36,BID
2020-10-30 10:39:05,CSCO,35.68,38,ASK
2020-10-30 10:39:00,CSCO,35.67,48,BID
2020-10-30 10:39:06,CSCO,35.68,35,ASK
2020-10-30 10:39:00,CSCO,35.67,41,BID
2020-10-30 10:39:08,CSCO,35.68,40,ASK
2020-10-30 10:39:00,CSCO,35.67,40,BID
2020-10-30 10:39:10,CSCO,35.68,35,ASK
2020-10-30 10:39:00,CSCO,35.67,37,BID
2020-10-30 10:39:10,CSCO,35.68,51,ASK
2020-10-30 10:39:00,CSCO,35.67,37,BID
2020-10-30 10:39:10,CSCO,35.68,51,ASK
2020-10-30 10:39:00,CSCO,35.67,37,BID
2020-10-30 10:39:10,CSCO,35.68,40,ASK
2020-10-30 10:39:00,CSCO,35.67,42,BID
2020-10-30 10:39:12,CSCO,35.68,39,ASK
2020-10-30 10:39:00,CSCO,35.67,40,BID
2020-10-30 10:39:13,CSCO,35.68,39,ASK
2020-10-30 10:39:00,CSCO,35.67,53,BID
2020-10-30 10:39:14,CSCO,35.68,35,ASK
2020-10-30 10:39:00,CSCO,35.67,54,BID
2020-10-30 10:39:15,CSCO,35.68,35,ASK
2020-10-30 10:39:17,CSCO,35.68,28,BID
2020-10-30 10:39:17,CSCO,35.69,58,ASK
2020-10-30 10:39:20,CSCO,35.68,39,BID
2020-10-30 10:39:20,CSCO,35.69,41,ASK
2020-10-30 10:39:22,CSCO,35.68,60,BID
2020-10-30 10:39:21,CSCO,35.69,31,ASK
2020-10-30 10:39:24,CSCO,35.68,38,BID
2020-10-30 10:39:21,CSCO,35.69,31,ASK
2020-10-30 10:39:26,CSCO,35.68,38,BID
2020-10-30 10:39:26,CSCO,35.69,33,ASK
2020-10-30 10:39:28,CSCO,35.68,17,BID
2020-10-30 10:39:26,CSCO,35.69,67,ASK
2020-10-30 10:39:28,CSCO,35.68,30,BID
2020-10-30 10:39:26,CSCO,35.69,60,ASK
2020-10-30 10:39:29,CSCO,35.68,23,BID
2020-10-30 10:39:26,CSCO,35.69,60,ASK
2020-10-30 10:39:29,CSCO,35.68,18,BID
2020-10-30 10:39:26,CSCO,35.69,60,ASK
2020-10-30 10:39:32,CSCO,35.68,27,BID
2020-10-30 10:39:26,CSCO,35.69,55,ASK
2020-10-30 10:39:32,CSCO,35.68,30,BID
2020-10-30 10:39:26,CSCO,35.69,54,ASK
2020-10-30 10:39:32,CSCO,35.68,30,BID
2020-10-30 10:39:26,CSCO,35.69,54,ASK
2020-10-30 10:39:33,CSCO,35.68,18,BID
2020-10-30 10:39:26,CSCO,35.69,60,ASK
2020-10-30 10:39:00,CSCO,35.67,56,BID
2020-10-30 10:39:36,CSCO,35.68,80,ASK
2020-10-30 10:39:00,CSCO,35.67,44,BID
2020-10-30 10:39:36,CSCO,35.68,57,ASK
2020-10-30 10:39:00,CSCO,35.67,56,BID
2020-10-30 10:39:38,CSCO,35.68,47,ASK
2020-10-30 10:39:00,CSCO,35.67,44,BID
2020-10-30 10:39:39,CSCO,35.68,47,ASK
2020-10-30 10:39:41,CSCO,35.68,33,BID
2020-10-30 10:39:26,CSCO,35.69,52,ASK
2020-10-30 10:39:41,CSCO,35.68,33,BID
2020-10-30 10:39:26,CSCO,35.69,57,ASK
2020-10-30 10:39:41,CSCO,35.68,33,BID
2020-10-30 10:39:26,CSCO,35.69,53,ASK
2020-10-30 10:39:41,CSCO,35.68,48,BID
2020-10-30 10:39:26,CSCO,35.69,54,ASK
2020-10-30 10:39:41,CSCO,35.68,53,BID
2020-10-30 10:39:46,CSCO,35.69,40,ASK
2020-10-30 10:39:41,CSCO,35.68,73,BID
2020-10-30 10:39:46,CSCO,35.69,36,ASK
2020-10-30 10:39:41,CSCO,35.68,55,BID
2020-10-30 10:39:46,CSCO,35.69,58,ASK
2020-10-30 10:39:41,CSCO,35.68,55,BID
2020-10-30 10:39:46,CSCO,35.69,63,ASK
2020-10-30 10:39:41,CSCO,35.68,50,BID
2020-10-30 10:39:46,CSCO,35.69,63,ASK
2020-10-30 10:39:41,CSCO,35.68,46,BID
2020-10-30 10:39:46,CSCO,35.69,65,ASK
2020-10-30 10:39:41,CSCO,35.68,76,BID
2020-10-30 10:39:51,CSCO,35.69,54,ASK
2020-10-30 10:39:41,CSCO,35.68,80,BID
2020-10-30 10:39:52,CSCO,35.69,84,ASK
2020-10-30 10:39:41,CSCO,35.68,104,BID
2020-10-30 10:39:52,CSCO,35.69,83,ASK
2020-10-30 10:39:41,CSCO,35.68,86,BID
2020-10-30 10:39:56,CSCO,35.69,36,ASK
2020-10-30 10:39:41,CSCO,35.68,122,BID
2020-10-30 10:39:58,CSCO,35.69,17,ASK
2020-10-30 10:39:59,CSCO,35.69,7,BID
2020-10-30 10:30:55,CSCO,35.7,96,ASK
2020-10-30 10:40:00,CSCO,35.69,14,BID
2020-10-30 10:30:55,CSCO,35.7,85,ASK
2020-10-30 10:40:00,CSCO,35.69,13,BID
2020-10-30 10:30:55,CSCO,35.7,86,ASK
2020-10-30 10:40:00,CSCO,35.69,7,BID
2020-10-30 10:30:55,CSCO,35.7,97,ASK
2020-10-30 10:40:00,CSCO,35.69,7,BID
2020-10-30 10:30:55,CSCO,35.7,109,ASK
2020-10-30 10:40:00,CSCO,35.69,7,BID
2020-10-30 10:30:55,CSCO,35.7,109,ASK
2020-10-30 10:39:41,CSCO,35.68,60,BID
2020-10-30 10:40:00,CSCO,35.69,67,ASK
2020-10-30 10:39:41,CSCO,35.68,60,BID
2020-10-30 10:40:00,CSCO,35.69,66,ASK
2020-10-30 10:39:41,CSCO,35.68,60,BID
2020-10-30 10:40:00,CSCO,35.69,66,ASK
2020-10-30 10:39:41,CSCO,35.68,48,BID
2020-10-30 10:40:01,CSCO,35.69,70,ASK
2020-10-30 10:39:41,CSCO,35.68,48,BID
2020-10-30 10:40:01,CSCO,35.69,70,ASK
2020-10-30 10:40:02,CSCO,35.67,46,BID
2020-10-30 10:40:02,CSCO,35.68,54,ASK
2020-10-30 10:38:51,CSCO,35.66,109,BID
2020-10-30 10:40:03,CSCO,35.67,70,ASK
2020-10-30 10:40:03,CSCO,35.65,49,BID
2020-10-30 10:40:03,CSCO,35.65,7,ASK
2020-10-30 10:38:42,CSCO,35.64,40,BID
2020-10-30 10:40:04,CSCO,35.65,80,ASK
2020-10-30 10:38:42,CSCO,35.64,50,BID
2020-10-30 10:40:04,CSCO,35.65,73,ASK
2020-10-30 10:40:07,CSCO,35.65,75,BID
2020-10-30 10:40:03,CSCO,35.66,72,ASK
2020-10-30 10:40:09,CSCO,35.65,105,BID
2020-10-30 10:40:03,CSCO,35.66,73,ASK
2020-10-30 10:40:09,CSCO,35.65,114,BID
2020-10-30 10:40:09,CSCO,35.66,15,ASK
2020-10-30 10:40:10,CSCO,35.65,150,BID
2020-10-30 10:40:10,CSCO,35.66,15,ASK
2020-10-30 10:40:11,CSCO,35.65,99,BID
2020-10-30 10:40:10,CSCO,35.66,56,ASK
2020-10-30 10:40:12,CSCO,35.65,102,BID
2020-10-30 10:40:10,CSCO,35.66,53,ASK
2020-10-30 10:40:13,CSCO,35.65,100,BID
2020-10-30 10:40:10,CSCO,35.66,84,ASK
2020-10-30 10:38:42,CSCO,35.64,42,BID
2020-10-30 10:40:13,CSCO,35.65,124,ASK
2020-10-30 10:38:38,CSCO,35.63,28,BID
2020-10-30 10:40:14,CSCO,35.64,81,ASK
2020-10-30 10:38:38,CSCO,35.63,69,BID
2020-10-30 10:40:14,CSCO,35.64,22,ASK
2020-10-30 10:40:17,CSCO,35.64,8,BID
2020-10-30 10:40:17,CSCO,35.64,23,ASK
2020-10-30 10:40:17,CSCO,35.64,64,BID
2020-10-30 10:40:17,CSCO,35.65,35,ASK
2020-10-30 10:40:18,CSCO,35.64,51,BID
2020-10-30 10:40:17,CSCO,35.65,17,ASK
2020-10-30 10:40:18,CSCO,35.65,35,BID
2020-10-30 10:40:10,CSCO,35.66,75,ASK
2020-10-30 10:40:18,CSCO,35.65,34,BID
2020-10-30 10:40:10,CSCO,35.66,76,ASK
2020-10-30 10:40:18,CSCO,35.65,34,BID
2020-10-30 10:40:10,CSCO,35.66,76,ASK
2020-10-30 10:40:18,CSCO,35.65,34,BID
2020-10-30 10:40:10,CSCO,35.66,76,ASK
2020-10-30 10:40:19,CSCO,35.65,44,BID
2020-10-30 10:40:10,CSCO,35.66,68,ASK
2020-10-30 10:40:19,CSCO,35.65,25,BID
2020-10-30 10:40:10,CSCO,35.66,82,ASK
2020-10-30 10:40:19,CSCO,35.65,25,BID
2020-10-30 10:40:10,CSCO,35.66,82,ASK
2020-10-30 10:40:19,CSCO,35.65,92,BID
2020-10-30 10:40:28,CSCO,35.66,18,ASK
2020-10-30 10:40:19,CSCO,35.65,78,BID
2020-10-30 10:40:30,CSCO,35.66,11,ASK
2020-10-30 10:40:19,CSCO,35.65,44,BID
2020-10-30 10:40:30,CSCO,35.66,60,ASK
2020-10-30 10:40:32,CSCO,35.64,17,BID
2020-10-30 10:40:32,CSCO,35.65,69,ASK
2020-10-30 10:38:38,CSCO,35.63,65,BID
2020-10-30 10:40:32,CSCO,35.64,26,ASK
2020-10-30 10:40:33,CSCO,35.63,89,BID
2020-10-30 10:40:32,CSCO,35.64,34,ASK
2020-10-30 10:40:34,CSCO,35.62,71,BID
2020-10-30 10:40:34,CSCO,35.63,32,ASK
2020-10-30 10:40:35,CSCO,35.62,40,BID
2020-10-30 10:40:34,CSCO,35.63,56,ASK
2020-10-30 10:40:36,CSCO,35.62,83,BID
2020-10-30 10:40:36,CSCO,35.63,26,ASK
2020-10-30 10:40:37,CSCO,35.64,60,BID
2020-10-30 10:40:37,CSCO,35.65,65,ASK
2020-10-30 10:40:38,CSCO,35.64,52,BID
2020-10-30 10:40:38,CSCO,35.65,71,ASK
2020-10-30 10:40:38,CSCO,35.64,49,BID
2020-10-30 10:40:40,CSCO,35.65,61,ASK
2020-10-30 10:40:38,CSCO,35.64,67,BID
2020-10-30 10:40:41,CSCO,35.65,23,ASK
2020-10-30 10:40:38,CSCO,35.64,68,BID
2020-10-30 10:40:41,CSCO,35.65,27,ASK
2020-10-30 10:40:38,CSCO,35.64,48,BID
2020-10-30 10:40:42,CSCO,35.65,54,ASK
2020-10-30 10:40:43,CSCO,35.64,65,BID
2020-10-30 10:40:45,CSCO,35.65,9,ASK
2020-10-30 10:40:46,CSCO,35.65,59,BID
2020-10-30 10:40:30,CSCO,35.66,62,ASK
2020-10-30 10:40:46,CSCO,35.65,48,BID
2020-10-30 10:40:30,CSCO,35.66,66,ASK
2020-10-30 10:40:47,CSCO,35.65,52,BID
2020-10-30 10:40:30,CSCO,35.66,66,ASK
2020-10-30 10:40:50,CSCO,35.65,53,BID
2020-10-30 10:40:30,CSCO,35.66,62,ASK
2020-10-30 10:40:50,CSCO,35.65,40,BID
2020-10-30 10:40:30,CSCO,35.66,91,ASK
2020-10-30 10:40:43,CSCO,35.64,61,BID
2020-10-30 10:40:52,CSCO,35.65,22,ASK
2020-10-30 10:40:43,CSCO,35.64,70,BID
2020-10-30 10:40:53,CSCO,35.65,20,ASK
2020-10-30 10:40:54,CSCO,35.65,41,BID
2020-10-30 10:40:30,CSCO,35.66,62,ASK
2020-10-30 10:40:55,CSCO,35.66,7,BID
2020-10-30 10:40:55,CSCO,35.66,17,ASK
2020-10-30 10:40:55,CSCO,35.66,34,BID
2020-10-30 10:40:55,CSCO,35.67,62,ASK
2020-10-30 10:40:55,CSCO,35.66,32,BID
2020-10-30 10:40:56,CSCO,35.67,58,ASK
2020-10-30 10:40:57,CSCO,35.66,50,BID
2020-10-30 10:40:57,CSCO,35.67,58,ASK
2020-10-30 10:40:58,CSCO,35.66,38,BID
2020-10-30 10:40:58,CSCO,35.67,58,ASK
2020-10-30 10:40:59,CSCO,35.66,43,BID
2020-10-30 10:40:59,CSCO,35.67,58,ASK
2020-10-30 10:41:00,CSCO,35.66,34,BID
2020-10-30 10:41:00,CSCO,35.66,61,ASK
2020-10-30 10:41:01,CSCO,35.65,73,BID
2020-10-30 10:41:01,CSCO,35.66,69,ASK
2020-10-30 10:41:02,CSCO,35.65,78,BID
2020-10-30 10:41:02,CSCO,35.66,69,ASK
2020-10-30 10:41:04,CSCO,35.65,78,BID
2020-10-30 10:41:02,CSCO,35.66,66,ASK
2020-10-30 10:41:04,CSCO,35.66,48,BID
2020-10-30 10:41:04,CSCO,35.67,42,ASK
2020-10-30 10:41:05,CSCO,35.66,33,BID
2020-10-30 10:41:05,CSCO,35.67,61,ASK
2020-10-30 10:41:06,CSCO,35.66,13,BID
2020-10-30 10:41:06,CSCO,35.67,74,ASK
2020-10-30 10:41:06,CSCO,35.66,36,BID
2020-10-30 10:41:07,CSCO,35.67,64,ASK
2020-10-30 10:41:06,CSCO,35.66,39,BID
2020-10-30 10:41:08,CSCO,35.67,61,ASK
2020-10-30 10:41:06,CSCO,35.66,31,BID
2020-10-30 10:41:10,CSCO,35.67,93,ASK
2020-10-30 10:41:11,CSCO,35.65,60,BID
2020-10-30 10:41:11,CSCO,35.66,59,ASK
2020-10-30 10:41:12,CSCO,35.65,56,BID
2020-10-30 10:41:12,CSCO,35.66,24,ASK
2020-10-30 10:41:13,CSCO,35.65,58,BID
2020-10-30 10:41:13,CSCO,35.66,22,ASK
2020-10-30 10:41:14,CSCO,35.65,25,BID
2020-10-30 10:41:14,CSCO,35.66,55,ASK
2020-10-30 10:41:16,CSCO,35.65,8,BID
2020-10-30 10:41:14,CSCO,35.66,64,ASK
2020-10-30 10:41:16,CSCO,35.65,24,BID
2020-10-30 10:41:14,CSCO,35.66,60,ASK
2020-10-30 10:40:43,CSCO,35.64,67,BID
2020-10-30 10:41:17,CSCO,35.65,7,ASK
2020-10-30 10:40:43,CSCO,35.64,75,BID
2020-10-30 10:41:18,CSCO,35.65,13,ASK
2020-10-30 10:40:43,CSCO,35.64,71,BID
2020-10-30 10:41:19,CSCO,35.65,61,ASK
2020-10-30 10:40:43,CSCO,35.64,31,BID
2020-10-30 10:41:20,CSCO,35.65,58,ASK
2020-10-30 10:40:43,CSCO,35.64,48,BID
2020-10-30 10:41:21,CSCO,35.65,57,ASK
2020-10-30 10:40:43,CSCO,35.64,25,BID
2020-10-30 10:41:22,CSCO,35.65,93,ASK
2020-10-30 10:40:43,CSCO,35.64,17,BID
2020-10-30 10:41:22,CSCO,35.65,73,ASK
2020-10-30 10:41:22,CSCO,35.63,45,BID
2020-10-30 10:41:22,CSCO,35.64,53,ASK
2020-10-30 10:41:22,CSCO,35.63,49,BID
2020-10-30 10:41:23,CSCO,35.64,58,ASK
2020-10-30 10:41:22,CSCO,35.63,49,BID
2020-10-30 10:41:23,CSCO,35.64,27,ASK
2020-10-30 10:41:22,CSCO,35.63,156,BID
2020-10-30 10:41:24,CSCO,35.64,14,ASK
2020-10-30 10:41:25,CSCO,35.64,38,BID
2020-10-30 10:41:25,CSCO,35.65,57,ASK
2020-10-30 10:41:25,CSCO,35.64,42,BID
2020-10-30 10:41:26,CSCO,35.65,48,ASK
2020-10-30 10:41:25,CSCO,35.64,68,BID
2020-10-30 10:41:26,CSCO,35.65,7,ASK
2020-10-30 10:41:25,CSCO,35.64,42,BID
2020-10-30 10:41:26,CSCO,35.65,64,ASK
2020-10-30 10:41:25,CSCO,35.64,38,BID
2020-10-30 10:41:26,CSCO,35.65,63,ASK
2020-10-30 10:41:25,CSCO,35.64,64,BID
2020-10-30 10:41:26,CSCO,35.65,20,ASK
2020-10-30 10:41:25,CSCO,35.64,77,BID
2020-10-30 10:41:26,CSCO,35.65,17,ASK
2020-10-30 10:41:31,CSCO,35.65,19,BID
2020-10-30 10:41:31,CSCO,35.66,55,ASK
2020-10-30 10:41:32,CSCO,35.65,44,BID
2020-10-30 10:41:32,CSCO,35.66,23,ASK
2020-10-30 10:41:34,CSCO,35.65,19,BID
2020-10-30 10:41:34,CSCO,35.66,54,ASK
2020-10-30 10:41:35,CSCO,35.65,19,BID
2020-10-30 10:41:35,CSCO,35.66,66,ASK
2020-10-30 10:41:25,CSCO,35.64,49,BID
2020-10-30 10:41:36,CSCO,35.65,86,ASK
2020-10-30 10:41:25,CSCO,35.64,41,BID
2020-10-30 10:41:37,CSCO,35.65,65,ASK
2020-10-30 10:41:25,CSCO,35.64,71,BID
2020-10-30 10:41:38,CSCO,35.65,25,ASK
2020-10-30 10:41:25,CSCO,35.64,48,BID
2020-10-30 10:41:38,CSCO,35.65,84,ASK
2020-10-30 10:41:25,CSCO,35.64,34,BID
2020-10-30 10:41:38,CSCO,35.65,87,ASK
2020-10-30 10:41:41,CSCO,35.64,30,BID
2020-10-30 10:41:41,CSCO,35.64,77,ASK
2020-10-30 10:41:41,CSCO,35.63,72,BID
2020-10-30 10:41:41,CSCO,35.64,72,ASK
2020-10-30 10:41:41,CSCO,35.63,158,BID
2020-10-30 10:41:43,CSCO,35.64,40,ASK
2020-10-30 10:41:43,CSCO,35.64,18,BID
2020-10-30 10:41:38,CSCO,35.65,91,ASK
2020-10-30 10:41:44,CSCO,35.64,50,BID
2020-10-30 10:41:38,CSCO,35.65,58,ASK
2020-10-30 10:41:44,CSCO,35.64,55,BID
2020-10-30 10:41:38,CSCO,35.65,35,ASK
2020-10-30 10:41:44,CSCO,35.64,57,BID
2020-10-30 10:41:38,CSCO,35.65,39,ASK
2020-10-30 10:41:44,CSCO,35.64,57,BID
2020-10-30 10:41:46,CSCO,35.65,29,ASK
2020-10-30 10:41:44,CSCO,35.64,61,BID
2020-10-30 10:41:47,CSCO,35.65,42,ASK
2020-10-30 10:41:44,CSCO,35.64,64,BID
2020-10-30 10:41:47,CSCO,35.65,37,ASK
2020-10-30 10:41:50,CSCO,35.65,63,BID
2020-10-30 10:41:50,CSCO,35.66,7,ASK
2020-10-30 10:41:50,CSCO,35.65,107,BID
2020-10-30 10:41:50,CSCO,35.66,9,ASK
2020-10-30 10:41:50,CSCO,35.66,19,BID
2020-10-30 10:41:50,CSCO,35.67,64,ASK
2020-10-30 10:41:51,CSCO,35.65,11,BID
2020-10-30 10:41:51,CSCO,35.66,158,ASK
2020-10-30 10:41:51,CSCO,35.65,26,BID
2020-10-30 10:41:51,CSCO,35.66,132,ASK
2020-10-30 10:41:51,CSCO,35.65,59,BID
2020-10-30 10:41:52,CSCO,35.66,111,ASK
2020-10-30 10:41:51,CSCO,35.65,60,BID
2020-10-30 10:41:54,CSCO,35.66,67,ASK
2020-10-30 10:41:54,CSCO,35.66,41,BID
2020-10-30 10:41:54,CSCO,35.67,65,ASK
2020-10-30 10:41:54,CSCO,35.66,62,BID
2020-10-30 10:41:56,CSCO,35.67,49,ASK
2020-10-30 10:41:56,CSCO,35.66,75,BID
2020-10-30 10:41:57,CSCO,35.67,36,ASK
2020-10-30 10:41:56,CSCO,35.66,75,BID
2020-10-30 10:41:57,CSCO,35.67,34,ASK
2020-10-30 10:41:59,CSCO,35.67,36,BID
2020-10-30 10:41:59,CSCO,35.68,49,ASK
2020-10-30 10:41:56,CSCO,35.66,71,BID
2020-10-30 10:41:59,CSCO,35.67,16,ASK
2020-10-30 10:42:00,CSCO,35.66,9,BID
2020-10-30 10:42:00,CSCO,35.67,84,ASK
2020-10-30 10:41:51,CSCO,35.65,34,BID
2020-10-30 10:42:00,CSCO,35.66,106,ASK
2020-10-30 10:42:01,CSCO,35.65,61,BID
2020-10-30 10:42:01,CSCO,35.66,33,ASK
2020-10-30 10:42:01,CSCO,35.65,34,BID
2020-10-30 10:42:02,CSCO,35.66,64,ASK
2020-10-30 10:42:01,CSCO,35.65,29,BID
2020-10-30 10:42:03,CSCO,35.66,70,ASK
2020-10-30 10:42:01,CSCO,35.65,29,BID
2020-10-30 10:42:03,CSCO,35.66,70,ASK
2020-10-30 10:42:04,CSCO,35.65,27,BID
2020-10-30 10:42:04,CSCO,35.66,74,ASK
2020-10-30 10:42:04,CSCO,35.64,42,BID
2020-10-30 10:42:04,CSCO,35.65,79,ASK
2020-10-30 10:42:04,CSCO,35.64,52,BID
2020-10-30 10:42:05,CSCO,35.65,63,ASK
2020-10-30 10:42:04,CSCO,35.64,49,BID
2020-10-30 10:42:05,CSCO,35.65,58,ASK
2020-10-30 10:42:04,CSCO,35.64,44,BID
2020-10-30 10:42:05,CSCO,35.65,60,ASK
2020-10-30 10:42:04,CSCO,35.64,44,BID
2020-10-30 10:42:07,CSCO,35.65,69,ASK
2020-10-30 10:42:04,CSCO,35.64,52,BID
2020-10-30 10:42:08,CSCO,35.65,59,ASK
2020-10-30 10:42:04,CSCO,35.64,56,BID
2020-10-30 10:42:09,CSCO,35.65,58,ASK
2020-10-30 10:42:04,CSCO,35.64,58,BID
2020-10-30 10:42:11,CSCO,35.65,58,ASK
2020-10-30 10:42:04,CSCO,35.64,78,BID
2020-10-30 10:42:11,CSCO,35.65,18,ASK
2020-10-30 10:42:04,CSCO,35.64,85,BID
2020-10-30 10:42:12,CSCO,35.65,9,ASK
2020-10-30 10:42:13,CSCO,35.65,15,BID
2020-10-30 10:42:13,CSCO,35.66,84,ASK
2020-10-30 10:42:13,CSCO,35.65,23,BID
2020-10-30 10:42:00,CSCO,35.66,77,ASK
2020-10-30 10:42:13,CSCO,35.65,24,BID
2020-10-30 10:42:00,CSCO,35.66,77,ASK
2020-10-30 10:42:13,CSCO,35.65,24,BID
2020-10-30 10:42:00,CSCO,35.66,57,ASK
2020-10-30 10:42:13,CSCO,35.65,24,BID
2020-10-30 10:42:00,CSCO,35.66,57,ASK
2020-10-30 10:42:18,CSCO,35.65,16,BID
2020-10-30 10:42:00,CSCO,35.66,64,ASK
2020-10-30 10:42:04,CSCO,35.64,57,BID
2020-10-30 10:42:18,CSCO,35.65,63,ASK
2020-10-30 10:42:04,CSCO,35.64,58,BID
2020-10-30 10:42:19,CSCO,35.65,58,ASK
2020-10-30 10:42:04,CSCO,35.64,78,BID
2020-10-30 10:42:21,CSCO,35.65,10,ASK
2020-10-30 10:42:04,CSCO,35.64,82,BID
2020-10-30 10:42:22,CSCO,35.65,42,ASK
2020-10-30 10:42:04,CSCO,35.64,87,BID
2020-10-30 10:42:23,CSCO,35.65,18,ASK
2020-10-30 10:42:04,CSCO,35.64,88,BID
2020-10-30 10:42:25,CSCO,35.65,25,ASK
2020-10-30 10:42:26,CSCO,35.65,26,BID
2020-10-30 10:42:00,CSCO,35.66,67,ASK
2020-10-30 10:42:27,CSCO,35.65,29,BID
2020-10-30 10:42:26,CSCO,35.66,51,ASK
2020-10-30 10:42:28,CSCO,35.65,30,BID
2020-10-30 10:42:27,CSCO,35.66,58,ASK
2020-10-30 10:42:29,CSCO,35.65,51,BID
2020-10-30 10:42:27,CSCO,35.66,34,ASK
2020-10-30 10:42:30,CSCO,35.65,25,BID
2020-10-30 10:42:27,CSCO,35.66,59,ASK
2020-10-30 10:42:31,CSCO,35.65,27,BID
2020-10-30 10:42:27,CSCO,35.66,60,ASK
2020-10-30 10:42:33,CSCO,35.65,18,BID
2020-10-30 10:42:27,CSCO,35.66,60,ASK
2020-10-30 10:42:34,CSCO,35.65,16,BID
2020-10-30 10:42:27,CSCO,35.66,63,ASK
2020-10-30 10:42:04,CSCO,35.64,66,BID
2020-10-30 10:42:36,CSCO,35.65,63,ASK
2020-10-30 10:42:04,CSCO,35.64,66,BID
2020-10-30 10:42:37,CSCO,35.65,49,ASK
2020-10-30 10:42:04,CSCO,35.64,53,BID
2020-10-30 10:42:38,CSCO,35.65,50,ASK
2020-10-30 10:42:04,CSCO,35.64,53,BID
2020-10-30 10:42:38,CSCO,35.65,54,ASK
2020-10-30 10:42:04,CSCO,35.64,74,BID
2020-10-30 10:42:39,CSCO,35.65,50,ASK
2020-10-30 10:42:04,CSCO,35.64,84,BID
2020-10-30 10:42:41,CSCO,35.65,59,ASK
2020-10-30 10:42:04,CSCO,35.64,79,BID
2020-10-30 10:42:42,CSCO,35.65,55,ASK
2020-10-30 10:42:04,CSCO,35.64,79,BID
2020-10-30 10:42:43,CSCO,35.65,55,ASK
2020-10-30 10:42:04,CSCO,35.64,75,BID
2020-10-30 10:42:44,CSCO,35.65,56,ASK
2020-10-30 10:42:04,CSCO,35.64,117,BID
2020-10-30 10:42:45,CSCO,35.65,16,ASK
2020-10-30 10:42:04,CSCO,35.64,110,BID
2020-10-30 10:42:46,CSCO,35.65,33,ASK
2020-10-30 10:42:47,CSCO,35.65,84,BID
2020-10-30 10:42:27,CSCO,35.66,79,ASK
2020-10-30 10:42:50,CSCO,35.65,72,BID
2020-10-30 10:42:27,CSCO,35.66,86,ASK
2020-10-30 10:42:50,CSCO,35.65,66,BID
2020-10-30 10:42:27,CSCO,35.66,80,ASK
2020-10-30 10:42:04,CSCO,35.64,100,BID
2020-10-30 10:42:52,CSCO,35.65,33,ASK
2020-10-30 10:42:52,CSCO,35.65,15,BID
2020-10-30 10:42:27,CSCO,35.66,75,ASK
2020-10-30 10:42:53,CSCO,35.65,37,BID
2020-10-30 10:42:27,CSCO,35.66,65,ASK
2020-10-30 10:42:54,CSCO,35.65,43,BID
2020-10-30 10:42:27,CSCO,35.66,53,ASK
2020-10-30 10:42:55,CSCO,35.65,44,BID
2020-10-30 10:42:55,CSCO,35.66,36,ASK
2020-10-30 10:42:04,CSCO,35.64,116,BID
2020-10-30 10:42:56,CSCO,35.65,52,ASK
2020-10-30 10:42:04,CSCO,35.64,95,BID
2020-10-30 10:42:56,CSCO,35.65,38,ASK
2020-10-30 10:42:04,CSCO,35.64,97,BID
2020-10-30 10:42:57,CSCO,35.65,27,ASK
2020-10-30 10:42:04,CSCO,35.64,95,BID
2020-10-30 10:42:58,CSCO,35.65,45,ASK
2020-10-30 10:42:04,CSCO,35.64,95,BID
2020-10-30 10:42:58,CSCO,35.65,45,ASK
2020-10-30 10:42:04,CSCO,35.64,96,BID
2020-10-30 10:42:58,CSCO,35.65,42,ASK
2020-10-30 10:42:04,CSCO,35.64,113,BID
2020-10-30 10:43:00,CSCO,35.65,33,ASK
2020-10-30 10:42:04,CSCO,35.64,121,BID
2020-10-30 10:43:00,CSCO,35.65,33,ASK
2020-10-30 10:42:04,CSCO,35.64,95,BID
2020-10-30 10:43:00,CSCO,35.65,61,ASK
2020-10-30 10:42:04,CSCO,35.64,90,BID
2020-10-30 10:43:00,CSCO,35.65,57,ASK
2020-10-30 10:42:04,CSCO,35.64,115,BID
2020-10-30 10:43:02,CSCO,35.65,49,ASK
2020-10-30 10:43:02,CSCO,35.65,71,BID
2020-10-30 10:43:02,CSCO,35.65,29,ASK
2020-10-30 10:42:04,CSCO,35.64,68,BID
2020-10-30 10:43:02,CSCO,35.65,79,ASK
2020-10-30 10:42:04,CSCO,35.64,73,BID
2020-10-30 10:43:03,CSCO,35.65,45,ASK
2020-10-30 10:42:04,CSCO,35.64,74,BID
2020-10-30 10:43:03,CSCO,35.65,39,ASK
2020-10-30 10:42:04,CSCO,35.64,76,BID
2020-10-30 10:43:03,CSCO,35.65,31,ASK
2020-10-30 10:42:04,CSCO,35.64,74,BID
2020-10-30 10:43:04,CSCO,35.65,34,ASK
2020-10-30 10:42:04,CSCO,35.64,63,BID
2020-10-30 10:43:04,CSCO,35.65,55,ASK
2020-10-30 10:43:04,CSCO,35.64,25,BID
2020-10-30 10:43:04,CSCO,35.65,57,ASK
2020-10-30 10:41:41,CSCO,35.63,78,BID
2020-10-30 10:43:05,CSCO,35.64,37,ASK
2020-10-30 10:43:06,CSCO,35.64,46,BID
2020-10-30 10:43:06,CSCO,35.65,44,ASK
2020-10-30 10:43:06,CSCO,35.64,47,BID
2020-10-30 10:43:06,CSCO,35.65,44,ASK
2020-10-30 10:43:07,CSCO,35.64,32,BID
2020-10-30 10:43:07,CSCO,35.65,44,ASK
2020-10-30 10:43:07,CSCO,35.64,27,BID
2020-10-30 10:43:07,CSCO,35.65,58,ASK
2020-10-30 10:43:08,CSCO,35.64,26,BID
2020-10-30 10:43:08,CSCO,35.65,53,ASK
2020-10-30 10:43:09,CSCO,35.64,26,BID
2020-10-30 10:43:09,CSCO,35.65,56,ASK
2020-10-30 10:43:10,CSCO,35.64,26,BID
2020-10-30 10:43:10,CSCO,35.65,44,ASK
2020-10-30 10:43:11,CSCO,35.64,25,BID
2020-10-30 10:43:11,CSCO,35.65,45,ASK
2020-10-30 10:43:11,CSCO,35.64,54,BID
2020-10-30 10:43:11,CSCO,35.65,44,ASK
2020-10-30 10:43:11,CSCO,35.64,50,BID
2020-10-30 10:43:12,CSCO,35.65,44,ASK
2020-10-30 10:43:11,CSCO,35.64,50,BID
2020-10-30 10:43:13,CSCO,35.65,44,ASK
2020-10-30 10:43:11,CSCO,35.64,80,BID
2020-10-30 10:43:14,CSCO,35.65,22,ASK
2020-10-30 10:43:11,CSCO,35.64,85,BID
2020-10-30 10:43:15,CSCO,35.65,20,ASK
2020-10-30 10:43:15,CSCO,35.65,56,BID
2020-10-30 10:42:30,CSCO,35.66,122,ASK
2020-10-30 10:43:15,CSCO,35.65,41,BID
2020-10-30 10:42:30,CSCO,35.66,88,ASK
2020-10-30 10:43:17,CSCO,35.65,38,BID
2020-10-30 10:42:30,CSCO,35.66,89,ASK
2020-10-30 10:43:11,CSCO,35.64,49,BID
2020-10-30 10:43:18,CSCO,35.65,83,ASK
2020-10-30 10:43:11,CSCO,35.64,45,BID
2020-10-30 10:43:18,CSCO,35.65,68,ASK
2020-10-30 10:43:11,CSCO,35.64,45,BID
2020-10-30 10:43:19,CSCO,35.65,58,ASK
2020-10-30 10:43:11,CSCO,35.64,45,BID
2020-10-30 10:43:20,CSCO,35.65,60,ASK
2020-10-30 10:43:11,CSCO,35.64,48,BID
2020-10-30 10:43:21,CSCO,35.65,60,ASK
2020-10-30 10:43:11,CSCO,35.64,44,BID
2020-10-30 10:43:21,CSCO,35.65,60,ASK
2020-10-30 10:43:11,CSCO,35.64,44,BID
2020-10-30 10:43:21,CSCO,35.65,60,ASK
2020-10-30 10:43:22,CSCO,35.64,44,BID
2020-10-30 10:43:22,CSCO,35.65,149,ASK
2020-10-30 10:41:41,CSCO,35.63,62,BID
2020-10-30 10:43:22,CSCO,35.64,62,ASK
2020-10-30 10:41:41,CSCO,35.63,45,BID
2020-10-30 10:43:23,CSCO,35.64,84,ASK
2020-10-30 10:43:23,CSCO,35.62,47,BID
2020-10-30 10:43:23,CSCO,35.63,131,ASK
2020-10-30 10:43:23,CSCO,35.62,42,BID
2020-10-30 10:43:23,CSCO,35.63,120,ASK
2020-10-30 10:38:36,CSCO,35.61,68,BID
2020-10-30 10:43:24,CSCO,35.62,46,ASK
2020-10-30 10:38:36,CSCO,35.61,68,BID
2020-10-30 10:43:24,CSCO,35.62,55,ASK
2020-10-30 10:38:36,CSCO,35.61,71,BID
2020-10-30 10:43:25,CSCO,35.62,55,ASK
2020-10-30 10:38:36,CSCO,35.61,70,BID
2020-10-30 10:43:26,CSCO,35.62,25,ASK
2020-10-30 10:38:36,CSCO,35.61,71,BID
2020-10-30 10:43:27,CSCO,35.62,25,ASK
2020-10-30 10:38:36,CSCO,35.61,71,BID
2020-10-30 10:43:28,CSCO,35.62,46,ASK
2020-10-30 10:38:36,CSCO,35.61,75,BID
2020-10-30 10:43:30,CSCO,35.62,35,ASK
2020-10-30 10:38:36,CSCO,35.61,85,BID
2020-10-30 10:43:31,CSCO,35.62,20,ASK
2020-10-30 10:43:32,CSCO,35.62,44,BID
2020-10-30 10:43:32,CSCO,35.63,122,ASK
2020-10-30 10:43:32,CSCO,35.62,47,BID
2020-10-30 10:43:32,CSCO,35.63,74,ASK
2020-10-30 10:43:33,CSCO,35.62,52,BID
2020-10-30 10:43:33,CSCO,35.63,92,ASK
2020-10-30 10:43:35,CSCO,35.62,45,BID
2020-10-30 10:43:33,CSCO,35.63,112,ASK
2020-10-30 10:43:35,CSCO,35.62,48,BID
2020-10-30 10:43:33,CSCO,35.63,88,ASK
2020-10-30 10:43:37,CSCO,35.62,44,BID
2020-10-30 10:43:33,CSCO,35.63,99,ASK
2020-10-30 10:43:38,CSCO,35.62,32,BID
2020-10-30 10:43:33,CSCO,35.63,103,ASK
2020-10-30 10:43:39,CSCO,35.62,31,BID
2020-10-30 10:43:33,CSCO,35.63,103,ASK
2020-10-30 10:43:40,CSCO,35.62,38,BID
2020-10-30 10:43:40,CSCO,35.62,131,ASK
2020-10-30 10:43:40,CSCO,35.61,43,BID
2020-10-30 10:43:40,CSCO,35.62,118,ASK
2020-10-30 10:43:40,CSCO,35.61,50,BID
2020-10-30 10:43:41,CSCO,35.62,113,ASK
2020-10-30 10:43:40,CSCO,35.61,82,BID
2020-10-30 10:43:43,CSCO,35.62,105,ASK
2020-10-30 10:43:40,CSCO,35.61,76,BID
2020-10-30 10:43:45,CSCO,35.62,109,ASK
2020-10-30 10:43:45,CSCO,35.61,43,BID
2020-10-30 10:43:45,CSCO,35.62,135,ASK
2020-10-30 10:43:46,CSCO,35.6,66,BID
2020-10-30 10:43:46,CSCO,35.61,94,ASK
2020-10-30 10:43:46,CSCO,35.6,37,BID
2020-10-30 10:43:46,CSCO,35.61,92,ASK
2020-10-30 10:43:47,CSCO,35.6,18,BID
2020-10-30 10:43:46,CSCO,35.61,160,ASK
2020-10-30 10:43:47,CSCO,35.59,55,BID
2020-10-30 10:43:47,CSCO,35.6,37,ASK
2020-10-30 10:43:47,CSCO,35.59,52,BID
2020-10-30 10:43:47,CSCO,35.6,121,ASK
2020-10-30 10:43:48,CSCO,35.58,39,BID
2020-10-30 10:43:47,CSCO,35.59,50,ASK
2020-10-30 10:43:48,CSCO,35.58,21,BID
2020-10-30 10:43:47,CSCO,35.59,67,ASK
2020-10-30 10:43:49,CSCO,35.58,18,BID
2020-10-30 10:43:47,CSCO,35.59,67,ASK
2020-10-30 10:43:49,CSCO,35.58,18,BID
2020-10-30 10:43:47,CSCO,35.59,126,ASK
2020-10-30 09:31:35,CSCO,35.57,39,BID
2020-10-30 10:43:49,CSCO,35.58,56,ASK
2020-10-30 10:43:50,CSCO,35.57,23,BID
2020-10-30 10:43:50,CSCO,35.58,62,ASK
2020-10-30 10:43:50,CSCO,35.57,58,BID
2020-10-30 10:43:50,CSCO,35.58,54,ASK
2020-10-30 10:43:50,CSCO,35.57,29,BID
2020-10-30 10:43:50,CSCO,35.58,74,ASK
2020-10-30 09:31:35,CSCO,35.56,49,BID
2020-10-30 10:43:50,CSCO,35.57,38,ASK
2020-10-30 09:31:35,CSCO,35.56,40,BID
2020-10-30 10:43:51,CSCO,35.57,45,ASK
2020-10-30 10:43:51,CSCO,35.56,60,BID
2020-10-30 10:43:51,CSCO,35.57,53,ASK
2020-10-30 10:43:51,CSCO,35.56,62,BID
2020-10-30 10:43:51,CSCO,35.56,75,ASK
2020-10-30 10:43:52,CSCO,35.54,44,BID
2020-10-30 10:43:52,CSCO,35.55,22,ASK
2020-10-30 10:43:52,CSCO,35.54,34,BID
2020-10-30 10:43:52,CSCO,35.55,67,ASK
2020-10-30 10:43:52,CSCO,35.54,59,BID
2020-10-30 10:43:52,CSCO,35.55,73,ASK
2020-10-30 10:43:53,CSCO,35.54,59,BID
2020-10-30 10:43:53,CSCO,35.55,98,ASK
2020-10-30 10:43:53,CSCO,35.54,128,BID
2020-10-30 10:43:53,CSCO,35.55,63,ASK
2020-10-30 10:43:54,CSCO,35.56,4,BID
2020-10-30 10:43:54,CSCO,35.56,97,ASK
2020-10-30 10:43:54,CSCO,35.56,36,BID
2020-10-30 10:43:54,CSCO,35.57,56,ASK
2020-10-30 10:43:54,CSCO,35.56,23,BID
2020-10-30 10:43:54,CSCO,35.57,55,ASK
2020-10-30 10:43:54,CSCO,35.56,22,BID
2020-10-30 10:43:55,CSCO,35.57,49,ASK
2020-10-30 10:43:54,CSCO,35.56,31,BID
2020-10-30 10:43:55,CSCO,35.57,66,ASK
2020-10-30 10:43:55,CSCO,35.55,53,BID
2020-10-30 10:43:55,CSCO,35.56,68,ASK
2020-10-30 10:43:55,CSCO,35.55,49,BID
2020-10-30 10:43:55,CSCO,35.56,28,ASK
2020-10-30 10:43:56,CSCO,35.55,21,BID
2020-10-30 10:43:56,CSCO,35.56,72,ASK
2020-10-30 10:43:56,CSCO,35.55,28,BID
2020-10-30 10:43:56,CSCO,35.56,62,ASK
2020-10-30 10:43:53,CSCO,35.54,55,BID
2020-10-30 10:43:56,CSCO,35.55,49,ASK
2020-10-30 09:31:20,CSCO,35.53,76,BID
2020-10-30 10:43:57,CSCO,35.54,33,ASK
2020-10-30 09:31:20,CSCO,35.53,56,BID
2020-10-30 10:43:57,CSCO,35.54,55,ASK
2020-10-30 10:43:58,CSCO,35.53,45,BID
2020-10-30 10:43:57,CSCO,35.54,59,ASK
2020-10-30 10:43:58,CSCO,35.54,53,BID
2020-10-30 10:43:58,CSCO,35.55,52,ASK
2020-10-30 10:43:59,CSCO,35.54,49,BID
2020-10-30 10:43:59,CSCO,35.55,27,ASK
2020-10-30 10:44:00,CSCO,35.54,55,BID
2020-10-30 10:43:59,CSCO,35.55,27,ASK
2020-10-30 10:44:01,CSCO,35.54,55,BID
2020-10-30 10:44:01,CSCO,35.55,37,ASK
2020-10-30 10:44:01,CSCO,35.55,89,BID
2020-10-30 10:44:01,CSCO,35.56,57,ASK
2020-10-30 10:44:01,CSCO,35.55,74,BID
2020-10-30 10:44:02,CSCO,35.56,5,ASK
2020-10-30 10:44:01,CSCO,35.55,77,BID
2020-10-30 10:44:03,CSCO,35.56,14,ASK
2020-10-30 10:44:03,CSCO,35.56,41,BID
2020-10-30 10:44:03,CSCO,35.57,54,ASK
2020-10-30 10:44:03,CSCO,35.56,43,BID
2020-10-30 10:44:03,CSCO,35.57,36,ASK
2020-10-30 10:44:04,CSCO,35.56,49,BID
2020-10-30 10:44:04,CSCO,35.57,45,ASK
2020-10-30 10:44:04,CSCO,35.56,6,BID
2020-10-30 10:44:04,CSCO,35.57,53,ASK
2020-10-30 10:44:05,CSCO,35.56,39,BID
2020-10-30 10:44:05,CSCO,35.57,39,ASK
2020-10-30 10:44:05,CSCO,35.56,35,BID
2020-10-30 10:44:05,CSCO,35.57,45,ASK
2020-10-30 10:44:05,CSCO,35.56,33,BID
2020-10-30 10:44:06,CSCO,35.57,67,ASK
2020-10-30 10:44:05,CSCO,35.56,50,BID
2020-10-30 10:44:06,CSCO,35.57,48,ASK
2020-10-30 10:44:05,CSCO,35.56,51,BID
2020-10-30 10:44:06,CSCO,35.57,48,ASK
2020-10-30 10:44:05,CSCO,35.56,47,BID
2020-10-30 10:44:08,CSCO,35.57,48,ASK
2020-10-30 10:44:05,CSCO,35.56,41,BID
2020-10-30 10:44:08,CSCO,35.57,51,ASK
2020-10-30 10:44:05,CSCO,35.56,41,BID
2020-10-30 10:44:08,CSCO,35.57,50,ASK
2020-10-30 10:44:05,CSCO,35.56,41,BID
2020-10-30 10:44:09,CSCO,35.57,53,ASK
2020-10-30 10:44:05,CSCO,35.56,40,BID
2020-10-30 10:44:10,CSCO,35.57,54,ASK
2020-10-30 10:44:05,CSCO,35.56,40,BID
2020-10-30 10:44:11,CSCO,35.57,55,ASK
2020-10-30 10:44:05,CSCO,35.56,17,BID
2020-10-30 10:44:12,CSCO,35.57,86,ASK
2020-10-30 10:44:01,CSCO,35.55,75,BID
2020-10-30 10:44:12,CSCO,35.56,20,ASK
2020-10-30 10:44:01,CSCO,35.55,93,BID
2020-10-30 10:44:13,CSCO,35.56,30,ASK
2020-10-30 10:44:14,CSCO,35.56,58,BID
2020-10-30 10:44:14,CSCO,35.57,45,ASK
2020-10-30 10:44:15,CSCO,35.56,41,BID
2020-10-30 10:44:15,CSCO,35.57,41,ASK
2020-10-30 10:44:17,CSCO,35.56,52,BID
2020-10-30 10:44:17,CSCO,35.57,38,ASK
2020-10-30 10:44:17,CSCO,35.56,56,BID
2020-10-30 10:44:19,CSCO,35.57,38,ASK
2020-10-30 10:44:20,CSCO,35.57,49,BID
2020-10-30 10:44:21,CSCO,35.58,51,ASK
2020-10-30 10:44:17,CSCO,35.56,57,BID
2020-10-30 10:44:21,CSCO,35.57,53,ASK
2020-10-30 10:44:17,CSCO,35.56,57,BID
2020-10-30 10:44:23,CSCO,35.57,25,ASK
2020-10-30 10:44:23,CSCO,35.57,59,BID
2020-10-30 10:44:23,CSCO,35.58,17,ASK
2020-10-30 10:44:24,CSCO,35.58,36,BID
2020-10-30 10:44:25,CSCO,35.59,62,ASK
2020-10-30 10:44:24,CSCO,35.58,65,BID
2020-10-30 10:44:25,CSCO,35.59,43,ASK
2020-10-30 10:44:24,CSCO,35.58,61,BID
2020-10-30 10:44:25,CSCO,35.59,45,ASK
2020-10-30 10:44:24,CSCO,35.58,62,BID
2020-10-30 10:44:25,CSCO,35.59,45,ASK
2020-10-30 10:44:26,CSCO,35.58,68,BID
2020-10-30 10:44:25,CSCO,35.59,21,ASK
2020-10-30 10:44:30,CSCO,35.59,12,BID
2020-10-30 10:43:47,CSCO,35.6,105,ASK
2020-10-30 10:44:31,CSCO,35.59,34,BID
2020-10-30 10:43:47,CSCO,35.6,94,ASK
2020-10-30 10:44:32,CSCO,35.59,33,BID
2020-10-30 10:43:47,CSCO,35.6,97,ASK
2020-10-30 10:44:33,CSCO,35.6,51,BID
2020-10-30 10:43:46,CSCO,35.61,85,ASK
2020-10-30 10:44:32,CSCO,35.59,56,BID
2020-10-30 10:44:35,CSCO,35.6,65,ASK
2020-10-30 10:44:36,CSCO,35.59,60,BID
2020-10-30 10:44:36,CSCO,35.6,58,ASK
2020-10-30 10:44:38,CSCO,35.59,51,BID
2020-10-30 10:44:38,CSCO,35.6,68,ASK
2020-10-30 10:44:39,CSCO,35.59,51,BID
2020-10-30 10:44:39,CSCO,35.6,67,ASK
2020-10-30 10:44:26,CSCO,35.58,72,BID
2020-10-30 10:44:40,CSCO,35.59,182,ASK
2020-10-30 10:44:26,CSCO,35.58,34,BID
2020-10-30 10:44:40,CSCO,35.58,54,ASK
2020-10-30 10:44:41,CSCO,35.57,38,BID
2020-10-30 10:44:41,CSCO,35.58,91,ASK
2020-10-30 10:44:41,CSCO,35.57,20,BID
2020-10-30 10:44:41,CSCO,35.58,94,ASK
2020-10-30 10:44:41,CSCO,35.57,3,BID
2020-10-30 10:44:41,CSCO,35.58,98,ASK
2020-10-30 10:44:42,CSCO,35.56,19,BID
2020-10-30 10:44:42,CSCO,35.57,101,ASK
2020-10-30 10:44:01,CSCO,35.55,58,BID
2020-10-30 10:44:43,CSCO,35.56,58,ASK
2020-10-30 10:44:01,CSCO,35.55,69,BID
2020-10-30 10:44:43,CSCO,35.56,47,ASK
2020-10-30 10:44:44,CSCO,35.56,35,BID
2020-10-30 10:44:45,CSCO,35.57,49,ASK
2020-10-30 10:44:01,CSCO,35.55,68,BID
2020-10-30 10:44:47,CSCO,35.56,21,ASK
2020-10-30 10:44:01,CSCO,35.55,35,BID
2020-10-30 10:44:48,CSCO,35.56,62,ASK
2020-10-30 10:44:01,CSCO,35.55,36,BID
2020-10-30 10:44:48,CSCO,35.56,61,ASK
2020-10-30 10:44:01,CSCO,35.55,69,BID
2020-10-30 10:44:49,CSCO,35.56,17,ASK
2020-10-30 10:44:01,CSCO,35.55,79,BID
2020-10-30 10:44:50,CSCO,35.56,83,ASK
2020-10-30 10:44:01,CSCO,35.55,35,BID
2020-10-30 10:44:51,CSCO,35.56,67,ASK
2020-10-30 10:44:51,CSCO,35.55,31,BID
2020-10-30 10:44:51,CSCO,35.56,76,ASK
2020-10-30 10:44:52,CSCO,35.54,19,BID
2020-10-30 10:44:52,CSCO,35.55,71,ASK
2020-10-30 10:44:53,CSCO,35.54,9,BID
2020-10-30 10:44:53,CSCO,35.55,57,ASK
2020-10-30 09:31:20,CSCO,35.53,72,BID
2020-10-30 10:44:54,CSCO,35.55,61,ASK
2020-10-30 09:31:20,CSCO,35.53,61,BID
2020-10-30 10:44:54,CSCO,35.54,55,ASK
2020-10-30 09:31:20,CSCO,35.53,63,BID
2020-10-30 10:44:54,CSCO,35.54,55,ASK
2020-10-30 09:31:20,CSCO,35.53,66,BID
2020-10-30 10:44:55,CSCO,35.54,30,ASK
2020-10-30 09:31:20,CSCO,35.53,66,BID
2020-10-30 10:44:55,CSCO,35.54,30,ASK
2020-10-30 09:31:20,CSCO,35.53,66,BID
2020-10-30 10:44:55,CSCO,35.54,30,ASK
2020-10-30 09:31:20,CSCO,35.53,66,BID
2020-10-30 10:44:55,CSCO,35.54,30,ASK
2020-10-30 09:31:20,CSCO,35.53,66,BID
2020-10-30 10:44:55,CSCO,35.54,30,ASK
2020-10-30 09:31:20,CSCO,35.53,66,BID
2020-10-30 10:44:55,CSCO,35.54,30,ASK
2020-10-30 09:31:20,CSCO,35.53,66,BID
2020-10-30 10:44:55,CSCO,35.54,30,ASK
2020-10-30 09:31:20,CSCO,35.53,66,BID
2020-10-30 10:44:55,CSCO,35.54,30,ASK
2020-10-30 10:44:56,CSCO,35.53,35,BID
2020-10-30 10:44:56,CSCO,35.54,56,ASK
2020-10-30 10:44:57,CSCO,35.54,16,BID
2020-10-30 10:44:57,CSCO,35.54,9,ASK
2020-10-30 10:44:59,CSCO,35.54,45,BID
2020-10-30 10:44:59,CSCO,35.55,41,ASK
2020-10-30 10:45:00,CSCO,35.55,47,BID
2020-10-30 10:45:00,CSCO,35.56,52,ASK
2020-10-30 10:45:01,CSCO,35.56,58,BID
2020-10-30 10:45:01,CSCO,35.56,14,ASK
2020-10-30 10:45:01,CSCO,35.55,103,BID
2020-10-30 10:45:01,CSCO,35.56,50,ASK
2020-10-30 10:45:01,CSCO,35.56,43,BID
2020-10-30 10:45:01,CSCO,35.57,139,ASK
2020-10-30 10:45:02,CSCO,35.56,45,BID
2020-10-30 10:45:02,CSCO,35.57,58,ASK
2020-10-30 10:45:02,CSCO,35.56,44,BID
2020-10-30 10:45:02,CSCO,35.57,57,ASK
2020-10-30 10:45:03,CSCO,35.56,19,BID
2020-10-30 10:45:03,CSCO,35.57,99,ASK
2020-10-30 10:45:03,CSCO,35.54,45,BID
2020-10-30 10:45:03,CSCO,35.55,104,ASK
2020-10-30 10:45:03,CSCO,35.54,40,BID
2020-10-30 10:45:03,CSCO,35.55,64,ASK
2020-10-30 10:45:04,CSCO,35.54,13,BID
2020-10-30 10:45:04,CSCO,35.55,66,ASK
2020-10-30 10:45:04,CSCO,35.54,14,BID
2020-10-30 10:45:04,CSCO,35.55,66,ASK
2020-10-30 10:45:05,CSCO,35.54,46,BID
2020-10-30 10:45:05,CSCO,35.55,18,ASK
2020-10-30 10:45:06,CSCO,35.55,17,BID
2020-10-30 10:45:03,CSCO,35.56,97,ASK
2020-10-30 10:45:07,CSCO,35.56,36,BID
2020-10-30 10:45:07,CSCO,35.57,62,ASK
2020-10-30 10:45:07,CSCO,35.56,43,BID
2020-10-30 10:45:07,CSCO,35.57,20,ASK
2020-10-30 10:45:08,CSCO,35.56,34,BID
2020-10-30 10:45:07,CSCO,35.57,48,ASK
2020-10-30 10:45:10,CSCO,35.56,45,BID
2020-10-30 10:45:10,CSCO,35.57,26,ASK
2020-10-30 10:45:10,CSCO,35.57,58,BID
2020-10-30 10:45:10,CSCO,35.58,37,ASK
2020-10-30 10:45:11,CSCO,35.58,49,BID
2020-10-30 10:45:11,CSCO,35.59,140,ASK
2020-10-30 10:45:11,CSCO,35.58,79,BID
2020-10-30 10:45:12,CSCO,35.59,61,ASK
2020-10-30 10:45:11,CSCO,35.58,25,BID
2020-10-30 10:45:12,CSCO,35.59,69,ASK
2020-10-30 10:45:11,CSCO,35.58,50,BID
2020-10-30 10:45:12,CSCO,35.59,55,ASK
2020-10-30 10:45:14,CSCO,35.58,60,BID
2020-10-30 10:45:12,CSCO,35.59,60,ASK
2020-10-30 10:45:14,CSCO,35.58,32,BID
2020-10-30 10:45:12,CSCO,35.59,66,ASK
2020-10-30 10:45:16,CSCO,35.57,43,BID
2020-10-30 10:45:16,CSCO,35.58,45,ASK
2020-10-30 10:45:17,CSCO,35.57,40,BID
2020-10-30 10:45:17,CSCO,35.58,41,ASK
2020-10-30 10:45:18,CSCO,35.57,8,BID
2020-10-30 10:45:18,CSCO,35.58,53,ASK
2020-10-30 10:45:19,CSCO,35.57,6,BID
2020-10-30 10:45:19,CSCO,35.57,64,ASK
2020-10-30 10:45:20,CSCO,35.56,35,BID
2020-10-30 10:45:19,CSCO,35.57,72,ASK
2020-10-30 10:45:20,CSCO,35.56,66,BID
2020-10-30 10:45:19,CSCO,35.57,57,ASK
2020-10-30 10:45:20,CSCO,35.56,34,BID
2020-10-30 10:45:19,CSCO,35.57,57,ASK
2020-10-30 10:45:20,CSCO,35.56,34,BID
2020-10-30 10:45:19,CSCO,35.57,56,ASK
2020-10-30 10:45:20,CSCO,35.56,69,BID
2020-10-30 10:45:23,CSCO,35.57,43,ASK
2020-10-30 10:45:20,CSCO,35.56,34,BID
2020-10-30 10:45:23,CSCO,35.57,70,ASK
2020-10-30 10:45:20,CSCO,35.56,65,BID
2020-10-30 10:45:24,CSCO,35.57,61,ASK
2020-10-30 10:45:20,CSCO,35.56,60,BID
2020-10-30 10:45:25,CSCO,35.57,62,ASK
2020-10-30 10:45:20,CSCO,35.56,68,BID
2020-10-30 10:45:26,CSCO,35.57,29,ASK
2020-10-30 10:45:20,CSCO,35.56,42,BID
2020-10-30 10:45:26,CSCO,35.57,57,ASK
2020-10-30 10:45:20,CSCO,35.56,44,BID
2020-10-30 10:45:26,CSCO,35.57,57,ASK
2020-10-30 10:45:30,CSCO,35.57,48,BID
2020-10-30 10:45:30,CSCO,35.58,43,ASK
2020-10-30 10:45:32,CSCO,35.57,36,BID
2020-10-30 10:45:32,CSCO,35.58,44,ASK
2020-10-30 10:45:33,CSCO,35.57,32,BID
2020-10-30 10:45:33,CSCO,35.58,43,ASK
2020-10-30 10:45:34,CSCO,35.58,51,BID
2020-10-30 10:45:12,CSCO,35.59,63,ASK
2020-10-30 10:45:35,CSCO,35.58,45,BID
2020-10-30 10:45:12,CSCO,35.59,73,ASK
2020-10-30 10:45:36,CSCO,35.58,34,BID
2020-10-30 10:45:12,CSCO,35.59,84,ASK
2020-10-30 10:45:38,CSCO,35.58,37,BID
2020-10-30 10:45:12,CSCO,35.59,89,ASK
2020-10-30 10:45:39,CSCO,35.58,50,BID
2020-10-30 10:45:12,CSCO,35.59,84,ASK
2020-10-30 10:45:40,CSCO,35.58,38,BID
2020-10-30 10:45:12,CSCO,35.59,83,ASK
2020-10-30 10:45:40,CSCO,35.58,35,BID
2020-10-30 10:45:12,CSCO,35.59,84,ASK
2020-10-30 10:45:42,CSCO,35.58,30,BID
2020-10-30 10:45:12,CSCO,35.59,85,ASK
2020-10-30 10:45:43,CSCO,35.58,28,BID
2020-10-30 10:45:12,CSCO,35.59,118,ASK
2020-10-30 10:45:33,CSCO,35.57,75,BID
2020-10-30 10:45:44,CSCO,35.58,14,ASK
2020-10-30 10:45:33,CSCO,35.57,92,BID
2020-10-30 10:45:45,CSCO,35.58,57,ASK
2020-10-30 10:45:33,CSCO,35.57,94,BID
2020-10-30 10:45:46,CSCO,35.58,50,ASK
2020-10-30 10:45:46,CSCO,35.59,126,BID
2020-10-30 10:45:46,CSCO,35.6,37,ASK
2020-10-30 10:45:46,CSCO,35.59,79,BID
2020-10-30 10:45:46,CSCO,35.6,60,ASK
2020-10-30 10:45:47,CSCO,35.58,53,BID
2020-10-30 10:45:47,CSCO,35.59,21,ASK
2020-10-30 10:45:48,CSCO,35.58,63,BID
2020-10-30 10:45:48,CSCO,35.59,10,ASK
2020-10-30 10:45:50,CSCO,35.58,102,BID
2020-10-30 10:45:50,CSCO,35.59,19,ASK
2020-10-30 10:45:51,CSCO,35.58,67,BID
2020-10-30 10:45:51,CSCO,35.59,26,ASK
2020-10-30 10:45:53,CSCO,35.59,12,BID
2020-10-30 10:45:53,CSCO,35.6,52,ASK
2020-10-30 10:45:54,CSCO,35.59,17,BID
2020-10-30 10:45:54,CSCO,35.6,57,ASK
2020-10-30 10:45:56,CSCO,35.59,20,BID
2020-10-30 10:45:56,CSCO,35.6,45,ASK
2020-10-30 10:45:58,CSCO,35.59,17,BID
2020-10-30 10:45:58,CSCO,35.6,45,ASK
2020-10-30 10:45:59,CSCO,35.59,53,BID
2020-10-30 10:45:59,CSCO,35.6,27,ASK
2020-10-30 10:46:00,CSCO,35.59,15,BID
2020-10-30 10:46:00,CSCO,35.6,49,ASK
2020-10-30 10:46:01,CSCO,35.59,16,BID
2020-10-30 10:46:01,CSCO,35.6,49,ASK
2020-10-30 10:46:03,CSCO,35.59,59,BID
2020-10-30 10:46:03,CSCO,35.6,38,ASK
2020-10-30 10:46:03,CSCO,35.59,38,BID
2020-10-30 10:46:03,CSCO,35.6,36,ASK
2020-10-30 10:46:04,CSCO,35.59,25,BID
2020-10-30 10:46:04,CSCO,35.6,49,ASK
2020-10-30 10:46:04,CSCO,35.59,24,BID
2020-10-30 10:46:05,CSCO,35.6,53,ASK
2020-10-30 10:46:06,CSCO,35.59,32,BID
2020-10-30 10:46:07,CSCO,35.6,56,ASK
2020-10-30 10:46:06,CSCO,35.59,38,BID
2020-10-30 10:46:08,CSCO,35.6,53,ASK
2020-10-30 10:46:06,CSCO,35.59,63,BID
2020-10-30 10:46:09,CSCO,35.6,32,ASK
2020-10-30 10:46:06,CSCO,35.59,63,BID
2020-10-30 10:46:10,CSCO,35.6,39,ASK
2020-10-30 10:46:06,CSCO,35.59,63,BID
2020-10-30 10:46:11,CSCO,35.6,32,ASK
2020-10-30 10:46:06,CSCO,35.59,34,BID
2020-10-30 10:46:12,CSCO,35.6,46,ASK
2020-10-30 10:46:06,CSCO,35.59,32,BID
2020-10-30 10:46:12,CSCO,35.6,54,ASK
2020-10-30 10:46:06,CSCO,35.59,39,BID
2020-10-30 10:46:13,CSCO,35.6,48,ASK
2020-10-30 10:46:14,CSCO,35.59,61,BID
2020-10-30 10:46:14,CSCO,35.6,32,ASK
2020-10-30 10:46:15,CSCO,35.59,111,BID
2020-10-30 10:46:15,CSCO,35.6,29,ASK
2020-10-30 10:46:15,CSCO,35.6,15,BID
2020-10-30 10:43:46,CSCO,35.61,106,ASK
2020-10-30 10:46:16,CSCO,35.6,68,BID
2020-10-30 10:43:46,CSCO,35.61,66,ASK
2020-10-30 10:46:16,CSCO,35.6,40,BID
2020-10-30 10:43:46,CSCO,35.61,80,ASK
2020-10-30 10:46:18,CSCO,35.59,72,BID
2020-10-30 10:46:18,CSCO,35.6,50,ASK
2020-10-30 10:46:19,CSCO,35.59,37,BID
2020-10-30 10:46:19,CSCO,35.6,68,ASK
2020-10-30 10:46:19,CSCO,35.59,18,BID
2020-10-30 10:46:19,CSCO,35.59,102,ASK
2020-10-30 10:46:19,CSCO,35.58,102,BID
2020-10-30 10:46:19,CSCO,35.59,138,ASK
2020-10-30 10:45:33,CSCO,35.57,63,BID
2020-10-30 10:46:19,CSCO,35.58,45,ASK
2020-10-30 10:45:33,CSCO,35.57,26,BID
2020-10-30 10:46:20,CSCO,35.58,58,ASK
2020-10-30 10:46:21,CSCO,35.57,18,BID
2020-10-30 10:46:21,CSCO,35.58,62,ASK
2020-10-30 10:45:30,CSCO,35.56,77,BID
2020-10-30 10:46:22,CSCO,35.57,22,ASK
2020-10-30 10:45:30,CSCO,35.56,66,BID
2020-10-30 10:46:22,CSCO,35.57,59,ASK
2020-10-30 10:45:30,CSCO,35.56,54,BID
2020-10-30 10:46:22,CSCO,35.57,59,ASK
2020-10-30 10:45:30,CSCO,35.56,50,BID
2020-10-30 10:46:22,CSCO,35.57,67,ASK
2020-10-30 10:45:06,CSCO,35.55,40,BID
2020-10-30 10:46:25,CSCO,35.56,96,ASK
2020-10-30 10:46:26,CSCO,35.55,38,BID
2020-10-30 10:46:26,CSCO,35.56,71,ASK
2020-10-30 10:46:26,CSCO,35.55,65,BID
2020-10-30 10:46:27,CSCO,35.56,48,ASK
2020-10-30 10:46:26,CSCO,35.55,21,BID
2020-10-30 10:46:28,CSCO,35.56,57,ASK
2020-10-30 10:46:29,CSCO,35.54,73,BID
2020-10-30 10:46:29,CSCO,35.55,40,ASK
2020-10-30 10:46:29,CSCO,35.54,73,BID
2020-10-30 10:46:30,CSCO,35.55,46,ASK
2020-10-30 10:46:30,CSCO,35.55,75,BID
2020-10-30 10:46:30,CSCO,35.56,47,ASK
2020-10-30 10:46:30,CSCO,35.55,77,BID
2020-10-30 10:46:32,CSCO,35.56,24,ASK
2020-10-30 10:46:33,CSCO,35.56,26,BID
2020-10-30 10:46:22,CSCO,35.57,84,ASK
2020-10-30 10:46:35,CSCO,35.56,56,BID
2020-10-30 10:46:22,CSCO,35.57,86,ASK
2020-10-30 10:46:35,CSCO,35.56,40,BID
2020-10-30 10:46:22,CSCO,35.57,77,ASK
2020-10-30 10:46:35,CSCO,35.56,39,BID
2020-10-30 10:46:22,CSCO,35.57,77,ASK
2020-10-30 10:46:37,CSCO,35.56,49,BID
2020-10-30 10:46:22,CSCO,35.57,49,ASK
2020-10-30 10:46:39,CSCO,35.57,17,BID
2020-10-30 10:46:39,CSCO,35.58,71,ASK
2020-10-30 10:46:40,CSCO,35.57,25,BID
2020-10-30 10:46:40,CSCO,35.58,82,ASK
2020-10-30 10:46:40,CSCO,35.57,31,BID
2020-10-30 10:46:41,CSCO,35.58,73,ASK
2020-10-30 10:46:37,CSCO,35.56,54,BID
2020-10-30 10:46:41,CSCO,35.57,65,ASK
2020-10-30 10:46:37,CSCO,35.56,17,BID
2020-10-30 10:46:43,CSCO,35.57,59,ASK
2020-10-30 10:46:30,CSCO,35.55,61,BID
2020-10-30 10:46:44,CSCO,35.56,75,ASK
2020-10-30 10:46:30,CSCO,35.55,41,BID
2020-10-30 10:46:45,CSCO,35.56,68,ASK
2020-10-30 10:46:30,CSCO,35.55,71,BID
2020-10-30 10:46:46,CSCO,35.56,40,ASK
2020-10-30 10:46:47,CSCO,35.56,38,BID
2020-10-30 10:46:47,CSCO,35.57,63,ASK
2020-10-30 10:46:48,CSCO,35.56,40,BID
2020-10-30 10:46:48,CSCO,35.57,13,ASK
2020-10-30 10:46:49,CSCO,35.56,35,BID
2020-10-30 10:46:49,CSCO,35.57,65,ASK
2020-10-30 10:46:50,CSCO,35.56,17,BID
2020-10-30 10:46:49,CSCO,35.57,78,ASK
2020-10-30 10:46:50,CSCO,35.56,80,BID
2020-10-30 10:46:49,CSCO,35.57,30,ASK
2020-10-30 10:46:50,CSCO,35.56,103,BID
2020-10-30 10:46:51,CSCO,35.57,28,ASK
2020-10-30 10:46:50,CSCO,35.56,103,BID
2020-10-30 10:46:51,CSCO,35.57,28,ASK
2020-10-30 10:46:50,CSCO,35.56,103,BID
2020-10-30 10:46:51,CSCO,35.57,28,ASK
2020-10-30 10:46:50,CSCO,35.56,103,BID
2020-10-30 10:46:51,CSCO,35.57,28,ASK
2020-10-30 10:46:50,CSCO,35.56,103,BID
2020-10-30 10:46:51,CSCO,35.57,28,ASK
2020-10-30 10:46:50,CSCO,35.56,103,BID
2020-10-30 10:46:51,CSCO,35.57,28,ASK
2020-10-30 10:46:50,CSCO,35.56,103,BID
2020-10-30 10:46:51,CSCO,35.57,28,ASK
2020-10-30 10:46:50,CSCO,35.56,103,BID
2020-10-30 10:46:51,CSCO,35.57,28,ASK
2020-10-30 10:46:50,CSCO,35.56,103,BID
2020-10-30 10:46:51,CSCO,35.57,28,ASK
2020-10-30 10:46:50,CSCO,35.56,103,BID
2020-10-30 10:46:51,CSCO,35.57,28,ASK
2020-10-30 10:46:50,CSCO,35.56,103,BID
2020-10-30 10:46:51,CSCO,35.57,28,ASK
2020-10-30 10:46:50,CSCO,35.56,103,BID
2020-10-30 10:46:51,CSCO,35.57,28,ASK
2020-10-30 10:46:50,CSCO,35.56,103,BID
2020-10-30 10:46:51,CSCO,35.57,28,ASK
2020-10-30 10:46:50,CSCO,35.56,103,BID
2020-10-30 10:46:51,CSCO,35.57,28,ASK
2020-10-30 10:46:50,CSCO,35.56,103,BID
2020-10-30 10:46:51,CSCO,35.57,28,ASK
2020-10-30 10:46:50,CSCO,35.56,103,BID
2020-10-30 10:46:51,CSCO,35.57,28,ASK
2020-10-30 10:46:50,CSCO,35.56,103,BID
2020-10-30 10:46:51,CSCO,35.57,28,ASK
2020-10-30 10:46:50,CSCO,35.56,103,BID
2020-10-30 10:46:51,CSCO,35.57,28,ASK
2020-10-30 10:46:51,CSCO,35.56,103,BID
2020-10-30 10:46:49,CSCO,35.57,28,ASK
2020-10-30 10:46:51,CSCO,35.56,103,BID
2020-10-30 10:46:49,CSCO,35.57,28,ASK
2020-10-30 10:46:51,CSCO,35.56,103,BID
2020-10-30 10:46:49,CSCO,35.57,28,ASK
2020-10-30 10:46:51,CSCO,35.56,103,BID
2020-10-30 10:46:49,CSCO,35.57,28,ASK
2020-10-30 10:46:51,CSCO,35.56,103,BID
2020-10-30 10:46:49,CSCO,35.57,28,ASK
2020-10-30 10:46:51,CSCO,35.56,103,BID
2020-10-30 10:46:49,CSCO,35.57,28,ASK
2020-10-30 10:46:51,CSCO,35.56,103,BID
2020-10-30 10:46:49,CSCO,35.57,28,ASK
2020-10-30 10:46:51,CSCO,35.56,103,BID
2020-10-30 10:46:49,CSCO,35.57,28,ASK
2020-10-30 10:46:57,CSCO,35.56,50,BID
2020-10-30 10:46:49,CSCO,35.57,67,ASK
2020-10-30 10:46:59,CSCO,35.57,56,BID
2020-10-30 10:46:59,CSCO,35.58,32,ASK
2020-10-30 10:46:59,CSCO,35.57,57,BID
2020-10-30 10:47:00,CSCO,35.58,19,ASK
2020-10-30 10:47:02,CSCO,35.57,39,BID
2020-10-30 10:47:00,CSCO,35.58,65,ASK
2020-10-30 10:47:02,CSCO,35.57,39,BID
2020-10-30 10:47:00,CSCO,35.58,65,ASK
2020-10-30 10:47:02,CSCO,35.57,39,BID
2020-10-30 10:47:02,CSCO,35.58,65,ASK
2020-10-30 10:47:02,CSCO,35.57,39,BID
2020-10-30 10:47:02,CSCO,35.58,65,ASK
2020-10-30 10:47:02,CSCO,35.57,39,BID
2020-10-30 10:47:02,CSCO,35.58,65,ASK
2020-10-30 10:47:02,CSCO,35.57,39,BID
2020-10-30 10:47:02,CSCO,35.58,65,ASK
2020-10-30 10:47:02,CSCO,35.57,39,BID
2020-10-30 10:47:02,CSCO,35.58,65,ASK
2020-10-30 10:47:02,CSCO,35.57,39,BID
2020-10-30 10:47:02,CSCO,35.58,65,ASK
2020-10-30 10:47:07,CSCO,35.57,30,BID
2020-10-30 10:47:07,CSCO,35.58,70,ASK
2020-10-30 10:47:07,CSCO,35.57,35,BID
2020-10-30 10:47:07,CSCO,35.58,69,ASK
2020-10-30 10:47:07,CSCO,35.57,36,BID
2020-10-30 10:47:07,CSCO,35.58,51,ASK
2020-10-30 10:47:08,CSCO,35.56,40,BID
2020-10-30 10:47:08,CSCO,35.57,56,ASK
2020-10-30 10:47:08,CSCO,35.56,32,BID
2020-10-30 10:47:08,CSCO,35.57,60,ASK
2020-10-30 10:47:08,CSCO,35.56,32,BID
2020-10-30 10:47:08,CSCO,35.57,60,ASK
2020-10-30 10:47:08,CSCO,35.56,27,BID
2020-10-30 10:47:08,CSCO,35.57,60,ASK
2020-10-30 10:47:08,CSCO,35.56,35,BID
2020-10-30 10:47:08,CSCO,35.57,60,ASK
2020-10-30 10:47:08,CSCO,35.56,27,BID
2020-10-30 10:47:09,CSCO,35.57,60,ASK
2020-10-30 10:47:08,CSCO,35.56,27,BID
2020-10-30 10:47:09,CSCO,35.57,60,ASK
2020-10-30 10:47:08,CSCO,35.56,27,BID
2020-10-30 10:47:09,CSCO,35.57,60,ASK
2020-10-30 10:47:08,CSCO,35.56,26,BID
2020-10-30 10:47:09,CSCO,35.57,61,ASK
2020-10-30 10:47:08,CSCO,35.56,23,BID
2020-10-30 10:47:10,CSCO,35.57,61,ASK
2020-10-30 10:47:11,CSCO,35.56,53,BID
2020-10-30 10:47:11,CSCO,35.57,69,ASK
2020-10-30 10:47:11,CSCO,35.56,39,BID
2020-10-30 10:47:12,CSCO,35.57,75,ASK
2020-10-30 10:47:11,CSCO,35.56,72,BID
2020-10-30 10:47:13,CSCO,35.57,61,ASK
2020-10-30 10:47:11,CSCO,35.56,72,BID
2020-10-30 10:47:13,CSCO,35.57,32,ASK
2020-10-30 10:47:11,CSCO,35.56,77,BID
2020-10-30 10:47:13,CSCO,35.57,39,ASK
2020-10-30 10:47:11,CSCO,35.56,33,BID
2020-10-30 10:47:13,CSCO,35.57,90,ASK
2020-10-30 10:47:17,CSCO,35.56,43,BID
2020-10-30 10:47:13,CSCO,35.57,79,ASK
2020-10-30 10:47:17,CSCO,35.56,28,BID
2020-10-30 10:47:13,CSCO,35.57,79,ASK
2020-10-30 10:47:21,CSCO,35.55,70,BID
2020-10-30 10:47:21,CSCO,35.56,26,ASK
2020-10-30 10:47:22,CSCO,35.55,38,BID
2020-10-30 10:47:22,CSCO,35.56,52,ASK
2020-10-30 10:47:23,CSCO,35.55,37,BID
2020-10-30 10:47:23,CSCO,35.56,55,ASK
2020-10-30 10:47:24,CSCO,35.55,69,BID
2020-10-30 10:47:24,CSCO,35.56,35,ASK
2020-10-30 10:47:24,CSCO,35.55,72,BID
2020-10-30 10:47:24,CSCO,35.56,6,ASK
2020-10-30 10:47:24,CSCO,35.55,77,BID
2020-10-30 10:47:24,CSCO,35.56,6,ASK
2020-10-30 10:47:25,CSCO,35.56,20,BID
2020-10-30 10:47:13,CSCO,35.57,71,ASK
2020-10-30 10:47:27,CSCO,35.56,54,BID
2020-10-30 10:47:13,CSCO,35.57,53,ASK
2020-10-30 10:47:28,CSCO,35.56,34,BID
2020-10-30 10:47:13,CSCO,35.57,53,ASK
2020-10-30 10:47:29,CSCO,35.56,14,BID
2020-10-30 10:47:13,CSCO,35.57,58,ASK
2020-10-30 10:47:30,CSCO,35.56,80,BID
2020-10-30 10:47:13,CSCO,35.57,46,ASK
2020-10-30 10:47:32,CSCO,35.56,59,BID
2020-10-30 10:47:13,CSCO,35.57,46,ASK
2020-10-30 10:47:33,CSCO,35.56,15,BID
2020-10-30 10:47:13,CSCO,35.57,63,ASK
2020-10-30 10:47:34,CSCO,35.56,16,BID
2020-10-30 10:47:13,CSCO,35.57,59,ASK
2020-10-30 10:47:36,CSCO,35.56,7,BID
2020-10-30 10:47:35,CSCO,35.57,109,ASK
2020-10-30 10:47:37,CSCO,35.55,46,BID
2020-10-30 10:47:37,CSCO,35.56,69,ASK
2020-10-30 10:47:37,CSCO,35.55,32,BID
2020-10-30 10:47:37,CSCO,35.56,64,ASK
2020-10-30 10:47:38,CSCO,35.55,33,BID
2020-10-30 10:47:38,CSCO,35.56,63,ASK
2020-10-30 10:47:39,CSCO,35.55,33,BID
2020-10-30 10:47:39,CSCO,35.56,67,ASK
2020-10-30 10:47:40,CSCO,35.55,33,BID
2020-10-30 10:47:40,CSCO,35.56,69,ASK
2020-10-30 10:47:02,CSCO,35.55,41,BID
2020-10-30 10:47:41,CSCO,35.56,68,ASK
2020-10-30 10:47:02,CSCO,35.55,64,BID
2020-10-30 10:47:41,CSCO,35.56,47,ASK
2020-10-30 10:47:02,CSCO,35.55,69,BID
2020-10-30 10:47:42,CSCO,35.56,54,ASK
2020-10-30 10:47:02,CSCO,35.55,65,BID
2020-10-30 10:47:43,CSCO,35.56,45,ASK
2020-10-30 10:47:02,CSCO,35.55,45,BID
2020-10-30 10:47:44,CSCO,35.56,47,ASK
2020-10-30 10:47:02,CSCO,35.55,43,BID
2020-10-30 10:47:45,CSCO,35.56,42,ASK
2020-10-30 10:47:02,CSCO,35.55,45,BID
2020-10-30 10:47:46,CSCO,35.56,59,ASK
2020-10-30 10:47:02,CSCO,35.55,28,BID
2020-10-30 10:47:47,CSCO,35.56,66,ASK
2020-10-30 10:47:02,CSCO,35.53,70,BID
2020-10-30 10:47:48,CSCO,35.54,44,ASK
2020-10-30 10:47:48,CSCO,35.53,53,BID
2020-10-30 10:47:49,CSCO,35.54,60,ASK
2020-10-30 10:47:48,CSCO,35.53,44,BID
2020-10-30 10:47:50,CSCO,35.54,58,ASK
2020-10-30 10:47:02,CSCO,35.52,46,BID
2020-10-30 10:47:51,CSCO,35.53,65,ASK
2020-10-30 10:47:52,CSCO,35.52,16,BID
2020-10-30 10:47:52,CSCO,35.53,61,ASK
2020-10-30 10:47:02,CSCO,35.51,38,BID
2020-10-30 10:47:52,CSCO,35.52,79,ASK
2020-10-30 10:47:02,CSCO,35.51,37,BID
2020-10-30 10:47:53,CSCO,35.52,90,ASK
2020-10-30 10:47:02,CSCO,35.51,42,BID
2020-10-30 10:47:54,CSCO,35.52,90,ASK
2020-10-30 10:47:02,CSCO,35.51,46,BID
2020-10-30 10:47:55,CSCO,35.52,90,ASK
2020-10-30 10:47:02,CSCO,35.51,33,BID
2020-10-30 10:47:56,CSCO,35.52,90,ASK
2020-10-30 10:47:02,CSCO,35.51,34,BID
2020-10-30 10:47:57,CSCO,35.52,90,ASK
2020-10-30 10:47:58,CSCO,35.51,56,BID
2020-10-30 10:47:58,CSCO,35.52,95,ASK
2020-10-30 10:47:58,CSCO,35.51,55,BID
2020-10-30 10:47:58,CSCO,35.52,94,ASK
2020-10-30 10:47:59,CSCO,35.51,55,BID
2020-10-30 10:47:59,CSCO,35.52,101,ASK
2020-10-30 10:48:00,CSCO,35.5,117,BID
2020-10-30 10:48:00,CSCO,35.51,61,ASK
2020-10-30 10:48:01,CSCO,35.5,109,BID
2020-10-30 10:48:00,CSCO,35.51,47,ASK
2020-10-30 10:48:01,CSCO,35.5,103,BID
2020-10-30 10:48:00,CSCO,35.51,68,ASK
2020-10-30 10:48:02,CSCO,35.5,103,BID
2020-10-30 10:48:00,CSCO,35.51,59,ASK
2020-10-30 10:48:04,CSCO,35.5,107,BID
2020-10-30 10:48:04,CSCO,35.51,65,ASK
2020-10-30 10:48:05,CSCO,35.51,77,BID
2020-10-30 10:48:05,CSCO,35.52,94,ASK
2020-10-30 10:48:06,CSCO,35.51,49,BID
2020-10-30 10:48:06,CSCO,35.52,79,ASK
2020-10-30 10:48:08,CSCO,35.51,51,BID
2020-10-30 10:48:08,CSCO,35.52,78,ASK
2020-10-30 10:48:09,CSCO,35.51,51,BID
2020-10-30 10:48:09,CSCO,35.52,51,ASK
2020-10-30 10:48:09,CSCO,35.52,32,BID
2020-10-30 10:48:09,CSCO,35.53,55,ASK
2020-10-30 10:48:09,CSCO,35.52,55,BID
2020-10-30 10:48:10,CSCO,35.53,40,ASK
2020-10-30 10:48:09,CSCO,35.52,55,BID
2020-10-30 10:48:12,CSCO,35.53,48,ASK
2020-10-30 10:48:09,CSCO,35.52,56,BID
2020-10-30 10:48:12,CSCO,35.53,41,ASK
2020-10-30 10:48:09,CSCO,35.52,56,BID
2020-10-30 10:48:13,CSCO,35.53,34,ASK
2020-10-30 10:48:15,CSCO,35.53,12,BID
2020-10-30 10:48:15,CSCO,35.54,74,ASK
2020-10-30 10:48:09,CSCO,35.52,56,BID
2020-10-30 10:48:16,CSCO,35.53,37,ASK
2020-10-30 10:48:18,CSCO,35.52,19,BID
2020-10-30 10:48:18,CSCO,35.53,56,ASK
2020-10-30 10:48:18,CSCO,35.52,23,BID
2020-10-30 10:48:19,CSCO,35.53,49,ASK
2020-10-30 10:48:20,CSCO,35.51,37,BID
2020-10-30 10:48:20,CSCO,35.52,102,ASK
2020-10-30 10:48:20,CSCO,35.5,103,BID
2020-10-30 10:48:20,CSCO,35.51,54,ASK
2020-10-30 10:48:22,CSCO,35.5,103,BID
2020-10-30 10:48:22,CSCO,35.51,33,ASK
2020-10-30 10:48:23,CSCO,35.51,13,BID
2020-10-30 10:48:20,CSCO,35.52,94,ASK
2020-10-30 10:48:25,CSCO,35.5,122,BID
2020-10-30 10:48:25,CSCO,35.51,15,ASK
2020-10-30 10:48:26,CSCO,35.5,188,BID
2020-10-30 10:48:26,CSCO,35.51,9,ASK
2020-10-30 10:48:26,CSCO,35.51,40,BID
2020-10-30 10:48:20,CSCO,35.52,78,ASK
2020-10-30 10:48:28,CSCO,35.51,43,BID
2020-10-30 10:48:28,CSCO,35.52,85,ASK
2020-10-30 10:48:30,CSCO,35.51,48,BID
2020-10-30 10:48:30,CSCO,35.52,54,ASK
2020-10-30 10:48:31,CSCO,35.51,48,BID
2020-10-30 10:48:30,CSCO,35.52,47,ASK
2020-10-30 10:48:33,CSCO,35.51,48,BID
2020-10-30 10:48:31,CSCO,35.52,44,ASK
2020-10-30 10:48:34,CSCO,35.51,48,BID
2020-10-30 10:48:34,CSCO,35.52,24,ASK
2020-10-30 10:48:36,CSCO,35.51,49,BID
2020-10-30 10:48:36,CSCO,35.52,29,ASK
2020-10-30 10:48:38,CSCO,35.51,54,BID
2020-10-30 10:48:38,CSCO,35.52,47,ASK
2020-10-30 10:48:39,CSCO,35.51,58,BID
2020-10-30 10:48:39,CSCO,35.52,46,ASK
2020-10-30 10:48:41,CSCO,35.51,44,BID
2020-10-30 10:48:41,CSCO,35.52,51,ASK
2020-10-30 10:48:42,CSCO,35.52,30,BID
2020-10-30 10:48:43,CSCO,35.53,68,ASK
2020-10-30 10:48:42,CSCO,35.52,30,BID
2020-10-30 10:48:43,CSCO,35.53,62,ASK
2020-10-30 10:48:45,CSCO,35.51,58,BID
2020-10-30 10:48:45,CSCO,35.52,68,ASK
2020-10-30 10:48:46,CSCO,35.51,14,BID
2020-10-30 10:48:46,CSCO,35.52,59,ASK
2020-10-30 10:48:47,CSCO,35.51,27,BID
2020-10-30 10:48:47,CSCO,35.52,41,ASK
2020-10-30 10:48:49,CSCO,35.51,51,BID
2020-10-30 10:48:49,CSCO,35.52,41,ASK
2020-10-30 10:48:50,CSCO,35.51,64,BID
2020-10-30 10:48:49,CSCO,35.52,55,ASK
2020-10-30 10:48:52,CSCO,35.51,28,BID
2020-10-30 10:48:52,CSCO,35.52,53,ASK
2020-10-30 10:48:53,CSCO,35.51,57,BID
2020-10-30 10:48:53,CSCO,35.52,41,ASK
2020-10-30 10:48:55,CSCO,35.51,49,BID
2020-10-30 10:48:55,CSCO,35.52,44,ASK
2020-10-30 10:48:56,CSCO,35.51,18,BID
2020-10-30 10:48:55,CSCO,35.52,64,ASK
2020-10-30 10:48:57,CSCO,35.51,16,BID
2020-10-30 10:48:55,CSCO,35.52,106,ASK
2020-10-30 10:48:58,CSCO,35.5,109,BID
2020-10-30 10:48:58,CSCO,35.51,44,ASK
2020-10-30 10:49:00,CSCO,35.5,105,BID
2020-10-30 10:48:58,CSCO,35.51,48,ASK
2020-10-30 10:49:00,CSCO,35.51,14,BID
2020-10-30 10:48:55,CSCO,35.52,72,ASK
2020-10-30 10:49:01,CSCO,35.51,26,BID
2020-10-30 10:48:55,CSCO,35.52,61,ASK
2020-10-30 10:49:01,CSCO,35.51,26,BID
2020-10-30 10:48:55,CSCO,35.52,61,ASK
2020-10-30 10:49:01,CSCO,35.51,26,BID
2020-10-30 10:48:55,CSCO,35.52,61,ASK
2020-10-30 10:49:01,CSCO,35.51,26,BID
2020-10-30 10:48:55,CSCO,35.52,61,ASK
2020-10-30 10:49:01,CSCO,35.51,26,BID
2020-10-30 10:48:55,CSCO,35.52,61,ASK
2020-10-30 10:49:01,CSCO,35.51,26,BID
2020-10-30 10:48:55,CSCO,35.52,61,ASK
2020-10-30 10:49:01,CSCO,35.51,26,BID
2020-10-30 10:48:55,CSCO,35.52,61,ASK
2020-10-30 10:49:01,CSCO,35.51,26,BID
2020-10-30 10:48:55,CSCO,35.52,61,ASK
2020-10-30 10:49:01,CSCO,35.51,26,BID
2020-10-30 10:48:55,CSCO,35.52,61,ASK
2020-10-30 10:49:01,CSCO,35.51,26,BID
2020-10-30 10:48:55,CSCO,35.52,61,ASK
2020-10-30 10:49:01,CSCO,35.51,26,BID
2020-10-30 10:48:55,CSCO,35.52,61,ASK
2020-10-30 10:49:01,CSCO,35.51,26,BID
2020-10-30 10:48:55,CSCO,35.52,61,ASK
2020-10-30 10:49:01,CSCO,35.51,26,BID
2020-10-30 10:48:55,CSCO,35.52,61,ASK
2020-10-30 10:49:01,CSCO,35.51,26,BID
2020-10-30 10:48:55,CSCO,35.52,61,ASK
2020-10-30 10:49:01,CSCO,35.51,26,BID
2020-10-30 10:48:55,CSCO,35.52,61,ASK
2020-10-30 10:49:01,CSCO,35.51,26,BID
2020-10-30 10:48:55,CSCO,35.52,61,ASK
2020-10-30 10:49:01,CSCO,35.51,26,BID
2020-10-30 10:48:55,CSCO,35.52,61,ASK
2020-10-30 10:49:01,CSCO,35.51,26,BID
2020-10-30 10:48:55,CSCO,35.52,61,ASK
2020-10-30 10:49:01,CSCO,35.51,26,BID
2020-10-30 10:48:55,CSCO,35.52,61,ASK
2020-10-30 10:49:01,CSCO,35.51,26,BID
2020-10-30 10:48:55,CSCO,35.52,61,ASK
2020-10-30 10:49:01,CSCO,35.51,26,BID
2020-10-30 10:48:55,CSCO,35.52,61,ASK
2020-10-30 10:49:01,CSCO,35.51,26,BID
2020-10-30 10:48:55,CSCO,35.52,61,ASK
2020-10-30 10:49:01,CSCO,35.51,26,BID
2020-10-30 10:48:55,CSCO,35.52,61,ASK
2020-10-30 10:49:01,CSCO,35.51,26,BID
2020-10-30 10:48:55,CSCO,35.52,61,ASK
2020-10-30 10:49:01,CSCO,35.51,26,BID
2020-10-30 10:48:55,CSCO,35.52,61,ASK
2020-10-30 10:49:01,CSCO,35.51,26,BID
2020-10-30 10:48:55,CSCO,35.52,61,ASK
2020-10-30 10:49:08,CSCO,35.52,47,BID
2020-10-30 10:49:08,CSCO,35.53,31,ASK
2020-10-30 10:49:10,CSCO,35.52,57,BID
2020-10-30 10:49:10,CSCO,35.53,42,ASK
2020-10-30 10:49:11,CSCO,35.53,20,BID
2020-10-30 10:49:12,CSCO,35.54,50,ASK
2020-10-30 10:49:12,CSCO,35.54,18,BID
2020-10-30 10:49:12,CSCO,35.55,53,ASK
2020-10-30 10:49:11,CSCO,35.53,44,BID
2020-10-30 10:49:13,CSCO,35.55,105,ASK
2020-10-30 10:49:13,CSCO,35.53,41,BID
2020-10-30 10:49:15,CSCO,35.54,66,ASK
2020-10-30 10:49:15,CSCO,35.52,40,BID
2020-10-30 10:49:15,CSCO,35.53,51,ASK
2020-10-30 10:49:16,CSCO,35.52,12,BID
2020-10-30 10:49:16,CSCO,35.53,62,ASK
2020-10-30 10:49:17,CSCO,35.51,68,BID
2020-10-30 10:49:17,CSCO,35.52,36,ASK
2020-10-30 10:49:17,CSCO,35.51,81,BID
2020-10-30 10:49:18,CSCO,35.52,17,ASK
2020-10-30 10:49:17,CSCO,35.51,86,BID
2020-10-30 10:49:19,CSCO,35.52,28,ASK
2020-10-30 10:49:17,CSCO,35.51,84,BID
2020-10-30 10:49:20,CSCO,35.52,42,ASK
2020-10-30 10:49:17,CSCO,35.51,85,BID
2020-10-30 10:49:21,CSCO,35.52,56,ASK
2020-10-30 10:49:23,CSCO,35.52,24,BID
2020-10-30 10:49:23,CSCO,35.53,59,ASK
2020-10-30 10:49:17,CSCO,35.51,80,BID
2020-10-30 10:49:24,CSCO,35.52,36,ASK
2020-10-30 10:49:26,CSCO,35.52,26,BID
2020-10-30 10:49:26,CSCO,35.53,63,ASK
2020-10-30 10:49:27,CSCO,35.52,23,BID
2020-10-30 10:49:27,CSCO,35.53,46,ASK
2020-10-30 10:49:29,CSCO,35.52,51,BID
2020-10-30 10:49:29,CSCO,35.53,53,ASK
2020-10-30 10:49:29,CSCO,35.52,51,BID
2020-10-30 10:49:30,CSCO,35.53,41,ASK
2020-10-30 10:49:29,CSCO,35.52,51,BID
2020-10-30 10:49:32,CSCO,35.53,37,ASK
2020-10-30 10:49:32,CSCO,35.52,51,BID
2020-10-30 10:49:32,CSCO,35.79,64,ASK
2020-10-30 10:49:32,CSCO,35.52,51,BID
2020-10-30 10:49:32,CSCO,35.53,37,ASK
2020-10-30 10:49:32,CSCO,35.52,32,BID
2020-10-30 10:49:32,CSCO,35.53,47,ASK
2020-10-30 10:49:32,CSCO,35.52,32,BID
2020-10-30 10:49:32,CSCO,35.53,47,ASK
2020-10-30 10:49:32,CSCO,35.52,32,BID
2020-10-30 10:49:32,CSCO,35.53,47,ASK
2020-10-30 10:49:32,CSCO,35.52,32,BID
2020-10-30 10:49:32,CSCO,35.53,47,ASK
2020-10-30 10:49:37,CSCO,35.52,21,BID
2020-10-30 10:49:37,CSCO,35.53,64,ASK
2020-10-30 10:49:37,CSCO,35.52,24,BID
2020-10-30 10:49:37,CSCO,35.53,59,ASK
2020-10-30 10:49:37,CSCO,35.52,20,BID
2020-10-30 10:49:37,CSCO,35.53,57,ASK
2020-10-30 10:49:37,CSCO,35.52,21,BID
2020-10-30 10:49:38,CSCO,35.53,57,ASK
2020-10-30 10:49:39,CSCO,35.51,54,BID
2020-10-30 10:49:39,CSCO,35.52,60,ASK
2020-10-30 10:49:40,CSCO,35.51,46,BID
2020-10-30 10:49:40,CSCO,35.52,61,ASK
2020-10-30 10:49:40,CSCO,35.51,35,BID
2020-10-30 10:49:42,CSCO,35.52,63,ASK
2020-10-30 10:49:40,CSCO,35.51,49,BID
2020-10-30 10:49:44,CSCO,35.52,46,ASK
2020-10-30 10:49:40,CSCO,35.51,44,BID
2020-10-30 10:49:46,CSCO,35.52,39,ASK
2020-10-30 10:49:40,CSCO,35.51,73,BID
2020-10-30 10:49:48,CSCO,35.52,38,ASK
2020-10-30 10:49:40,CSCO,35.51,85,BID
2020-10-30 10:49:49,CSCO,35.52,19,ASK
2020-10-30 10:49:49,CSCO,35.52,74,BID
2020-10-30 10:49:49,CSCO,35.53,62,ASK
2020-10-30 10:49:40,CSCO,35.51,84,BID
2020-10-30 10:49:51,CSCO,35.52,36,ASK
2020-10-30 10:49:40,CSCO,35.51,85,BID
2020-10-30 10:49:52,CSCO,35.52,26,ASK
2020-10-30 10:49:40,CSCO,35.51,50,BID
2020-10-30 10:49:52,CSCO,35.52,62,ASK
2020-10-30 10:49:40,CSCO,35.51,50,BID
2020-10-30 10:49:52,CSCO,35.52,62,ASK
2020-10-30 10:49:40,CSCO,35.51,50,BID
2020-10-30 10:49:52,CSCO,35.52,62,ASK
2020-10-30 10:49:58,CSCO,35.5,89,BID
2020-10-30 10:49:52,CSCO,35.52,117,ASK
2020-10-30 10:49:59,CSCO,35.5,117,BID
2020-10-30 10:49:59,CSCO,35.51,40,ASK
2020-10-30 10:50:00,CSCO,35.5,119,BID
2020-10-30 10:50:00,CSCO,35.51,42,ASK
2020-10-30 10:50:01,CSCO,35.5,124,BID
2020-10-30 10:50:01,CSCO,35.51,16,ASK
2020-10-30 10:50:01,CSCO,35.51,76,BID
2020-10-30 10:49:52,CSCO,35.52,53,ASK
2020-10-30 10:50:01,CSCO,35.51,35,BID
2020-10-30 10:49:52,CSCO,35.52,62,ASK
2020-10-30 10:50:03,CSCO,35.5,121,BID
2020-10-30 10:50:03,CSCO,35.51,13,ASK
2020-10-30 10:50:04,CSCO,35.5,93,BID
2020-10-30 10:50:04,CSCO,35.51,51,ASK
2020-10-30 10:50:04,CSCO,35.5,93,BID
2020-10-30 10:50:04,CSCO,35.51,52,ASK
2020-10-30 10:50:06,CSCO,35.5,119,BID
2020-10-30 10:50:05,CSCO,35.51,24,ASK
2020-10-30 10:50:07,CSCO,35.5,93,BID
2020-10-30 10:50:05,CSCO,35.51,57,ASK
2020-10-30 10:50:07,CSCO,35.5,97,BID
2020-10-30 10:50:05,CSCO,35.51,64,ASK
2020-10-30 10:50:08,CSCO,35.5,97,BID
2020-10-30 10:50:05,CSCO,35.51,59,ASK
2020-10-30 10:50:08,CSCO,35.5,113,BID
2020-10-30 10:50:08,CSCO,35.51,47,ASK
2020-10-30 10:50:09,CSCO,35.51,21,BID
2020-10-30 10:49:52,CSCO,35.52,79,ASK
2020-10-30 10:50:10,CSCO,35.51,39,BID
2020-10-30 10:49:52,CSCO,35.52,74,ASK
2020-10-30 10:50:11,CSCO,35.51,31,BID
2020-10-30 10:49:52,CSCO,35.52,74,ASK
2020-10-30 10:50:12,CSCO,35.51,45,BID
2020-10-30 10:49:52,CSCO,35.52,57,ASK
2020-10-30 10:50:12,CSCO,35.51,77,BID
2020-10-30 10:49:52,CSCO,35.52,48,ASK
2020-10-30 10:50:14,CSCO,35.52,111,BID
2020-10-30 10:50:14,CSCO,35.53,43,ASK
2020-10-30 10:50:14,CSCO,35.52,116,BID
2020-10-30 10:50:16,CSCO,35.53,41,ASK
2020-10-30 10:50:14,CSCO,35.52,116,BID
2020-10-30 10:50:16,CSCO,35.53,38,ASK
2020-10-30 10:50:14,CSCO,35.52,111,BID
2020-10-30 10:50:16,CSCO,35.53,42,ASK
2020-10-30 10:50:14,CSCO,35.52,112,BID
2020-10-30 10:50:16,CSCO,35.53,38,ASK
2020-10-30 10:50:14,CSCO,35.52,84,BID
2020-10-30 10:50:19,CSCO,35.53,59,ASK
2020-10-30 10:50:14,CSCO,35.52,83,BID
2020-10-30 10:50:19,CSCO,35.53,59,ASK
2020-10-30 10:50:14,CSCO,35.52,87,BID
2020-10-30 10:50:19,CSCO,35.53,55,ASK
2020-10-30 10:50:14,CSCO,35.52,87,BID
2020-10-30 10:50:24,CSCO,35.53,48,ASK
2020-10-30 10:50:14,CSCO,35.52,81,BID
2020-10-30 10:50:24,CSCO,35.53,66,ASK
2020-10-30 10:50:14,CSCO,35.52,73,BID
2020-10-30 10:50:24,CSCO,35.53,68,ASK
2020-10-30 10:50:12,CSCO,35.51,46,BID
2020-10-30 10:50:27,CSCO,35.52,91,ASK
2020-10-30 10:50:29,CSCO,35.51,47,BID
2020-10-30 10:50:27,CSCO,35.52,79,ASK
2020-10-30 10:50:29,CSCO,35.51,66,BID
2020-10-30 10:50:27,CSCO,35.52,63,ASK
2020-10-30 10:50:29,CSCO,35.51,75,BID
2020-10-30 10:50:27,CSCO,35.52,55,ASK
2020-10-30 10:50:33,CSCO,35.52,28,BID
2020-10-30 10:50:24,CSCO,35.53,48,ASK
2020-10-30 10:50:34,CSCO,35.52,49,BID
2020-10-30 10:50:24,CSCO,35.53,41,ASK
2020-10-30 10:50:35,CSCO,35.53,38,BID
2020-10-30 10:50:35,CSCO,35.54,68,ASK
2020-10-30 10:50:36,CSCO,35.52,35,BID
2020-10-30 10:50:35,CSCO,35.53,51,ASK
2020-10-30 10:50:36,CSCO,35.52,39,BID
2020-10-30 10:50:35,CSCO,35.53,46,ASK
2020-10-30 10:50:38,CSCO,35.52,36,BID
2020-10-30 10:50:35,CSCO,35.53,55,ASK
2020-10-30 10:50:40,CSCO,35.52,23,BID
2020-10-30 10:50:40,CSCO,35.53,64,ASK
