timestamp,ticker,price,volume,bid_ask
2020-10-30 10:31:26,CVX,68.77,16,BID
2020-10-30 10:31:26,CVX,68.8,7,ASK
2020-10-30 10:31:28,CVX,68.77,16,BID
2020-10-30 10:31:27,CVX,68.8,6,ASK
2020-10-30 10:31:28,CVX,68.77,16,BID
2020-10-30 10:31:27,CVX,68.8,6,ASK
2020-10-30 10:31:30,CVX,68.77,16,BID
2020-10-30 10:31:27,CVX,68.8,7,ASK
2020-10-30 10:31:30,CVX,68.77,16,BID
2020-10-30 10:31:27,CVX,68.8,7,ASK
2020-10-30 10:31:32,CVX,68.77,19,BID
2020-10-30 10:31:32,CVX,68.78,3,ASK
2020-10-30 10:31:24,CVX,68.76,23,BID
2020-10-30 10:31:32,CVX,68.79,18,ASK
2020-10-30 10:31:33,CVX,68.75,13,BID
2020-10-30 10:31:33,CVX,68.79,34,ASK
2020-10-30 10:31:35,CVX,68.77,2,BID
2020-10-30 10:31:33,CVX,68.8,10,ASK
2020-10-30 10:31:35,CVX,68.78,3,BID
2020-10-30 10:31:35,CVX,68.8,1,ASK
2020-10-30 10:31:37,CVX,68.8,10,BID
2020-10-30 10:31:37,CVX,68.82,6,ASK
2020-10-30 10:31:37,CVX,68.8,27,BID
2020-10-30 10:31:37,CVX,68.81,1,ASK
2020-10-30 10:31:39,CVX,68.77,5,BID
2020-10-30 10:31:39,CVX,68.79,1,ASK
2020-10-30 10:31:40,CVX,68.76,10,BID
2020-10-30 10:31:40,CVX,68.79,20,ASK
2020-10-30 10:31:40,CVX,68.77,2,BID
2020-10-30 10:31:40,CVX,68.79,14,ASK
2020-10-30 10:31:41,CVX,68.76,19,BID
2020-10-30 10:31:42,CVX,68.78,1,ASK
2020-10-30 10:31:43,CVX,68.76,28,BID
2020-10-30 10:31:43,CVX,68.78,1,ASK
2020-10-30 10:31:44,CVX,68.79,10,BID
2020-10-30 10:31:44,CVX,68.81,12,ASK
2020-10-30 10:31:44,CVX,68.77,19,BID
2020-10-30 10:31:45,CVX,68.79,2,ASK
2020-10-30 10:31:44,CVX,68.77,19,BID
2020-10-30 10:31:45,CVX,68.79,2,ASK
2020-10-30 10:31:44,CVX,68.77,19,BID
2020-10-30 10:31:46,CVX,68.79,2,ASK
2020-10-30 10:31:47,CVX,68.76,33,BID
2020-10-30 10:31:47,CVX,68.77,1,ASK
2020-10-30 10:31:33,CVX,68.75,12,BID
2020-10-30 10:31:47,CVX,68.77,26,ASK
2020-10-30 10:31:20,CVX,68.73,18,BID
2020-10-30 10:31:49,CVX,68.75,3,ASK
2020-10-30 10:31:50,CVX,68.74,12,BID
2020-10-30 10:31:51,CVX,68.77,8,ASK
2020-10-30 10:31:51,CVX,68.75,3,BID
2020-10-30 10:31:51,CVX,68.76,4,ASK
2020-10-30 10:31:52,CVX,68.75,3,BID
2020-10-30 10:31:52,CVX,68.76,4,ASK
2020-10-30 10:31:52,CVX,68.75,3,BID
2020-10-30 10:31:52,CVX,68.76,4,ASK
2020-10-30 10:31:55,CVX,68.72,16,BID
2020-10-30 10:31:55,CVX,68.74,2,ASK
2020-10-30 10:31:56,CVX,68.7,14,BID
2020-10-30 10:31:56,CVX,68.72,4,ASK
2020-10-30 10:31:57,CVX,68.69,25,BID
2020-10-30 10:31:57,CVX,68.73,14,ASK
2020-10-30 10:31:57,CVX,68.69,26,BID
2020-10-30 10:31:57,CVX,68.73,14,ASK
2020-10-30 10:31:59,CVX,68.7,23,BID
2020-10-30 10:31:59,CVX,68.73,14,ASK
2020-10-30 10:32:00,CVX,68.68,5,BID
2020-10-30 10:31:59,CVX,68.72,9,ASK
2020-10-30 10:32:00,CVX,68.68,5,BID
2020-10-30 10:32:00,CVX,68.71,2,ASK
2020-10-30 10:32:00,CVX,68.68,9,BID
2020-10-30 10:32:00,CVX,68.7,10,ASK
2020-10-30 10:32:00,CVX,68.66,24,BID
2020-10-30 10:32:00,CVX,68.68,3,ASK
2020-10-30 10:32:01,CVX,68.65,20,BID
2020-10-30 10:32:01,CVX,68.68,4,ASK
2020-10-30 10:32:01,CVX,68.66,2,BID
2020-10-30 10:32:01,CVX,68.68,12,ASK
2020-10-30 10:32:02,CVX,68.67,22,BID
2020-10-30 10:32:02,CVX,68.7,3,ASK
2020-10-30 10:32:02,CVX,68.65,12,BID
2020-10-30 10:32:03,CVX,68.68,11,ASK
2020-10-30 10:32:04,CVX,68.66,2,BID
2020-10-30 10:32:04,CVX,68.68,3,ASK
2020-10-30 10:32:04,CVX,68.67,22,BID
2020-10-30 10:32:04,CVX,68.7,3,ASK
2020-10-30 10:32:05,CVX,68.68,3,BID
2020-10-30 10:32:05,CVX,68.7,3,ASK
2020-10-30 10:32:06,CVX,68.67,20,BID
2020-10-30 10:32:06,CVX,68.7,5,ASK
2020-10-30 10:32:08,CVX,68.67,1,BID
2020-10-30 10:32:06,CVX,68.7,6,ASK
2020-10-30 10:32:09,CVX,68.68,15,BID
2020-10-30 10:32:06,CVX,68.7,5,ASK
2020-10-30 10:32:09,CVX,68.66,4,BID
2020-10-30 10:32:09,CVX,68.68,1,ASK
2020-10-30 10:32:10,CVX,68.66,2,BID
2020-10-30 10:32:10,CVX,68.68,3,ASK
2020-10-30 10:32:02,CVX,68.65,7,BID
2020-10-30 10:32:12,CVX,68.69,11,ASK
2020-10-30 10:32:12,CVX,68.71,5,BID
2020-10-30 10:32:12,CVX,68.73,11,ASK
2020-10-30 10:32:13,CVX,68.71,14,BID
2020-10-30 10:32:13,CVX,68.74,10,ASK
2020-10-30 10:32:15,CVX,68.71,14,BID
2020-10-30 10:32:13,CVX,68.74,7,ASK
2020-10-30 10:32:16,CVX,68.71,14,BID
2020-10-30 10:32:16,CVX,68.74,24,ASK
2020-10-30 10:32:16,CVX,68.71,20,BID
2020-10-30 10:32:16,CVX,68.74,20,ASK
2020-10-30 10:32:19,CVX,68.69,13,BID
2020-10-30 10:32:19,CVX,68.7,11,ASK
2020-10-30 10:32:19,CVX,68.67,6,BID
2020-10-30 10:32:19,CVX,68.7,24,ASK
2020-10-30 10:32:20,CVX,68.67,15,BID
2020-10-30 10:32:19,CVX,68.7,23,ASK
2020-10-30 10:32:20,CVX,68.66,6,BID
2020-10-30 10:32:20,CVX,68.69,5,ASK
2020-10-30 10:32:20,CVX,68.66,6,BID
2020-10-30 10:32:20,CVX,68.69,4,ASK
2020-10-30 10:32:21,CVX,68.67,3,BID
2020-10-30 10:32:21,CVX,68.69,4,ASK
2020-10-30 10:32:21,CVX,68.68,26,BID
2020-10-30 10:32:19,CVX,68.7,23,ASK
2020-10-30 10:32:23,CVX,68.68,2,BID
2020-10-30 10:32:23,CVX,68.7,19,ASK
2020-10-30 10:32:23,CVX,68.67,5,BID
2020-10-30 10:32:23,CVX,68.7,22,ASK
2020-10-30 10:32:23,CVX,68.67,15,BID
2020-10-30 10:32:23,CVX,68.7,24,ASK
2020-10-30 10:32:24,CVX,68.66,9,BID
2020-10-30 10:32:24,CVX,68.68,1,ASK
2020-10-30 10:32:24,CVX,68.64,39,BID
2020-10-30 10:32:24,CVX,68.66,7,ASK
2020-10-30 10:32:25,CVX,68.62,13,BID
2020-10-30 10:32:25,CVX,68.65,12,ASK
2020-10-30 10:32:25,CVX,68.64,13,BID
2020-10-30 10:32:25,CVX,68.67,13,ASK
2020-10-30 10:32:25,CVX,68.64,13,BID
2020-10-30 10:32:25,CVX,68.67,12,ASK
2020-10-30 10:32:26,CVX,68.64,4,BID
2020-10-30 10:32:26,CVX,68.66,9,ASK
2020-10-30 10:32:26,CVX,68.61,6,BID
2020-10-30 10:32:26,CVX,68.62,13,ASK
2020-10-30 10:32:27,CVX,68.61,5,BID
2020-10-30 10:32:27,CVX,68.63,5,ASK
2020-10-30 10:32:27,CVX,68.62,18,BID
2020-10-30 10:32:27,CVX,68.64,16,ASK
2020-10-30 10:32:27,CVX,68.62,2,BID
2020-10-30 10:32:27,CVX,68.64,15,ASK
2020-10-30 10:32:28,CVX,68.63,4,BID
2020-10-30 10:32:28,CVX,68.66,5,ASK
2020-10-30 10:32:29,CVX,68.62,18,BID
2020-10-30 10:32:29,CVX,68.66,12,ASK
2020-10-30 10:32:31,CVX,68.63,3,BID
2020-10-30 10:32:30,CVX,68.66,7,ASK
2020-10-30 10:32:31,CVX,68.65,6,BID
2020-10-30 10:32:31,CVX,68.68,25,ASK
2020-10-30 10:32:31,CVX,68.66,16,BID
2020-10-30 10:32:31,CVX,68.69,16,ASK
2020-10-30 10:32:31,CVX,68.66,9,BID
2020-10-30 10:32:31,CVX,68.69,15,ASK
2020-10-30 10:32:32,CVX,68.67,10,BID
2020-10-30 10:32:32,CVX,68.69,8,ASK
2020-10-30 10:32:33,CVX,68.68,3,BID
2020-10-30 10:32:33,CVX,68.7,6,ASK
2020-10-30 10:32:34,CVX,68.68,12,BID
2020-10-30 10:32:34,CVX,68.7,5,ASK
2020-10-30 10:32:35,CVX,68.67,14,BID
2020-10-30 10:32:35,CVX,68.7,11,ASK
2020-10-30 10:32:36,CVX,68.65,16,BID
2020-10-30 10:32:36,CVX,68.68,2,ASK
2020-10-30 10:32:37,CVX,68.71,1,BID
2020-10-30 10:32:37,CVX,68.72,6,ASK
2020-10-30 10:32:38,CVX,68.68,23,BID
2020-10-30 10:32:38,CVX,68.71,11,ASK
2020-10-30 10:32:39,CVX,68.68,28,BID
2020-10-30 10:32:39,CVX,68.69,3,ASK
2020-10-30 10:32:39,CVX,68.68,5,BID
2020-10-30 10:32:39,CVX,68.7,8,ASK
2020-10-30 10:32:40,CVX,68.66,11,BID
2020-10-30 10:32:40,CVX,68.68,3,ASK
2020-10-30 10:32:42,CVX,68.65,16,BID
2020-10-30 10:32:42,CVX,68.68,6,ASK
2020-10-30 10:32:43,CVX,68.66,1,BID
2020-10-30 10:32:43,CVX,68.68,15,ASK
2020-10-30 10:32:44,CVX,68.63,4,BID
2020-10-30 10:32:44,CVX,68.66,10,ASK
2020-10-30 10:32:44,CVX,68.63,14,BID
2020-10-30 10:32:44,CVX,68.67,17,ASK
2020-10-30 10:32:45,CVX,68.64,24,BID
2020-10-30 10:32:45,CVX,68.66,2,ASK
2020-10-30 10:32:46,CVX,68.65,21,BID
2020-10-30 10:32:45,CVX,68.68,8,ASK
2020-10-30 10:32:46,CVX,68.65,19,BID
2020-10-30 10:32:45,CVX,68.68,9,ASK
2020-10-30 10:32:48,CVX,68.66,1,BID
2020-10-30 10:32:48,CVX,68.69,30,ASK
2020-10-30 10:32:49,CVX,68.68,1,BID
2020-10-30 10:32:47,CVX,68.7,32,ASK
2020-10-30 10:32:50,CVX,68.67,6,BID
2020-10-30 10:32:47,CVX,68.7,28,ASK
2020-10-30 10:32:52,CVX,68.68,27,BID
2020-10-30 10:32:52,CVX,68.7,2,ASK
2020-10-30 10:32:53,CVX,68.68,15,BID
2020-10-30 10:32:54,CVX,68.69,12,ASK
2020-10-30 10:32:56,CVX,68.68,1,BID
2020-10-30 10:32:56,CVX,68.7,1,ASK
2020-10-30 10:32:56,CVX,68.66,12,BID
2020-10-30 10:32:57,CVX,68.69,10,ASK
2020-10-30 10:32:57,CVX,68.69,4,BID
2020-10-30 10:32:53,CVX,68.71,17,ASK
2020-10-30 10:32:58,CVX,68.7,2,BID
2020-10-30 10:32:58,CVX,68.72,21,ASK
2020-10-30 10:32:58,CVX,68.72,1,BID
2020-10-30 10:32:58,CVX,68.73,15,ASK
2020-10-30 10:32:58,CVX,68.71,16,BID
2020-10-30 10:32:59,CVX,68.73,13,ASK
2020-10-30 10:33:00,CVX,68.73,3,BID
2020-10-30 10:33:00,CVX,68.75,33,ASK
2020-10-30 10:33:01,CVX,68.75,15,BID
2020-10-30 10:33:01,CVX,68.77,11,ASK
2020-10-30 10:33:02,CVX,68.78,1,BID
2020-10-30 10:33:02,CVX,68.79,6,ASK
2020-10-30 10:33:02,CVX,68.78,17,BID
2020-10-30 10:33:02,CVX,68.81,3,ASK
2020-10-30 10:33:03,CVX,68.77,23,BID
2020-10-30 10:33:03,CVX,68.8,18,ASK
2020-10-30 10:33:04,CVX,68.78,7,BID
2020-10-30 10:33:04,CVX,68.81,18,ASK
2020-10-30 10:33:05,CVX,68.81,15,BID
2020-10-30 10:30:56,CVX,68.83,4,ASK
2020-10-30 10:33:07,CVX,68.82,4,BID
2020-10-30 10:33:07,CVX,68.84,18,ASK
2020-10-30 10:33:07,CVX,68.78,11,BID
2020-10-30 10:33:07,CVX,68.81,18,ASK
2020-10-30 10:33:08,CVX,68.76,1,BID
2020-10-30 10:33:08,CVX,68.78,16,ASK
2020-10-30 10:33:09,CVX,68.73,5,BID
2020-10-30 10:33:09,CVX,68.76,6,ASK
2020-10-30 10:33:10,CVX,68.76,2,BID
2020-10-30 10:33:10,CVX,68.78,11,ASK
2020-10-30 10:33:10,CVX,68.75,7,BID
2020-10-30 10:33:11,CVX,68.78,11,ASK
2020-10-30 10:33:12,CVX,68.77,5,BID
2020-10-30 10:33:12,CVX,68.8,4,ASK
2020-10-30 10:33:14,CVX,68.73,6,BID
2020-10-30 10:33:14,CVX,68.75,1,ASK
2020-10-30 10:33:15,CVX,68.73,1,BID
2020-10-30 10:33:15,CVX,68.75,20,ASK
2020-10-30 10:33:16,CVX,68.73,1,BID
2020-10-30 10:33:14,CVX,68.76,26,ASK
2020-10-30 10:33:17,CVX,68.78,2,BID
2020-10-30 10:33:17,CVX,68.79,9,ASK
2020-10-30 10:33:18,CVX,68.77,5,BID
2020-10-30 10:33:17,CVX,68.8,30,ASK
2020-10-30 10:33:19,CVX,68.77,5,BID
2020-10-30 10:33:19,CVX,68.79,3,ASK
2020-10-30 10:33:19,CVX,68.77,8,BID
2020-10-30 10:33:17,CVX,68.8,34,ASK
2020-10-30 10:33:21,CVX,68.82,17,BID
2020-10-30 10:33:21,CVX,68.84,18,ASK
2020-10-30 10:33:22,CVX,68.82,14,BID
2020-10-30 10:33:22,CVX,68.85,36,ASK
2020-10-30 10:33:22,CVX,68.82,21,BID
2020-10-30 10:33:22,CVX,68.85,19,ASK
2020-10-30 10:33:24,CVX,68.84,4,BID
2020-10-30 10:33:24,CVX,68.86,19,ASK
2020-10-30 10:33:25,CVX,68.84,4,BID
2020-10-30 10:33:25,CVX,68.86,8,ASK
2020-10-30 10:33:26,CVX,68.84,4,BID
2020-10-30 10:33:26,CVX,68.86,8,ASK
2020-10-30 10:33:28,CVX,68.84,4,BID
2020-10-30 10:33:28,CVX,68.86,8,ASK
2020-10-30 10:33:29,CVX,68.87,14,BID
2020-10-30 10:33:30,CVX,68.9,1,ASK
2020-10-30 10:33:31,CVX,68.88,1,BID
2020-10-30 10:30:33,CVX,68.91,17,ASK
2020-10-30 10:33:32,CVX,68.88,1,BID
2020-10-30 10:33:32,CVX,68.9,14,ASK
2020-10-30 10:33:33,CVX,68.9,20,BID
2020-10-30 10:33:33,CVX,68.93,11,ASK
2020-10-30 10:33:34,CVX,68.92,2,BID
2020-10-30 10:33:33,CVX,68.94,9,ASK
2020-10-30 10:33:34,CVX,68.93,1,BID
2020-10-30 10:33:34,CVX,68.95,13,ASK
2020-10-30 10:33:35,CVX,68.93,4,BID
2020-10-30 10:33:34,CVX,68.95,13,ASK
2020-10-30 10:33:36,CVX,68.92,7,BID
2020-10-30 10:33:34,CVX,68.95,15,ASK
2020-10-30 10:33:36,CVX,68.92,17,BID
2020-10-30 10:33:37,CVX,68.94,5,ASK
2020-10-30 10:33:37,CVX,68.92,32,BID
2020-10-30 10:33:34,CVX,68.95,18,ASK
2020-10-30 10:33:37,CVX,68.92,29,BID
2020-10-30 10:33:38,CVX,68.94,3,ASK
2020-10-30 10:33:39,CVX,68.92,10,BID
2020-10-30 10:33:39,CVX,68.94,2,ASK
2020-10-30 10:33:40,CVX,68.92,5,BID
2020-10-30 10:33:34,CVX,68.95,18,ASK
2020-10-30 10:33:42,CVX,68.91,15,BID
2020-10-30 10:33:42,CVX,68.93,17,ASK
2020-10-30 10:33:43,CVX,68.9,10,BID
2020-10-30 10:33:43,CVX,68.92,1,ASK
2020-10-30 10:33:44,CVX,68.9,2,BID
2020-10-30 10:33:44,CVX,68.92,3,ASK
2020-10-30 10:33:44,CVX,68.9,12,BID
2020-10-30 10:33:44,CVX,68.93,15,ASK
2020-10-30 10:33:45,CVX,68.93,14,BID
2020-10-30 10:33:45,CVX,68.96,11,ASK
2020-10-30 10:33:46,CVX,68.94,2,BID
2020-10-30 10:33:46,CVX,68.96,15,ASK
2020-10-30 10:33:46,CVX,68.94,2,BID
2020-10-30 10:33:46,CVX,68.96,10,ASK
2020-10-30 10:33:48,CVX,68.94,22,BID
2020-10-30 10:33:48,CVX,68.96,9,ASK
2020-10-30 10:33:48,CVX,68.96,10,BID
2020-10-30 10:33:48,CVX,68.98,11,ASK
2020-10-30 10:33:49,CVX,68.97,7,BID
2020-10-30 10:28:02,CVX,69.0,15,ASK
2020-10-30 10:33:49,CVX,68.98,1,BID
2020-10-30 10:33:49,CVX,68.99,4,ASK
2020-10-30 10:33:50,CVX,68.98,4,BID
2020-10-30 10:33:50,CVX,68.99,2,ASK
2020-10-30 10:33:52,CVX,68.96,3,BID
2020-10-30 10:33:52,CVX,68.97,4,ASK
2020-10-30 10:33:52,CVX,68.95,32,BID
2020-10-30 10:33:52,CVX,68.97,4,ASK
2020-10-30 10:33:54,CVX,68.97,27,BID
2020-10-30 10:33:54,CVX,68.99,9,ASK
2020-10-30 10:33:56,CVX,68.97,35,BID
2020-10-30 10:33:56,CVX,68.99,10,ASK
2020-10-30 10:33:57,CVX,68.98,28,BID
2020-10-30 10:28:02,CVX,69.0,14,ASK
2020-10-30 10:33:57,CVX,68.97,8,BID
2020-10-30 10:33:58,CVX,69.0,13,ASK
2020-10-30 10:34:00,CVX,69.0,6,BID
2020-10-30 10:34:00,CVX,69.02,9,ASK
2020-10-30 10:34:01,CVX,68.98,26,BID
2020-10-30 10:34:01,CVX,69.02,11,ASK
2020-10-30 10:34:01,CVX,68.99,5,BID
2020-10-30 10:34:01,CVX,69.01,2,ASK
2020-10-30 10:34:02,CVX,69.02,25,BID
2020-10-30 10:34:02,CVX,69.04,12,ASK
2020-10-30 10:34:02,CVX,69.0,25,BID
2020-10-30 10:34:03,CVX,69.02,12,ASK
2020-10-30 10:34:03,CVX,69.01,1,BID
2020-10-30 10:34:03,CVX,69.03,16,ASK
2020-10-30 10:34:04,CVX,69.01,12,BID
2020-10-30 10:34:04,CVX,69.04,26,ASK
2020-10-30 10:34:05,CVX,69.02,4,BID
2020-10-30 10:34:05,CVX,69.05,21,ASK
2020-10-30 10:34:06,CVX,69.02,17,BID
2020-10-30 10:34:05,CVX,69.05,28,ASK
2020-10-30 10:34:07,CVX,69.04,3,BID
2020-10-30 10:34:07,CVX,69.07,14,ASK
2020-10-30 10:34:07,CVX,69.02,24,BID
2020-10-30 10:34:08,CVX,69.05,7,ASK
2020-10-30 10:34:09,CVX,69.04,2,BID
2020-10-30 10:34:09,CVX,69.06,13,ASK
2020-10-30 10:34:09,CVX,69.03,16,BID
2020-10-30 10:34:09,CVX,69.06,20,ASK
2020-10-30 10:34:10,CVX,69.03,22,BID
2020-10-30 10:34:10,CVX,69.06,2,ASK
2020-10-30 10:34:10,CVX,69.03,22,BID
2020-10-30 10:34:10,CVX,69.06,2,ASK
2020-10-30 10:34:11,CVX,69.03,24,BID
2020-10-30 10:34:10,CVX,69.06,29,ASK
2020-10-30 10:34:12,CVX,69.02,26,BID
2020-10-30 10:34:12,CVX,69.03,3,ASK
2020-10-30 10:34:13,CVX,69.01,22,BID
2020-10-30 10:34:13,CVX,69.03,28,ASK
2020-10-30 10:34:14,CVX,68.99,26,BID
2020-10-30 10:34:14,CVX,69.0,5,ASK
2020-10-30 10:34:14,CVX,68.99,18,BID
2020-10-30 10:34:14,CVX,69.01,2,ASK
2020-10-30 10:34:14,CVX,69.01,5,BID
2020-10-30 10:34:14,CVX,69.03,28,ASK
2020-10-30 10:34:15,CVX,69.01,3,BID
2020-10-30 10:34:15,CVX,69.03,28,ASK
2020-10-30 10:34:16,CVX,68.99,1,BID
2020-10-30 10:34:16,CVX,69.01,4,ASK
2020-10-30 10:34:18,CVX,69.02,14,BID
2020-10-30 10:34:18,CVX,69.04,14,ASK
2020-10-30 10:34:19,CVX,69.02,13,BID
2020-10-30 10:34:19,CVX,69.04,16,ASK
2020-10-30 10:34:20,CVX,69.05,3,BID
2020-10-30 10:34:20,CVX,69.06,2,ASK
2020-10-30 10:34:21,CVX,69.05,13,BID
2020-10-30 10:25:11,CVX,69.08,15,ASK
2020-10-30 10:34:23,CVX,69.05,12,BID
2020-10-30 10:34:23,CVX,69.07,3,ASK
2020-10-30 10:34:24,CVX,69.08,1,BID
2020-10-30 10:34:24,CVX,69.1,20,ASK
2020-10-30 10:34:24,CVX,69.11,2,BID
2020-10-30 10:34:24,CVX,69.13,18,ASK
2020-10-30 10:34:25,CVX,69.13,2,BID
2020-10-30 10:34:25,CVX,69.16,18,ASK
2020-10-30 10:34:26,CVX,69.15,3,BID
2020-10-30 10:25:04,CVX,69.17,9,ASK
2020-10-30 10:34:28,CVX,69.13,9,BID
2020-10-30 10:34:28,CVX,69.15,21,ASK
2020-10-30 10:34:29,CVX,69.12,12,BID
2020-10-30 10:34:29,CVX,69.15,9,ASK
2020-10-30 10:34:31,CVX,69.11,19,BID
2020-10-30 10:34:30,CVX,69.13,7,ASK
2020-10-30 10:34:31,CVX,69.11,24,BID
2020-10-30 10:34:31,CVX,69.14,2,ASK
2020-10-30 10:34:33,CVX,69.14,18,BID
2020-10-30 10:34:33,CVX,69.16,2,ASK
2020-10-30 10:34:32,CVX,69.11,21,BID
2020-10-30 10:34:35,CVX,69.13,15,ASK
2020-10-30 10:34:36,CVX,69.09,13,BID
2020-10-30 10:34:36,CVX,69.12,15,ASK
2020-10-30 10:34:37,CVX,69.1,22,BID
2020-10-30 10:34:36,CVX,69.13,18,ASK
2020-10-30 10:34:39,CVX,69.07,22,BID
2020-10-30 10:34:39,CVX,69.1,3,ASK
2020-10-30 10:34:40,CVX,69.08,9,BID
2020-10-30 10:34:41,CVX,69.09,4,ASK
2020-10-30 10:34:42,CVX,69.06,18,BID
2020-10-30 10:34:41,CVX,69.09,16,ASK
2020-10-30 10:34:44,CVX,69.07,19,BID
2020-10-30 10:34:41,CVX,69.09,16,ASK
2020-10-30 10:34:45,CVX,69.08,26,BID
2020-10-30 10:34:45,CVX,69.1,10,ASK
2020-10-30 10:34:45,CVX,69.06,22,BID
2020-10-30 10:34:46,CVX,69.09,18,ASK
2020-10-30 10:34:49,CVX,69.11,4,BID
2020-10-30 10:34:36,CVX,69.13,14,ASK
2020-10-30 10:34:49,CVX,69.13,11,BID
2020-10-30 10:34:49,CVX,69.15,18,ASK
2020-10-30 10:34:50,CVX,69.16,1,BID
2020-10-30 10:34:50,CVX,69.17,6,ASK
2020-10-30 10:34:51,CVX,69.14,23,BID
2020-10-30 10:34:51,CVX,69.16,4,ASK
2020-10-30 10:34:51,CVX,69.12,18,BID
2020-10-30 10:34:51,CVX,69.14,2,ASK
2020-10-30 10:34:52,CVX,69.13,14,BID
2020-10-30 10:34:52,CVX,69.16,6,ASK
2020-10-30 10:34:52,CVX,69.13,17,BID
2020-10-30 10:34:52,CVX,69.15,7,ASK
2020-10-30 10:34:52,CVX,69.13,17,BID
2020-10-30 10:34:52,CVX,69.15,7,ASK
2020-10-30 10:34:52,CVX,69.13,16,BID
2020-10-30 10:34:53,CVX,69.14,4,ASK
2020-10-30 10:34:53,CVX,69.12,9,BID
2020-10-30 10:34:53,CVX,69.13,1,ASK
2020-10-30 10:34:53,CVX,69.1,21,BID
2020-10-30 10:34:53,CVX,69.13,2,ASK
2020-10-30 10:34:53,CVX,69.11,23,BID
2020-10-30 10:34:53,CVX,69.13,5,ASK
2020-10-30 10:34:53,CVX,69.11,13,BID
2020-10-30 10:34:53,CVX,69.14,5,ASK
2020-10-30 10:34:54,CVX,69.11,29,BID
2020-10-30 10:34:54,CVX,69.13,2,ASK
2020-10-30 10:34:55,CVX,69.1,9,BID
2020-10-30 10:34:55,CVX,69.12,2,ASK
2020-10-30 10:34:57,CVX,69.11,13,BID
2020-10-30 10:34:58,CVX,69.13,1,ASK
2020-10-30 10:35:00,CVX,69.1,1,BID
2020-10-30 10:35:00,CVX,69.12,8,ASK
2020-10-30 10:35:03,CVX,69.09,17,BID
2020-10-30 10:35:03,CVX,69.11,5,ASK
2020-10-30 10:35:04,CVX,69.07,26,BID
2020-10-30 10:35:04,CVX,69.09,3,ASK
2020-10-30 10:35:05,CVX,69.08,22,BID
2020-10-30 10:35:05,CVX,69.1,4,ASK
2020-10-30 10:35:05,CVX,69.08,22,BID
2020-10-30 10:35:05,CVX,69.1,4,ASK
2020-10-30 10:35:05,CVX,69.08,22,BID
2020-10-30 10:35:05,CVX,69.1,4,ASK
2020-10-30 10:35:05,CVX,69.06,29,BID
2020-10-30 10:35:05,CVX,69.08,5,ASK
2020-10-30 10:35:05,CVX,69.05,2,BID
2020-10-30 10:35:05,CVX,69.07,7,ASK
2020-10-30 10:34:20,CVX,69.04,24,BID
2020-10-30 10:35:05,CVX,69.06,23,ASK
2020-10-30 10:34:20,CVX,69.04,24,BID
2020-10-30 10:35:05,CVX,69.06,23,ASK
2020-10-30 10:34:20,CVX,69.04,24,BID
2020-10-30 10:35:05,CVX,69.06,23,ASK
2020-10-30 10:35:05,CVX,69.04,24,BID
2020-10-30 10:35:05,CVX,69.06,23,ASK
2020-10-30 10:35:05,CVX,69.04,24,BID
2020-10-30 10:35:05,CVX,69.06,23,ASK
2020-10-30 10:35:05,CVX,69.04,23,BID
2020-10-30 10:35:05,CVX,69.05,1,ASK
2020-10-30 10:35:05,CVX,69.04,23,BID
2020-10-30 10:35:05,CVX,69.05,1,ASK
2020-10-30 10:35:05,CVX,69.04,23,BID
2020-10-30 10:35:05,CVX,69.05,3,ASK
2020-10-30 10:35:06,CVX,69.05,18,BID
2020-10-30 10:35:06,CVX,69.07,4,ASK
2020-10-30 10:35:08,CVX,69.06,2,BID
2020-10-30 10:35:08,CVX,69.08,17,ASK
2020-10-30 10:35:08,CVX,69.05,11,BID
2020-10-30 10:35:08,CVX,69.08,7,ASK
2020-10-30 10:35:08,CVX,69.05,11,BID
2020-10-30 10:35:08,CVX,69.08,7,ASK
2020-10-30 10:35:08,CVX,69.05,11,BID
2020-10-30 10:35:08,CVX,69.08,7,ASK
2020-10-30 10:35:08,CVX,69.05,11,BID
2020-10-30 10:35:08,CVX,69.08,7,ASK
2020-10-30 10:35:09,CVX,69.07,3,BID
2020-10-30 10:35:08,CVX,69.09,13,ASK
2020-10-30 10:35:11,CVX,69.12,1,BID
2020-10-30 10:35:11,CVX,69.13,7,ASK
2020-10-30 10:35:13,CVX,69.13,4,BID
2020-10-30 10:35:13,CVX,69.16,24,ASK
2020-10-30 10:35:17,CVX,69.17,10,BID
2020-10-30 10:35:16,CVX,69.18,16,ASK
2020-10-30 10:35:18,CVX,69.16,16,BID
2020-10-30 10:35:20,CVX,69.19,10,ASK
2020-10-30 10:35:20,CVX,69.16,2,BID
2020-10-30 10:35:20,CVX,69.16,1,ASK
2020-10-30 10:35:20,CVX,69.13,22,BID
2020-10-30 10:35:20,CVX,69.15,14,ASK
2020-10-30 10:35:20,CVX,69.13,27,BID
2020-10-30 10:35:20,CVX,69.15,2,ASK
2020-10-30 10:35:21,CVX,69.15,13,BID
2020-10-30 10:35:21,CVX,69.17,20,ASK
2020-10-30 10:35:21,CVX,69.15,11,BID
2020-10-30 10:35:21,CVX,69.16,2,ASK
2020-10-30 10:35:21,CVX,69.12,13,BID
2020-10-30 10:35:21,CVX,69.13,2,ASK
2020-10-30 10:35:22,CVX,69.07,5,BID
2020-10-30 10:35:22,CVX,69.1,16,ASK
2020-10-30 10:35:22,CVX,69.07,2,BID
2020-10-30 10:35:22,CVX,69.1,13,ASK
2020-10-30 10:35:22,CVX,69.06,2,BID
2020-10-30 10:35:22,CVX,69.08,7,ASK
2020-10-30 10:35:23,CVX,69.06,7,BID
2020-10-30 10:35:23,CVX,69.09,19,ASK
2020-10-30 10:35:24,CVX,69.1,2,BID
2020-10-30 10:35:24,CVX,69.12,23,ASK
2020-10-30 10:35:24,CVX,69.07,15,BID
2020-10-30 10:35:24,CVX,69.09,16,ASK
2020-10-30 10:35:25,CVX,69.07,2,BID
2020-10-30 10:35:25,CVX,69.1,17,ASK
2020-10-30 10:35:25,CVX,69.07,2,BID
2020-10-30 10:35:25,CVX,69.1,16,ASK
2020-10-30 10:35:27,CVX,69.07,2,BID
2020-10-30 10:35:25,CVX,69.1,19,ASK
2020-10-30 10:35:23,CVX,69.06,7,BID
2020-10-30 10:35:28,CVX,69.09,1,ASK
2020-10-30 10:35:23,CVX,69.06,7,BID
2020-10-30 10:35:28,CVX,69.09,1,ASK
2020-10-30 10:35:23,CVX,69.06,7,BID
2020-10-30 10:35:29,CVX,69.09,1,ASK
2020-10-30 10:35:23,CVX,69.06,7,BID
2020-10-30 10:35:29,CVX,69.09,1,ASK
2020-10-30 10:35:23,CVX,69.06,7,BID
2020-10-30 10:35:30,CVX,69.09,23,ASK
2020-10-30 10:35:30,CVX,69.04,2,BID
2020-10-30 10:35:30,CVX,69.06,13,ASK
2020-10-30 10:35:31,CVX,69.04,3,BID
2020-10-30 10:35:31,CVX,69.07,5,ASK
2020-10-30 10:35:32,CVX,69.07,18,BID
2020-10-30 10:35:30,CVX,69.09,21,ASK
2020-10-30 10:35:32,CVX,69.08,11,BID
2020-10-30 10:35:32,CVX,69.1,12,ASK
2020-10-30 10:35:32,CVX,69.08,23,BID
2020-10-30 10:35:32,CVX,69.1,11,ASK
2020-10-30 10:35:33,CVX,69.1,1,BID
2020-10-30 10:35:33,CVX,69.11,17,ASK
2020-10-30 10:35:34,CVX,69.1,20,BID
2020-10-30 10:35:34,CVX,69.13,2,ASK
2020-10-30 10:35:36,CVX,69.1,19,BID
2020-10-30 10:35:36,CVX,69.13,12,ASK
2020-10-30 10:35:38,CVX,69.14,1,BID
2020-10-30 10:35:38,CVX,69.15,14,ASK
2020-10-30 10:35:38,CVX,69.13,19,BID
2020-10-30 10:35:38,CVX,69.15,24,ASK
2020-10-30 10:35:40,CVX,69.13,8,BID
2020-10-30 10:35:38,CVX,69.15,24,ASK
2020-10-30 10:35:41,CVX,69.13,9,BID
2020-10-30 10:35:38,CVX,69.15,24,ASK
2020-10-30 10:35:42,CVX,69.14,3,BID
2020-10-30 10:35:38,CVX,69.15,19,ASK
2020-10-30 10:35:43,CVX,69.14,24,BID
2020-10-30 10:35:43,CVX,69.16,2,ASK
2020-10-30 10:35:44,CVX,69.18,23,BID
2020-10-30 10:35:44,CVX,69.2,20,ASK
2020-10-30 10:35:44,CVX,69.19,18,BID
2020-10-30 10:35:44,CVX,69.21,7,ASK
2020-10-30 10:35:44,CVX,69.19,18,BID
2020-10-30 10:35:44,CVX,69.21,7,ASK
2020-10-30 10:35:45,CVX,69.17,18,BID
2020-10-30 10:35:45,CVX,69.19,4,ASK
2020-10-30 10:35:45,CVX,69.17,18,BID
2020-10-30 10:35:45,CVX,69.19,4,ASK
2020-10-30 10:35:45,CVX,69.18,14,BID
2020-10-30 10:35:45,CVX,69.2,3,ASK
2020-10-30 10:35:46,CVX,69.17,4,BID
2020-10-30 10:35:46,CVX,69.2,18,ASK
2020-10-30 10:35:48,CVX,69.19,19,BID
2020-10-30 10:35:48,CVX,69.22,1,ASK
2020-10-30 10:35:50,CVX,69.21,9,BID
2020-10-30 10:35:50,CVX,69.23,7,ASK
2020-10-30 10:35:51,CVX,69.22,34,BID
2020-10-30 10:35:51,CVX,69.26,26,ASK
2020-10-30 10:35:52,CVX,69.2,19,BID
2020-10-30 10:35:52,CVX,69.23,1,ASK
2020-10-30 10:35:52,CVX,69.2,18,BID
2020-10-30 10:35:52,CVX,69.24,4,ASK
2020-10-30 10:35:53,CVX,69.23,1,BID
2020-10-30 10:35:53,CVX,69.26,22,ASK
2020-10-30 10:35:53,CVX,69.23,1,BID
2020-10-30 10:35:53,CVX,69.26,22,ASK
2020-10-30 10:35:55,CVX,69.22,11,BID
2020-10-30 10:35:55,CVX,69.25,15,ASK
2020-10-30 10:35:56,CVX,69.22,25,BID
2020-10-30 10:35:57,CVX,69.25,4,ASK
2020-10-30 10:35:57,CVX,69.23,1,BID
2020-10-30 10:35:57,CVX,69.25,6,ASK
2020-10-30 10:35:57,CVX,69.23,1,BID
2020-10-30 10:35:57,CVX,69.25,6,ASK
2020-10-30 10:35:57,CVX,69.23,1,BID
2020-10-30 10:35:57,CVX,69.25,6,ASK
2020-10-30 10:35:57,CVX,69.23,1,BID
2020-10-30 10:35:57,CVX,69.25,6,ASK
2020-10-30 10:35:57,CVX,69.23,1,BID
2020-10-30 10:35:57,CVX,69.25,6,ASK
2020-10-30 10:35:58,CVX,69.26,22,BID
2020-10-30 10:35:58,CVX,69.29,30,ASK
2020-10-30 10:36:01,CVX,69.24,13,BID
2020-10-30 10:36:01,CVX,69.27,6,ASK
2020-10-30 10:36:02,CVX,69.23,3,BID
2020-10-30 10:36:02,CVX,69.27,17,ASK
2020-10-30 10:36:02,CVX,69.23,6,BID
2020-10-30 10:36:02,CVX,69.25,5,ASK
2020-10-30 10:36:04,CVX,69.24,17,BID
2020-10-30 10:36:04,CVX,69.26,15,ASK
2020-10-30 10:36:05,CVX,69.22,15,BID
2020-10-30 10:36:05,CVX,69.25,1,ASK
2020-10-30 10:36:05,CVX,69.21,16,BID
2020-10-30 10:36:05,CVX,69.24,5,ASK
2020-10-30 10:36:06,CVX,69.23,10,BID
2020-10-30 10:36:06,CVX,69.26,12,ASK
2020-10-30 10:36:07,CVX,69.25,29,BID
2020-10-30 10:36:07,CVX,69.29,17,ASK
2020-10-30 10:36:09,CVX,69.26,19,BID
2020-10-30 10:36:09,CVX,69.29,5,ASK
2020-10-30 10:36:11,CVX,69.27,2,BID
2020-10-30 10:36:11,CVX,69.29,22,ASK
2020-10-30 10:36:12,CVX,69.29,37,BID
2020-10-30 10:36:12,CVX,69.31,30,ASK
2020-10-30 10:36:13,CVX,69.29,2,BID
2020-10-30 10:36:12,CVX,69.31,26,ASK
2020-10-30 10:36:14,CVX,69.28,7,BID
2020-10-30 10:36:14,CVX,69.29,3,ASK
2020-10-30 10:36:15,CVX,69.28,8,BID
2020-10-30 10:36:15,CVX,69.3,10,ASK
2020-10-30 10:36:15,CVX,69.28,11,BID
2020-10-30 10:36:12,CVX,69.31,19,ASK
2020-10-30 10:36:15,CVX,69.28,13,BID
2020-10-30 10:36:17,CVX,69.3,1,ASK
2020-10-30 10:36:17,CVX,69.29,3,BID
2020-10-30 10:36:12,CVX,69.31,22,ASK
2020-10-30 10:36:18,CVX,69.29,4,BID
2020-10-30 10:36:12,CVX,69.31,23,ASK
2020-10-30 10:36:19,CVX,69.29,5,BID
2020-10-30 10:36:19,CVX,69.31,24,ASK
2020-10-30 10:36:20,CVX,69.28,16,BID
2020-10-30 10:36:20,CVX,69.3,25,ASK
2020-10-30 10:36:20,CVX,69.28,16,BID
2020-10-30 10:36:21,CVX,69.3,7,ASK
2020-10-30 10:36:20,CVX,69.28,18,BID
2020-10-30 10:36:21,CVX,69.3,16,ASK
2020-10-30 10:36:22,CVX,69.26,7,BID
2020-10-30 10:36:22,CVX,69.28,6,ASK
2020-10-30 10:36:07,CVX,69.25,22,BID
2020-10-30 10:36:22,CVX,69.27,4,ASK
2020-10-30 10:36:23,CVX,69.25,21,BID
2020-10-30 10:36:23,CVX,69.27,19,ASK
2020-10-30 10:36:24,CVX,69.23,7,BID
2020-10-30 10:36:24,CVX,69.25,5,ASK
2020-10-30 10:36:24,CVX,69.27,1,BID
2020-10-30 10:36:24,CVX,69.28,25,ASK
2020-10-30 10:36:26,CVX,69.26,13,BID
2020-10-30 10:36:26,CVX,69.28,25,ASK
2020-10-30 10:36:27,CVX,69.25,23,BID
2020-10-30 10:36:27,CVX,69.28,26,ASK
2020-10-30 10:36:28,CVX,69.26,28,BID
2020-10-30 10:36:28,CVX,69.28,20,ASK
2020-10-30 10:36:28,CVX,69.28,3,BID
2020-10-30 10:36:28,CVX,69.3,23,ASK
2020-10-30 10:36:29,CVX,69.26,2,BID
2020-10-30 10:36:29,CVX,69.28,21,ASK
2020-10-30 10:36:30,CVX,69.24,19,BID
2020-10-30 10:36:30,CVX,69.26,12,ASK
2020-10-30 10:36:30,CVX,69.25,10,BID
2020-10-30 10:36:30,CVX,69.28,36,ASK
2020-10-30 10:36:31,CVX,69.23,13,BID
2020-10-30 10:36:31,CVX,69.25,25,ASK
2020-10-30 10:36:31,CVX,69.21,19,BID
2020-10-30 10:36:31,CVX,69.24,2,ASK
2020-10-30 10:36:32,CVX,69.21,2,BID
2020-10-30 10:36:32,CVX,69.23,8,ASK
2020-10-30 10:36:33,CVX,69.21,4,BID
2020-10-30 10:36:32,CVX,69.23,8,ASK
2020-10-30 10:36:34,CVX,69.22,2,BID
2020-10-30 10:36:34,CVX,69.24,5,ASK
2020-10-30 10:36:36,CVX,69.23,2,BID
2020-10-30 10:36:36,CVX,69.25,12,ASK
2020-10-30 10:36:37,CVX,69.25,20,BID
2020-10-30 10:36:37,CVX,69.27,22,ASK
2020-10-30 10:36:38,CVX,69.27,21,BID
2020-10-30 10:36:37,CVX,69.3,21,ASK
2020-10-30 10:36:39,CVX,69.28,1,BID
2020-10-30 10:36:20,CVX,69.3,28,ASK
2020-10-30 10:36:40,CVX,69.26,29,BID
2020-10-30 10:36:40,CVX,69.28,4,ASK
2020-10-30 10:36:41,CVX,69.26,28,BID
2020-10-30 10:36:41,CVX,69.28,2,ASK
2020-10-30 10:36:37,CVX,69.24,11,BID
2020-10-30 10:36:43,CVX,69.27,1,ASK
2020-10-30 10:36:44,CVX,69.23,2,BID
2020-10-30 10:36:44,CVX,69.26,7,ASK
2020-10-30 10:36:44,CVX,69.21,9,BID
2020-10-30 10:36:44,CVX,69.23,1,ASK
2020-10-30 10:36:45,CVX,69.21,19,BID
2020-10-30 10:36:45,CVX,69.23,14,ASK
2020-10-30 10:36:45,CVX,69.2,19,BID
2020-10-30 10:36:46,CVX,69.23,9,ASK
2020-10-30 10:36:46,CVX,69.2,17,BID
2020-10-30 10:36:46,CVX,69.23,7,ASK
2020-10-30 10:36:47,CVX,69.2,18,BID
2020-10-30 10:36:46,CVX,69.23,16,ASK
2020-10-30 10:36:47,CVX,69.18,2,BID
2020-10-30 10:36:47,CVX,69.2,3,ASK
2020-10-30 10:36:48,CVX,69.17,19,BID
2020-10-30 10:36:48,CVX,69.2,4,ASK
2020-10-30 10:36:49,CVX,69.17,15,BID
2020-10-30 10:36:49,CVX,69.2,6,ASK
2020-10-30 10:36:51,CVX,69.17,11,BID
2020-10-30 10:36:49,CVX,69.2,6,ASK
2020-10-30 10:36:51,CVX,69.18,12,BID
2020-10-30 10:36:49,CVX,69.2,6,ASK
2020-10-30 10:36:52,CVX,69.2,2,BID
2020-10-30 10:36:46,CVX,69.23,17,ASK
2020-10-30 10:36:53,CVX,69.2,16,BID
2020-10-30 10:36:46,CVX,69.23,17,ASK
2020-10-30 10:36:53,CVX,69.2,15,BID
2020-10-30 10:36:46,CVX,69.23,17,ASK
2020-10-30 10:36:53,CVX,69.2,15,BID
2020-10-30 10:36:46,CVX,69.23,17,ASK
2020-10-30 10:36:55,CVX,69.24,2,BID
2020-10-30 10:36:55,CVX,69.27,8,ASK
2020-10-30 10:36:55,CVX,69.23,25,BID
2020-10-30 10:36:55,CVX,69.27,8,ASK
2020-10-30 10:36:55,CVX,69.24,7,BID
2020-10-30 10:36:55,CVX,69.26,12,ASK
2020-10-30 10:36:56,CVX,69.22,6,BID
2020-10-30 10:36:55,CVX,69.26,18,ASK
2020-10-30 10:36:57,CVX,69.23,14,BID
2020-10-30 10:36:57,CVX,69.26,10,ASK
2020-10-30 10:36:58,CVX,69.23,15,BID
2020-10-30 10:36:58,CVX,69.25,2,ASK
2020-10-30 10:37:00,CVX,69.23,17,BID
2020-10-30 10:36:58,CVX,69.26,10,ASK
2020-10-30 10:37:01,CVX,69.25,2,BID
2020-10-30 10:37:00,CVX,69.26,8,ASK
2020-10-30 10:37:01,CVX,69.24,6,BID
2020-10-30 10:37:01,CVX,69.27,2,ASK
2020-10-30 10:37:02,CVX,69.26,2,BID
2020-10-30 10:37:02,CVX,69.28,4,ASK
2020-10-30 10:37:03,CVX,69.26,3,BID
2020-10-30 10:37:03,CVX,69.27,2,ASK
2020-10-30 10:37:04,CVX,69.26,6,BID
2020-10-30 10:37:04,CVX,69.28,24,ASK
2020-10-30 10:37:04,CVX,69.28,10,BID
2020-10-30 10:37:04,CVX,69.3,22,ASK
2020-10-30 10:37:05,CVX,69.27,11,BID
2020-10-30 10:37:05,CVX,69.3,30,ASK
2020-10-30 10:37:06,CVX,69.27,28,BID
2020-10-30 10:37:06,CVX,69.3,29,ASK
2020-10-30 10:37:06,CVX,69.27,28,BID
2020-10-30 10:37:06,CVX,69.3,29,ASK
2020-10-30 10:37:06,CVX,69.27,28,BID
2020-10-30 10:37:08,CVX,69.3,20,ASK
2020-10-30 10:37:09,CVX,69.26,15,BID
2020-10-30 10:37:09,CVX,69.28,21,ASK
2020-10-30 10:37:10,CVX,69.26,15,BID
2020-10-30 10:37:10,CVX,69.28,2,ASK
2020-10-30 10:37:11,CVX,69.24,12,BID
2020-10-30 10:37:11,CVX,69.26,7,ASK
2020-10-30 10:37:12,CVX,69.22,22,BID
2020-10-30 10:37:12,CVX,69.24,2,ASK
2020-10-30 10:37:13,CVX,69.21,20,BID
2020-10-30 10:37:13,CVX,69.22,1,ASK
2020-10-30 10:37:14,CVX,69.19,18,BID
2020-10-30 10:37:14,CVX,69.21,11,ASK
2020-10-30 10:37:14,CVX,69.17,15,BID
2020-10-30 10:37:14,CVX,69.19,3,ASK
2020-10-30 10:37:15,CVX,69.19,8,BID
2020-10-30 10:37:15,CVX,69.21,1,ASK
2020-10-30 10:37:16,CVX,69.18,29,BID
2020-10-30 10:37:16,CVX,69.2,2,ASK
2020-10-30 10:37:17,CVX,69.17,11,BID
2020-10-30 10:37:17,CVX,69.19,2,ASK
2020-10-30 10:37:18,CVX,69.15,10,BID
2020-10-30 10:37:18,CVX,69.17,10,ASK
2020-10-30 10:37:19,CVX,69.15,9,BID
2020-10-30 10:37:19,CVX,69.16,2,ASK
2020-10-30 10:37:21,CVX,69.15,29,BID
2020-10-30 10:37:21,CVX,69.17,2,ASK
2020-10-30 10:37:21,CVX,69.15,20,BID
2020-10-30 10:37:21,CVX,69.18,25,ASK
2020-10-30 10:37:22,CVX,69.16,6,BID
2020-10-30 10:37:22,CVX,69.19,2,ASK
2020-10-30 10:37:22,CVX,69.16,6,BID
2020-10-30 10:37:22,CVX,69.19,2,ASK
2020-10-30 10:37:23,CVX,69.19,23,BID
2020-10-30 10:37:23,CVX,69.21,5,ASK
2020-10-30 10:37:24,CVX,69.18,21,BID
2020-10-30 10:37:24,CVX,69.21,5,ASK
2020-10-30 10:37:25,CVX,69.16,10,BID
2020-10-30 10:37:25,CVX,69.19,2,ASK
2020-10-30 10:37:26,CVX,69.16,10,BID
2020-10-30 10:37:26,CVX,69.19,3,ASK
2020-10-30 10:37:27,CVX,69.2,13,BID
2020-10-30 10:37:27,CVX,69.23,21,ASK
2020-10-30 10:37:28,CVX,69.19,14,BID
2020-10-30 10:37:28,CVX,69.21,8,ASK
2020-10-30 10:37:30,CVX,69.19,4,BID
2020-10-30 10:37:30,CVX,69.21,5,ASK
2020-10-30 10:37:28,CVX,69.18,13,BID
2020-10-30 10:37:30,CVX,69.21,1,ASK
2020-10-30 10:37:31,CVX,69.2,1,BID
2020-10-30 10:37:31,CVX,69.23,21,ASK
2020-10-30 10:37:31,CVX,69.21,9,BID
2020-10-30 10:37:31,CVX,69.23,20,ASK
2020-10-30 10:37:32,CVX,69.19,5,BID
2020-10-30 10:37:32,CVX,69.22,24,ASK
2020-10-30 10:37:33,CVX,69.19,4,BID
2020-10-30 10:37:34,CVX,69.21,1,ASK
2020-10-30 10:37:34,CVX,69.21,13,BID
2020-10-30 10:37:34,CVX,69.24,16,ASK
2020-10-30 10:37:35,CVX,69.21,7,BID
2020-10-30 10:37:35,CVX,69.24,21,ASK
2020-10-30 10:37:35,CVX,69.22,2,BID
2020-10-30 10:37:35,CVX,69.24,18,ASK
2020-10-30 10:37:35,CVX,69.21,10,BID
2020-10-30 10:37:35,CVX,69.24,18,ASK
2020-10-30 10:37:37,CVX,69.21,11,BID
2020-10-30 10:37:37,CVX,69.23,12,ASK
2020-10-30 10:37:37,CVX,69.22,23,BID
2020-10-30 10:37:12,CVX,69.25,16,ASK
2020-10-30 10:37:38,CVX,69.23,15,BID
2020-10-30 10:37:38,CVX,69.26,21,ASK
2020-10-30 10:37:39,CVX,69.24,16,BID
2020-10-30 10:37:39,CVX,69.26,12,ASK
2020-10-30 10:37:40,CVX,69.24,15,BID
2020-10-30 10:37:40,CVX,69.27,19,ASK
2020-10-30 10:37:40,CVX,69.24,17,BID
2020-10-30 10:37:40,CVX,69.27,18,ASK
2020-10-30 10:37:41,CVX,69.24,19,BID
2020-10-30 10:37:41,CVX,69.27,18,ASK
2020-10-30 10:37:42,CVX,69.25,6,BID
2020-10-30 10:37:42,CVX,69.27,15,ASK
2020-10-30 10:37:43,CVX,69.25,8,BID
2020-10-30 10:37:43,CVX,69.26,3,ASK
2020-10-30 10:37:45,CVX,69.21,27,BID
2020-10-30 10:37:45,CVX,69.24,22,ASK
2020-10-30 10:37:35,CVX,69.2,13,BID
2020-10-30 10:37:45,CVX,69.23,6,ASK
2020-10-30 10:37:46,CVX,69.24,16,BID
2020-10-30 10:37:46,CVX,69.26,2,ASK
2020-10-30 10:37:46,CVX,69.26,1,BID
2020-10-30 10:37:46,CVX,69.28,24,ASK
2020-10-30 10:37:47,CVX,69.26,10,BID
2020-10-30 10:37:47,CVX,69.28,12,ASK
2020-10-30 10:37:48,CVX,69.26,10,BID
2020-10-30 10:37:47,CVX,69.29,23,ASK
2020-10-30 10:37:49,CVX,69.26,10,BID
2020-10-30 10:37:49,CVX,69.28,24,ASK
2020-10-30 10:37:49,CVX,69.26,15,BID
2020-10-30 10:37:50,CVX,69.28,7,ASK
2020-10-30 10:37:50,CVX,69.24,33,BID
2020-10-30 10:37:50,CVX,69.26,13,ASK
2020-10-30 10:37:52,CVX,69.25,11,BID
2020-10-30 10:37:52,CVX,69.28,20,ASK
2020-10-30 10:37:52,CVX,69.29,17,BID
2020-10-30 10:37:52,CVX,69.3,22,ASK
2020-10-30 10:37:52,CVX,69.31,8,BID
2020-10-30 10:37:53,CVX,69.33,12,ASK
2020-10-30 10:37:53,CVX,69.31,28,BID
2020-10-30 10:37:53,CVX,69.33,19,ASK
2020-10-30 10:37:53,CVX,69.3,15,BID
2020-10-30 10:37:53,CVX,69.33,19,ASK
2020-10-30 10:37:54,CVX,69.31,14,BID
2020-10-30 10:24:16,CVX,69.34,16,ASK
2020-10-30 10:37:55,CVX,69.34,32,BID
2020-10-30 10:37:55,CVX,69.37,18,ASK
2020-10-30 10:37:55,CVX,69.35,3,BID
2020-10-30 10:37:55,CVX,69.36,2,ASK
2020-10-30 10:37:56,CVX,69.32,21,BID
2020-10-30 10:37:56,CVX,69.34,5,ASK
2020-10-30 10:37:57,CVX,69.32,34,BID
2020-10-30 10:37:57,CVX,69.34,18,ASK
2020-10-30 10:37:58,CVX,69.3,19,BID
2020-10-30 10:37:58,CVX,69.32,15,ASK
2020-10-30 10:38:00,CVX,69.31,5,BID
2020-10-30 10:38:00,CVX,69.33,13,ASK
2020-10-30 10:38:00,CVX,69.31,6,BID
2020-10-30 10:38:00,CVX,69.33,13,ASK
2020-10-30 10:38:01,CVX,69.33,24,BID
2020-10-30 10:38:01,CVX,69.35,30,ASK
2020-10-30 10:38:02,CVX,69.34,4,BID
2020-10-30 10:38:02,CVX,69.37,12,ASK
2020-10-30 10:38:02,CVX,69.36,1,BID
2020-10-30 10:38:02,CVX,69.38,1,ASK
2020-10-30 10:38:02,CVX,69.34,3,BID
2020-10-30 10:38:03,CVX,69.37,35,ASK
2020-10-30 10:38:04,CVX,69.36,31,BID
2020-10-30 10:38:04,CVX,69.37,37,ASK
2020-10-30 10:38:04,CVX,69.35,14,BID
2020-10-30 10:38:04,CVX,69.37,2,ASK
2020-10-30 10:38:06,CVX,69.35,2,BID
2020-10-30 10:38:06,CVX,69.37,2,ASK
2020-10-30 10:38:06,CVX,69.34,20,BID
2020-10-30 10:38:06,CVX,69.37,30,ASK
2020-10-30 10:38:07,CVX,69.32,27,BID
2020-10-30 10:38:07,CVX,69.35,5,ASK
2020-10-30 10:38:08,CVX,69.34,27,BID
2020-10-30 10:38:08,CVX,69.37,31,ASK
2020-10-30 10:38:09,CVX,69.34,10,BID
2020-10-30 10:38:09,CVX,69.37,28,ASK
2020-10-30 10:38:11,CVX,69.33,13,BID
2020-10-30 10:38:11,CVX,69.36,8,ASK
2020-10-30 10:38:12,CVX,69.31,16,BID
2020-10-30 10:38:12,CVX,69.34,21,ASK
2020-10-30 10:38:12,CVX,69.29,19,BID
2020-10-30 10:38:12,CVX,69.32,1,ASK
2020-10-30 10:38:13,CVX,69.29,2,BID
2020-10-30 10:38:13,CVX,69.31,10,ASK
2020-10-30 10:38:14,CVX,69.3,16,BID
2020-10-30 10:38:13,CVX,69.33,12,ASK
2020-10-30 10:38:14,CVX,69.31,2,BID
2020-10-30 10:38:14,CVX,69.33,14,ASK
2020-10-30 10:38:16,CVX,69.32,15,BID
2020-10-30 10:38:16,CVX,69.35,27,ASK
2020-10-30 10:38:16,CVX,69.32,15,BID
2020-10-30 10:38:16,CVX,69.35,27,ASK
2020-10-30 10:38:17,CVX,69.29,8,BID
2020-10-30 10:38:17,CVX,69.31,1,ASK
2020-10-30 10:38:18,CVX,69.29,18,BID
2020-10-30 10:38:18,CVX,69.31,1,ASK
2020-10-30 10:38:19,CVX,69.31,14,BID
2020-10-30 10:38:18,CVX,69.33,21,ASK
2020-10-30 10:38:19,CVX,69.31,14,BID
2020-10-30 10:38:18,CVX,69.33,21,ASK
2020-10-30 10:38:21,CVX,69.33,3,BID
2020-10-30 10:38:21,CVX,69.35,35,ASK
2020-10-30 10:38:22,CVX,69.33,1,BID
2020-10-30 10:38:22,CVX,69.35,8,ASK
2020-10-30 10:38:24,CVX,69.35,7,BID
2020-10-30 10:38:24,CVX,69.39,14,ASK
2020-10-30 10:38:25,CVX,69.36,7,BID
2020-10-30 10:38:25,CVX,69.38,15,ASK
2020-10-30 10:38:27,CVX,69.33,10,BID
2020-10-30 10:38:27,CVX,69.36,12,ASK
2020-10-30 10:38:28,CVX,69.35,23,BID
2020-10-30 10:38:28,CVX,69.36,1,ASK
2020-10-30 10:38:29,CVX,69.36,1,BID
2020-10-30 10:38:27,CVX,69.38,13,ASK
2020-10-30 10:38:30,CVX,69.34,3,BID
2020-10-30 10:38:30,CVX,69.36,3,ASK
2020-10-30 10:38:32,CVX,69.34,10,BID
2020-10-30 10:38:32,CVX,69.36,6,ASK
2020-10-30 10:38:33,CVX,69.35,1,BID
2020-10-30 10:38:33,CVX,69.37,23,ASK
2020-10-30 10:38:33,CVX,69.35,2,BID
2020-10-30 10:38:33,CVX,69.36,2,ASK
2020-10-30 10:38:35,CVX,69.33,2,BID
2020-10-30 10:38:35,CVX,69.35,15,ASK
2020-10-30 10:38:36,CVX,69.32,2,BID
2020-10-30 10:38:36,CVX,69.34,22,ASK
2020-10-30 10:38:37,CVX,69.33,12,BID
2020-10-30 10:38:36,CVX,69.35,11,ASK
2020-10-30 10:38:37,CVX,69.35,2,BID
2020-10-30 10:38:33,CVX,69.37,23,ASK
2020-10-30 10:38:37,CVX,69.35,2,BID
2020-10-30 10:38:37,CVX,69.38,15,ASK
2020-10-30 10:38:38,CVX,69.35,11,BID
2020-10-30 10:38:38,CVX,69.38,6,ASK
2020-10-30 10:38:40,CVX,69.37,23,BID
2020-10-30 10:38:40,CVX,69.39,9,ASK
2020-10-30 10:38:41,CVX,69.36,3,BID
2020-10-30 10:38:41,CVX,69.39,9,ASK
2020-10-30 10:38:41,CVX,69.36,3,BID
2020-10-30 10:38:41,CVX,69.39,9,ASK
2020-10-30 10:38:43,CVX,69.36,16,BID
2020-10-30 10:38:43,CVX,69.39,27,ASK
2020-10-30 10:38:44,CVX,69.37,5,BID
2020-10-30 10:38:42,CVX,69.4,20,ASK
2020-10-30 10:38:46,CVX,69.36,16,BID
2020-10-30 10:38:46,CVX,69.37,11,ASK
2020-10-30 10:38:46,CVX,69.34,2,BID
2020-10-30 10:38:46,CVX,69.37,23,ASK
2020-10-30 10:38:48,CVX,69.35,3,BID
2020-10-30 10:38:48,CVX,69.37,23,ASK
2020-10-30 10:38:49,CVX,69.37,1,BID
2020-10-30 10:38:46,CVX,69.38,10,ASK
2020-10-30 10:38:50,CVX,69.39,8,BID
2020-10-30 10:38:50,CVX,69.41,26,ASK
2020-10-30 10:38:50,CVX,69.4,1,BID
2020-10-30 10:38:50,CVX,69.43,23,ASK
2020-10-30 10:38:51,CVX,69.44,1,BID
2020-10-30 10:38:51,CVX,69.45,3,ASK
2020-10-30 10:38:51,CVX,69.42,34,BID
2020-10-30 10:38:51,CVX,69.45,9,ASK
2020-10-30 10:38:52,CVX,69.44,11,BID
2020-10-30 10:38:52,CVX,69.45,1,ASK
2020-10-30 10:38:52,CVX,69.43,15,BID
2020-10-30 10:38:53,CVX,69.45,12,ASK
2020-10-30 10:38:53,CVX,69.43,2,BID
2020-10-30 10:38:52,CVX,69.46,18,ASK
2020-10-30 10:38:54,CVX,69.43,4,BID
2020-10-30 10:38:52,CVX,69.46,18,ASK
2020-10-30 10:38:55,CVX,69.43,16,BID
2020-10-30 10:38:55,CVX,69.45,14,ASK
2020-10-30 10:38:56,CVX,69.43,24,BID
2020-10-30 10:38:56,CVX,69.45,2,ASK
2020-10-30 10:38:57,CVX,69.42,2,BID
2020-10-30 10:38:57,CVX,69.44,4,ASK
2020-10-30 10:38:59,CVX,69.41,14,BID
2020-10-30 10:38:59,CVX,69.45,26,ASK
2020-10-30 10:39:00,CVX,69.42,7,BID
2020-10-30 10:38:58,CVX,69.46,8,ASK
2020-10-30 10:39:01,CVX,69.43,2,BID
2020-10-30 10:39:01,CVX,69.45,15,ASK
2020-10-30 10:39:02,CVX,69.45,15,BID
2020-10-30 10:39:02,CVX,69.48,11,ASK
2020-10-30 10:39:02,CVX,69.45,1,BID
2020-10-30 10:39:02,CVX,69.47,2,ASK
2020-10-30 10:39:03,CVX,69.43,18,BID
2020-10-30 10:39:03,CVX,69.45,11,ASK
2020-10-30 10:39:04,CVX,69.43,15,BID
2020-10-30 10:39:04,CVX,69.46,13,ASK
2020-10-30 10:39:04,CVX,69.43,18,BID
2020-10-30 10:39:04,CVX,69.46,19,ASK
2020-10-30 10:39:05,CVX,69.43,17,BID
2020-10-30 10:39:05,CVX,69.45,6,ASK
2020-10-30 10:39:05,CVX,69.43,14,BID
2020-10-30 10:39:06,CVX,69.47,19,ASK
2020-10-30 10:39:08,CVX,69.43,17,BID
2020-10-30 10:39:07,CVX,69.46,34,ASK
2020-10-30 10:39:10,CVX,69.4,27,BID
2020-10-30 10:39:10,CVX,69.43,4,ASK
2020-10-30 10:39:10,CVX,69.4,17,BID
2020-10-30 10:39:10,CVX,69.42,1,ASK
2020-10-30 10:39:10,CVX,69.4,17,BID
2020-10-30 10:39:10,CVX,69.42,1,ASK
2020-10-30 10:39:10,CVX,69.39,11,BID
2020-10-30 10:39:10,CVX,69.41,6,ASK
2020-10-30 10:39:11,CVX,69.39,13,BID
2020-10-30 10:39:11,CVX,69.41,10,ASK
2020-10-30 10:38:50,CVX,69.37,28,BID
2020-10-30 10:39:13,CVX,69.39,27,ASK
2020-10-30 10:39:14,CVX,69.4,24,BID
2020-10-30 10:39:14,CVX,69.43,2,ASK
2020-10-30 10:39:15,CVX,69.41,13,BID
2020-10-30 10:39:15,CVX,69.43,5,ASK
2020-10-30 10:39:17,CVX,69.43,13,BID
2020-10-30 10:39:06,CVX,69.47,24,ASK
2020-10-30 10:39:20,CVX,69.45,17,BID
2020-10-30 10:39:20,CVX,69.47,3,ASK
2020-10-30 10:39:21,CVX,69.45,11,BID
2020-10-30 10:39:22,CVX,69.48,7,ASK
2020-10-30 10:39:24,CVX,69.45,12,BID
2020-10-30 10:39:22,CVX,69.48,8,ASK
2020-10-30 10:39:26,CVX,69.46,7,BID
2020-10-30 10:39:22,CVX,69.48,8,ASK
2020-10-30 10:39:28,CVX,69.44,6,BID
2020-10-30 10:39:28,CVX,69.46,21,ASK
2020-10-30 10:39:28,CVX,69.45,4,BID
2020-10-30 10:39:28,CVX,69.47,26,ASK
2020-10-30 10:39:28,CVX,69.43,12,BID
2020-10-30 10:39:29,CVX,69.47,3,ASK
2020-10-30 10:39:30,CVX,69.44,4,BID
2020-10-30 10:39:30,CVX,69.47,4,ASK
2020-10-30 10:39:32,CVX,69.44,6,BID
2020-10-30 10:39:32,CVX,69.47,10,ASK
2020-10-30 10:39:32,CVX,69.45,2,BID
2020-10-30 10:39:32,CVX,69.48,33,ASK
2020-10-30 10:39:32,CVX,69.45,2,BID
2020-10-30 10:39:32,CVX,69.48,33,ASK
2020-10-30 10:39:33,CVX,69.45,3,BID
2020-10-30 10:39:33,CVX,69.47,15,ASK
2020-10-30 10:39:36,CVX,69.41,8,BID
2020-10-30 10:39:36,CVX,69.43,13,ASK
2020-10-30 10:39:37,CVX,69.41,2,BID
2020-10-30 10:39:36,CVX,69.43,15,ASK
2020-10-30 10:39:38,CVX,69.39,9,BID
2020-10-30 10:39:36,CVX,69.43,17,ASK
2020-10-30 10:39:39,CVX,69.4,1,BID
2020-10-30 10:39:39,CVX,69.42,16,ASK
2020-10-30 10:39:41,CVX,69.39,11,BID
2020-10-30 10:39:41,CVX,69.41,12,ASK
2020-10-30 10:39:41,CVX,69.4,1,BID
2020-10-30 10:39:41,CVX,69.42,23,ASK
2020-10-30 10:39:42,CVX,69.41,8,BID
2020-10-30 10:39:42,CVX,69.44,22,ASK
2020-10-30 10:39:46,CVX,69.41,9,BID
2020-10-30 10:39:46,CVX,69.43,20,ASK
2020-10-30 10:39:46,CVX,69.42,9,BID
2020-10-30 10:39:46,CVX,69.44,30,ASK
2020-10-30 10:39:46,CVX,69.42,7,BID
2020-10-30 10:39:46,CVX,69.44,25,ASK
2020-10-30 10:39:47,CVX,69.42,1,BID
2020-10-30 10:39:47,CVX,69.44,27,ASK
2020-10-30 10:39:46,CVX,69.41,12,BID
2020-10-30 10:39:47,CVX,69.44,27,ASK
2020-10-30 10:39:46,CVX,69.41,15,BID
2020-10-30 10:39:48,CVX,69.43,2,ASK
2020-10-30 10:39:49,CVX,69.41,8,BID
2020-10-30 10:39:49,CVX,69.44,19,ASK
2020-10-30 10:39:52,CVX,69.44,1,BID
2020-10-30 10:39:35,CVX,69.46,16,ASK
2020-10-30 10:39:53,CVX,69.45,15,BID
2020-10-30 10:39:02,CVX,69.49,24,ASK
2020-10-30 10:39:55,CVX,69.47,15,BID
2020-10-30 10:39:55,CVX,69.49,20,ASK
2020-10-30 10:39:55,CVX,69.47,15,BID
2020-10-30 10:39:56,CVX,69.48,1,ASK
2020-10-30 10:39:55,CVX,69.47,16,BID
2020-10-30 10:39:57,CVX,69.49,23,ASK
2020-10-30 10:39:55,CVX,69.47,15,BID
2020-10-30 10:39:59,CVX,69.48,14,ASK
2020-10-30 10:40:00,CVX,69.42,18,BID
2020-10-30 10:40:00,CVX,69.46,3,ASK
2020-10-30 10:40:00,CVX,69.42,18,BID
2020-10-30 10:40:00,CVX,69.45,14,ASK
2020-10-30 10:40:00,CVX,69.42,18,BID
2020-10-30 10:40:00,CVX,69.45,14,ASK
2020-10-30 10:40:00,CVX,69.42,18,BID
2020-10-30 10:40:00,CVX,69.45,14,ASK
2020-10-30 10:40:00,CVX,69.42,18,BID
2020-10-30 10:40:00,CVX,69.45,14,ASK
2020-10-30 10:40:00,CVX,69.43,1,BID
2020-10-30 10:40:00,CVX,69.45,8,ASK
2020-10-30 10:40:00,CVX,69.43,1,BID
2020-10-30 10:40:00,CVX,69.45,7,ASK
2020-10-30 10:40:00,CVX,69.43,1,BID
2020-10-30 10:40:00,CVX,69.45,7,ASK
2020-10-30 10:40:01,CVX,69.42,20,BID
2020-10-30 10:40:01,CVX,69.43,2,ASK
2020-10-30 10:40:01,CVX,69.42,2,BID
2020-10-30 10:40:01,CVX,69.43,2,ASK
2020-10-30 10:39:51,CVX,69.41,23,BID
2020-10-30 10:40:02,CVX,69.43,2,ASK
2020-10-30 10:40:03,CVX,69.39,1,BID
2020-10-30 10:40:03,CVX,69.4,2,ASK
2020-10-30 10:40:03,CVX,69.35,20,BID
2020-10-30 10:40:03,CVX,69.38,10,ASK
2020-10-30 10:40:05,CVX,69.38,2,BID
2020-10-30 10:40:03,CVX,69.4,21,ASK
2020-10-30 10:40:07,CVX,69.35,16,BID
2020-10-30 10:40:07,CVX,69.38,3,ASK
2020-10-30 10:40:07,CVX,69.35,16,BID
2020-10-30 10:40:07,CVX,69.38,16,ASK
2020-10-30 10:40:09,CVX,69.36,14,BID
2020-10-30 10:40:09,CVX,69.38,14,ASK
2020-10-30 10:40:09,CVX,69.37,3,BID
2020-10-30 10:40:09,CVX,69.39,30,ASK
2020-10-30 10:40:10,CVX,69.37,4,BID
2020-10-30 10:40:10,CVX,69.4,8,ASK
2020-10-30 10:40:11,CVX,69.37,4,BID
2020-10-30 10:40:11,CVX,69.39,1,ASK
2020-10-30 10:40:12,CVX,69.37,5,BID
2020-10-30 10:40:12,CVX,69.39,3,ASK
2020-10-30 10:40:13,CVX,69.34,7,BID
2020-10-30 10:40:13,CVX,69.37,27,ASK
2020-10-30 10:40:13,CVX,69.34,23,BID
2020-10-30 10:40:13,CVX,69.36,17,ASK
2020-10-30 10:40:14,CVX,69.32,16,BID
2020-10-30 10:40:13,CVX,69.36,14,ASK
2020-10-30 10:40:14,CVX,69.32,1,BID
2020-10-30 10:40:14,CVX,69.34,21,ASK
2020-10-30 10:40:17,CVX,69.34,11,BID
2020-10-30 10:40:17,CVX,69.36,13,ASK
2020-10-30 10:40:17,CVX,69.34,11,BID
2020-10-30 10:40:17,CVX,69.36,13,ASK
2020-10-30 10:40:17,CVX,69.34,11,BID
2020-10-30 10:40:17,CVX,69.36,13,ASK
2020-10-30 10:40:18,CVX,69.35,1,BID
2020-10-30 10:40:18,CVX,69.37,28,ASK
2020-10-30 10:40:17,CVX,69.34,11,BID
2020-10-30 10:40:18,CVX,69.37,28,ASK
2020-10-30 10:40:17,CVX,69.34,11,BID
2020-10-30 10:40:18,CVX,69.37,28,ASK
2020-10-30 10:40:18,CVX,69.35,1,BID
2020-10-30 10:40:18,CVX,69.37,28,ASK
2020-10-30 10:40:19,CVX,69.35,3,BID
2020-10-30 10:40:18,CVX,69.37,29,ASK
2020-10-30 10:40:19,CVX,69.33,11,BID
2020-10-30 10:40:19,CVX,69.34,12,ASK
2020-10-30 10:40:19,CVX,69.31,31,BID
2020-10-30 10:40:19,CVX,69.33,9,ASK
2020-10-30 10:40:28,CVX,69.34,1,BID
2020-10-30 10:40:28,CVX,69.35,36,ASK
2020-10-30 10:40:30,CVX,69.34,12,BID
2020-10-30 10:40:30,CVX,69.36,3,ASK
2020-10-30 10:40:31,CVX,69.33,24,BID
2020-10-30 10:40:31,CVX,69.35,9,ASK
2020-10-30 10:40:31,CVX,69.33,24,BID
2020-10-30 10:40:32,CVX,69.35,6,ASK
2020-10-30 10:40:32,CVX,69.34,1,BID
2020-10-30 10:40:32,CVX,69.36,20,ASK
2020-10-30 10:40:32,CVX,69.34,14,BID
2020-10-30 10:40:32,CVX,69.36,20,ASK
2020-10-30 10:40:32,CVX,69.32,16,BID
2020-10-30 10:40:34,CVX,69.35,20,ASK
2020-10-30 10:40:35,CVX,69.32,6,BID
2020-10-30 10:40:35,CVX,69.34,16,ASK
2020-10-30 10:40:36,CVX,69.37,1,BID
2020-10-30 10:40:36,CVX,69.39,30,ASK
2020-10-30 10:40:37,CVX,69.39,1,BID
2020-10-30 10:40:37,CVX,69.42,8,ASK
2020-10-30 10:40:37,CVX,69.37,7,BID
2020-10-30 10:40:38,CVX,69.39,2,ASK
2020-10-30 10:40:39,CVX,69.37,15,BID
2020-10-30 10:40:39,CVX,69.39,2,ASK
2020-10-30 10:40:40,CVX,69.39,15,BID
2020-10-30 10:40:40,CVX,69.41,17,ASK
2020-10-30 10:40:42,CVX,69.38,25,BID
2020-10-30 10:40:41,CVX,69.41,25,ASK
2020-10-30 10:40:43,CVX,69.38,24,BID
2020-10-30 10:40:43,CVX,69.41,22,ASK
2020-10-30 10:40:45,CVX,69.4,15,BID
2020-10-30 10:40:45,CVX,69.42,11,ASK
2020-10-30 10:40:46,CVX,69.41,14,BID
2020-10-30 10:40:46,CVX,69.43,21,ASK
2020-10-30 10:40:46,CVX,69.41,14,BID
2020-10-30 10:40:46,CVX,69.43,24,ASK
2020-10-30 10:40:48,CVX,69.41,17,BID
2020-10-30 10:40:46,CVX,69.43,24,ASK
2020-10-30 10:40:48,CVX,69.42,26,BID
2020-10-30 10:40:50,CVX,69.45,6,ASK
2020-10-30 10:40:48,CVX,69.4,26,BID
2020-10-30 10:40:51,CVX,69.42,19,ASK
2020-10-30 10:40:52,CVX,69.4,28,BID
2020-10-30 10:40:52,CVX,69.43,16,ASK
2020-10-30 10:40:53,CVX,69.42,25,BID
2020-10-30 10:40:53,CVX,69.44,30,ASK
2020-10-30 10:40:54,CVX,69.42,18,BID
2020-10-30 10:40:54,CVX,69.44,1,ASK
2020-10-30 10:40:55,CVX,69.44,11,BID
2020-10-30 10:40:55,CVX,69.46,6,ASK
2020-10-30 10:40:55,CVX,69.44,13,BID
2020-10-30 10:40:55,CVX,69.46,29,ASK
2020-10-30 10:40:56,CVX,69.46,2,BID
2020-10-30 10:40:56,CVX,69.48,28,ASK
2020-10-30 10:40:57,CVX,69.46,13,BID
2020-10-30 10:40:57,CVX,69.49,17,ASK
2020-10-30 10:40:58,CVX,69.47,10,BID
2020-10-30 10:40:58,CVX,69.49,24,ASK
2020-10-30 10:40:59,CVX,69.47,10,BID
2020-10-30 10:40:59,CVX,69.49,18,ASK
2020-10-30 10:41:00,CVX,69.45,15,BID
2020-10-30 10:41:00,CVX,69.48,17,ASK
2020-10-30 10:41:02,CVX,69.45,14,BID
2020-10-30 10:41:01,CVX,69.48,22,ASK
2020-10-30 10:41:02,CVX,69.45,14,BID
2020-10-30 10:41:02,CVX,69.49,15,ASK
2020-10-30 10:41:03,CVX,69.45,23,BID
2020-10-30 10:41:04,CVX,69.47,4,ASK
2020-10-30 10:41:03,CVX,69.45,24,BID
2020-10-30 10:41:04,CVX,69.48,21,ASK
2020-10-30 10:41:05,CVX,69.49,11,BID
2020-10-30 10:41:05,CVX,69.51,7,ASK
2020-10-30 10:41:06,CVX,69.47,14,BID
2020-10-30 10:41:06,CVX,69.49,2,ASK
2020-10-30 10:41:07,CVX,69.46,16,BID
2020-10-30 10:41:07,CVX,69.49,4,ASK
2020-10-30 10:41:08,CVX,69.49,2,BID
2020-10-30 10:41:08,CVX,69.5,12,ASK
2020-10-30 10:41:09,CVX,69.47,10,BID
2020-10-30 10:41:09,CVX,69.48,2,ASK
2020-10-30 10:41:11,CVX,69.47,18,BID
2020-10-30 10:41:11,CVX,69.49,2,ASK
2020-10-30 10:41:11,CVX,69.49,23,BID
2020-10-30 10:41:11,CVX,69.5,1,ASK
2020-10-30 10:41:13,CVX,69.48,20,BID
2020-10-30 10:41:12,CVX,69.5,28,ASK
2020-10-30 10:41:14,CVX,69.48,15,BID
2020-10-30 10:41:14,CVX,69.49,11,ASK
2020-10-30 10:40:54,CVX,69.42,22,BID
2020-10-30 10:41:16,CVX,69.45,5,ASK
2020-10-30 10:41:16,CVX,69.45,4,BID
2020-10-30 10:41:16,CVX,69.47,18,ASK
2020-10-30 10:41:17,CVX,69.43,2,BID
2020-10-30 10:41:17,CVX,69.46,25,ASK
2020-10-30 10:41:18,CVX,69.42,2,BID
2020-10-30 10:41:18,CVX,69.45,12,ASK
2020-10-30 10:41:19,CVX,69.37,25,BID
2020-10-30 10:41:19,CVX,69.39,1,ASK
2020-10-30 10:41:20,CVX,69.37,5,BID
2020-10-30 10:41:20,CVX,69.39,14,ASK
2020-10-30 10:41:20,CVX,69.37,4,BID
2020-10-30 10:41:20,CVX,69.39,12,ASK
2020-10-30 10:41:21,CVX,69.34,20,BID
2020-10-30 10:41:22,CVX,69.36,9,ASK
2020-10-30 10:41:22,CVX,69.32,13,BID
2020-10-30 10:41:22,CVX,69.34,2,ASK
2020-10-30 10:41:22,CVX,69.32,25,BID
2020-10-30 10:41:22,CVX,69.35,14,ASK
2020-10-30 10:41:23,CVX,69.32,25,BID
2020-10-30 10:41:22,CVX,69.35,25,ASK
2020-10-30 10:41:23,CVX,69.32,25,BID
2020-10-30 10:41:22,CVX,69.35,25,ASK
2020-10-30 10:41:24,CVX,69.32,23,BID
2020-10-30 10:41:24,CVX,69.35,26,ASK
2020-10-30 10:41:24,CVX,69.32,29,BID
2020-10-30 10:41:25,CVX,69.35,22,ASK
2020-10-30 10:41:26,CVX,69.36,5,BID
2020-10-30 10:41:25,CVX,69.38,23,ASK
2020-10-30 10:41:26,CVX,69.36,5,BID
2020-10-30 10:41:26,CVX,69.39,15,ASK
2020-10-30 10:41:27,CVX,69.36,21,BID
2020-10-30 10:41:27,CVX,69.38,2,ASK
2020-10-30 10:41:24,CVX,69.32,28,BID
2020-10-30 10:41:28,CVX,69.35,8,ASK
2020-10-30 10:41:28,CVX,69.32,27,BID
2020-10-30 10:41:28,CVX,69.34,3,ASK
2020-10-30 10:41:29,CVX,69.33,22,BID
2020-10-30 10:41:29,CVX,69.35,17,ASK
2020-10-30 10:41:31,CVX,69.33,1,BID
2020-10-30 10:41:31,CVX,69.35,17,ASK
2020-10-30 10:41:32,CVX,69.32,20,BID
2020-10-30 10:41:32,CVX,69.35,6,ASK
2020-10-30 10:41:34,CVX,69.32,10,BID
2020-10-30 10:41:34,CVX,69.35,10,ASK
2020-10-30 10:41:33,CVX,69.3,26,BID
2020-10-30 10:41:35,CVX,69.32,1,ASK
2020-10-30 10:41:36,CVX,69.3,27,BID
2020-10-30 10:41:36,CVX,69.33,15,ASK
2020-10-30 10:41:37,CVX,69.3,32,BID
2020-10-30 10:41:36,CVX,69.32,6,ASK
2020-10-30 10:41:38,CVX,69.31,17,BID
2020-10-30 10:41:36,CVX,69.33,6,ASK
2020-10-30 10:37:52,CVX,69.28,17,BID
2020-10-30 10:41:40,CVX,69.3,1,ASK
2020-10-30 10:41:41,CVX,69.24,23,BID
2020-10-30 10:41:41,CVX,69.28,4,ASK
2020-10-30 10:41:41,CVX,69.24,22,BID
2020-10-30 10:41:41,CVX,69.27,5,ASK
2020-10-30 10:41:42,CVX,69.26,5,BID
2020-10-30 10:41:42,CVX,69.29,14,ASK
2020-10-30 10:41:43,CVX,69.27,15,BID
2020-10-30 10:41:42,CVX,69.29,6,ASK
2020-10-30 10:41:44,CVX,69.29,16,BID
2020-10-30 10:41:44,CVX,69.32,20,ASK
2020-10-30 10:41:45,CVX,69.3,12,BID
2020-10-30 10:41:45,CVX,69.32,26,ASK
2020-10-30 10:41:45,CVX,69.32,3,BID
2020-10-30 10:41:45,CVX,69.33,1,ASK
2020-10-30 10:41:46,CVX,69.31,10,BID
2020-10-30 10:41:46,CVX,69.33,2,ASK
2020-10-30 10:41:46,CVX,69.3,10,BID
2020-10-30 10:41:46,CVX,69.32,3,ASK
2020-10-30 10:41:46,CVX,69.3,10,BID
2020-10-30 10:41:47,CVX,69.32,3,ASK
2020-10-30 10:41:49,CVX,69.32,2,BID
2020-10-30 10:41:48,CVX,69.34,23,ASK
2020-10-30 10:41:50,CVX,69.36,27,BID
2020-10-30 10:41:50,CVX,69.37,2,ASK
2020-10-30 10:41:50,CVX,69.32,9,BID
2020-10-30 10:41:50,CVX,69.35,26,ASK
2020-10-30 10:41:48,CVX,69.31,20,BID
2020-10-30 10:41:50,CVX,69.34,9,ASK
2020-10-30 10:41:50,CVX,69.31,26,BID
2020-10-30 10:41:50,CVX,69.32,3,ASK
2020-10-30 10:41:51,CVX,69.32,2,BID
2020-10-30 10:41:51,CVX,69.34,10,ASK
2020-10-30 10:41:52,CVX,69.32,5,BID
2020-10-30 10:41:52,CVX,69.34,15,ASK
2020-10-30 10:41:54,CVX,69.32,33,BID
2020-10-30 10:41:54,CVX,69.35,13,ASK
2020-10-30 10:41:54,CVX,69.36,11,BID
2020-10-30 10:41:54,CVX,69.38,22,ASK
2020-10-30 10:41:56,CVX,69.37,2,BID
2020-10-30 10:41:56,CVX,69.38,1,ASK
2020-10-30 10:41:56,CVX,69.37,22,BID
2020-10-30 10:41:57,CVX,69.39,2,ASK
2020-10-30 10:41:58,CVX,69.41,1,BID
2020-10-30 10:41:57,CVX,69.43,13,ASK
2020-10-30 10:41:58,CVX,69.42,23,BID
2020-10-30 10:41:58,CVX,69.45,18,ASK
2020-10-30 10:41:59,CVX,69.38,19,BID
2020-10-30 10:41:59,CVX,69.4,31,ASK
2020-10-30 10:42:00,CVX,69.35,13,BID
2020-10-30 10:42:00,CVX,69.38,14,ASK
2020-10-30 10:42:00,CVX,69.36,17,BID
2020-10-30 10:42:00,CVX,69.39,26,ASK
2020-10-30 10:42:01,CVX,69.38,1,BID
2020-10-30 10:42:01,CVX,69.4,21,ASK
2020-10-30 10:42:02,CVX,69.36,33,BID
2020-10-30 10:42:02,CVX,69.38,3,ASK
2020-10-30 10:42:02,CVX,69.36,29,BID
2020-10-30 10:42:03,CVX,69.38,12,ASK
2020-10-30 10:42:03,CVX,69.33,19,BID
2020-10-30 10:42:03,CVX,69.36,24,ASK
2020-10-30 10:41:54,CVX,69.32,33,BID
2020-10-30 10:42:04,CVX,69.34,14,ASK
2020-10-30 10:42:04,CVX,69.32,25,BID
2020-10-30 10:42:04,CVX,69.33,1,ASK
2020-10-30 10:42:05,CVX,69.33,1,BID
2020-10-30 10:42:05,CVX,69.35,13,ASK
2020-10-30 10:42:05,CVX,69.34,17,BID
2020-10-30 10:42:05,CVX,69.36,1,ASK
2020-10-30 10:42:06,CVX,69.34,23,BID
2020-10-30 10:42:06,CVX,69.36,14,ASK
2020-10-30 10:42:07,CVX,69.34,24,BID
2020-10-30 10:42:07,CVX,69.36,12,ASK
2020-10-30 10:42:08,CVX,69.34,29,BID
2020-10-30 10:42:07,CVX,69.36,5,ASK
2020-10-30 10:42:09,CVX,69.37,21,BID
2020-10-30 10:42:02,CVX,69.39,5,ASK
2020-10-30 10:42:11,CVX,69.38,3,BID
2020-10-30 10:42:11,CVX,69.4,12,ASK
2020-10-30 10:42:11,CVX,69.38,14,BID
2020-10-30 10:42:10,CVX,69.41,16,ASK
2020-10-30 10:42:12,CVX,69.38,14,BID
2020-10-30 10:42:12,CVX,69.41,22,ASK
2020-10-30 10:42:12,CVX,69.38,14,BID
2020-10-30 10:42:13,CVX,69.4,1,ASK
2020-10-30 10:42:13,CVX,69.38,20,BID
2020-10-30 10:42:14,CVX,69.4,14,ASK
2020-10-30 10:42:15,CVX,69.36,5,BID
2020-10-30 10:42:15,CVX,69.38,13,ASK
2020-10-30 10:42:15,CVX,69.36,6,BID
2020-10-30 10:42:15,CVX,69.38,15,ASK
2020-10-30 10:42:17,CVX,69.36,22,BID
2020-10-30 10:42:18,CVX,69.39,15,ASK
2020-10-30 10:42:18,CVX,69.36,22,BID
2020-10-30 10:42:18,CVX,69.38,3,ASK
2020-10-30 10:42:18,CVX,69.36,22,BID
2020-10-30 10:42:18,CVX,69.37,2,ASK
2020-10-30 10:42:20,CVX,69.38,12,BID
2020-10-30 10:42:20,CVX,69.4,5,ASK
2020-10-30 10:42:19,CVX,69.37,14,BID
2020-10-30 10:42:20,CVX,69.39,3,ASK
2020-10-30 10:42:22,CVX,69.38,20,BID
2020-10-30 10:42:22,CVX,69.41,24,ASK
2020-10-30 10:42:24,CVX,69.4,16,BID
2020-10-30 10:42:23,CVX,69.41,25,ASK
2020-10-30 10:42:25,CVX,69.42,2,BID
2020-10-30 10:42:25,CVX,69.43,29,ASK
2020-10-30 10:42:26,CVX,69.43,1,BID
2020-10-30 10:42:26,CVX,69.45,12,ASK
2020-10-30 10:42:27,CVX,69.42,16,BID
2020-10-30 10:42:26,CVX,69.45,9,ASK
2020-10-30 10:42:28,CVX,69.42,18,BID
2020-10-30 10:42:28,CVX,69.44,4,ASK
2020-10-30 10:42:30,CVX,69.42,19,BID
2020-10-30 10:42:29,CVX,69.44,3,ASK
2020-10-30 10:42:30,CVX,69.42,21,BID
2020-10-30 10:42:30,CVX,69.44,6,ASK
2020-10-30 10:42:32,CVX,69.41,16,BID
2020-10-30 10:42:32,CVX,69.44,7,ASK
2020-10-30 10:42:34,CVX,69.41,21,BID
2020-10-30 10:42:32,CVX,69.44,9,ASK
2020-10-30 10:42:35,CVX,69.4,17,BID
2020-10-30 10:42:35,CVX,69.41,5,ASK
2020-10-30 10:42:36,CVX,69.37,26,BID
2020-10-30 10:42:36,CVX,69.4,11,ASK
2020-10-30 10:42:37,CVX,69.37,3,BID
2020-10-30 10:42:37,CVX,69.38,4,ASK
2020-10-30 10:42:38,CVX,69.34,27,BID
2020-10-30 10:42:38,CVX,69.37,8,ASK
2020-10-30 10:42:05,CVX,69.33,16,BID
2020-10-30 10:42:38,CVX,69.36,6,ASK
2020-10-30 10:42:39,CVX,69.33,18,BID
2020-10-30 10:42:39,CVX,69.35,11,ASK
2020-10-30 10:42:41,CVX,69.31,23,BID
2020-10-30 10:42:40,CVX,69.33,6,ASK
2020-10-30 10:42:42,CVX,69.3,14,BID
2020-10-30 10:42:42,CVX,69.31,3,ASK
2020-10-30 10:42:44,CVX,69.32,11,BID
2020-10-30 10:42:44,CVX,69.34,13,ASK
2020-10-30 10:42:44,CVX,69.28,23,BID
2020-10-30 10:42:44,CVX,69.3,14,ASK
2020-10-30 10:42:44,CVX,69.27,16,BID
2020-10-30 10:42:45,CVX,69.29,23,ASK
2020-10-30 10:42:46,CVX,69.26,29,BID
2020-10-30 10:42:46,CVX,69.28,16,ASK
2020-10-30 10:42:46,CVX,69.25,11,BID
2020-10-30 10:42:48,CVX,69.27,15,ASK
2020-10-30 10:41:41,CVX,69.24,20,BID
2020-10-30 10:42:50,CVX,69.26,20,ASK
2020-10-30 10:42:51,CVX,69.23,12,BID
2020-10-30 10:42:50,CVX,69.25,2,ASK
2020-10-30 10:42:51,CVX,69.22,15,BID
2020-10-30 10:42:51,CVX,69.25,4,ASK
2020-10-30 10:42:52,CVX,69.29,3,BID
2020-10-30 10:42:52,CVX,69.31,13,ASK
2020-10-30 10:42:52,CVX,69.28,21,BID
2020-10-30 10:42:53,CVX,69.31,20,ASK
2020-10-30 10:42:54,CVX,69.31,4,BID
2020-10-30 10:42:54,CVX,69.33,21,ASK
2020-10-30 10:42:55,CVX,69.29,7,BID
2020-10-30 10:42:55,CVX,69.31,20,ASK
2020-10-30 10:42:52,CVX,69.28,18,BID
2020-10-30 10:42:55,CVX,69.31,11,ASK
2020-10-30 10:42:56,CVX,69.28,18,BID
2020-10-30 10:42:56,CVX,69.3,6,ASK
2020-10-30 10:42:56,CVX,69.28,24,BID
2020-10-30 10:42:57,CVX,69.3,5,ASK
2020-10-30 10:42:56,CVX,69.28,24,BID
2020-10-30 10:42:57,CVX,69.3,5,ASK
2020-10-30 10:42:59,CVX,69.29,5,BID
2020-10-30 10:42:59,CVX,69.3,2,ASK
2020-10-30 10:43:00,CVX,69.29,28,BID
2020-10-30 10:43:00,CVX,69.31,34,ASK
2020-10-30 10:43:00,CVX,69.31,2,BID
2020-10-30 10:43:00,CVX,69.32,6,ASK
2020-10-30 10:43:00,CVX,69.32,16,BID
2020-10-30 10:43:00,CVX,69.34,25,ASK
2020-10-30 10:43:00,CVX,69.31,22,BID
2020-10-30 10:43:00,CVX,69.34,25,ASK
2020-10-30 10:43:00,CVX,69.31,22,BID
2020-10-30 10:43:00,CVX,69.34,25,ASK
2020-10-30 10:43:01,CVX,69.33,11,BID
2020-10-30 10:43:01,CVX,69.35,23,ASK
2020-10-30 10:43:02,CVX,69.33,13,BID
2020-10-30 10:43:01,CVX,69.35,18,ASK
2020-10-30 10:43:02,CVX,69.33,12,BID
2020-10-30 10:43:01,CVX,69.35,18,ASK
2020-10-30 10:43:03,CVX,69.36,5,BID
2020-10-30 10:43:03,CVX,69.38,1,ASK
2020-10-30 10:43:03,CVX,69.35,15,BID
2020-10-30 10:43:03,CVX,69.38,12,ASK
2020-10-30 10:43:03,CVX,69.38,14,BID
2020-10-30 10:43:03,CVX,69.4,20,ASK
2020-10-30 10:43:04,CVX,69.38,13,BID
2020-10-30 10:43:03,CVX,69.4,11,ASK
2020-10-30 10:43:04,CVX,69.38,13,BID
2020-10-30 10:43:03,CVX,69.4,11,ASK
2020-10-30 10:43:04,CVX,69.35,21,BID
2020-10-30 10:43:05,CVX,69.37,24,ASK
2020-10-30 10:43:05,CVX,69.35,5,BID
2020-10-30 10:43:05,CVX,69.38,25,ASK
2020-10-30 10:43:06,CVX,69.35,11,BID
2020-10-30 10:43:05,CVX,69.38,13,ASK
2020-10-30 10:43:06,CVX,69.34,19,BID
2020-10-30 10:43:06,CVX,69.36,2,ASK
2020-10-30 10:43:06,CVX,69.34,18,BID
2020-10-30 10:43:07,CVX,69.37,5,ASK
2020-10-30 10:43:07,CVX,69.35,19,BID
2020-10-30 10:43:07,CVX,69.38,13,ASK
2020-10-30 10:43:06,CVX,69.34,20,BID
2020-10-30 10:43:08,CVX,69.37,10,ASK
2020-10-30 10:43:06,CVX,69.34,19,BID
2020-10-30 10:43:09,CVX,69.36,10,ASK
2020-10-30 10:43:06,CVX,69.34,19,BID
2020-10-30 10:43:09,CVX,69.36,10,ASK
2020-10-30 10:43:06,CVX,69.34,20,BID
2020-10-30 10:43:10,CVX,69.37,15,ASK
2020-10-30 10:43:11,CVX,69.34,15,BID
2020-10-30 10:43:10,CVX,69.37,18,ASK
2020-10-30 10:43:12,CVX,69.35,25,BID
2020-10-30 10:43:12,CVX,69.37,20,ASK
2020-10-30 10:43:13,CVX,69.36,22,BID
2020-10-30 10:43:13,CVX,69.38,3,ASK
2020-10-30 10:43:14,CVX,69.38,3,BID
2020-10-30 10:43:14,CVX,69.41,24,ASK
2020-10-30 10:43:15,CVX,69.38,10,BID
2020-10-30 10:43:15,CVX,69.41,25,ASK
2020-10-30 10:43:15,CVX,69.4,14,BID
2020-10-30 10:42:35,CVX,69.42,4,ASK
2020-10-30 10:43:16,CVX,69.4,5,BID
2020-10-30 10:43:16,CVX,69.41,1,ASK
2020-10-30 10:43:16,CVX,69.4,6,BID
2020-10-30 10:43:17,CVX,69.41,2,ASK
2020-10-30 10:43:18,CVX,69.36,17,BID
2020-10-30 10:43:18,CVX,69.39,14,ASK
2020-10-30 10:43:18,CVX,69.36,14,BID
2020-10-30 10:43:18,CVX,69.38,11,ASK
2020-10-30 10:43:19,CVX,69.34,15,BID
2020-10-30 10:43:19,CVX,69.36,5,ASK
2020-10-30 10:43:20,CVX,69.33,20,BID
2020-10-30 10:43:20,CVX,69.35,2,ASK
2020-10-30 10:43:21,CVX,69.33,20,BID
2020-10-30 10:43:21,CVX,69.35,20,ASK
2020-10-30 10:43:21,CVX,69.31,23,BID
2020-10-30 10:43:21,CVX,69.33,14,ASK
2020-10-30 10:43:00,CVX,69.29,18,BID
2020-10-30 10:43:22,CVX,69.31,3,ASK
2020-10-30 10:43:22,CVX,69.27,23,BID
2020-10-30 10:43:22,CVX,69.3,23,ASK
2020-10-30 10:43:22,CVX,69.28,12,BID
2020-10-30 10:43:22,CVX,69.3,19,ASK
2020-10-30 10:43:23,CVX,69.27,30,BID
2020-10-30 10:43:23,CVX,69.28,2,ASK
2020-10-30 10:43:23,CVX,69.26,2,BID
2020-10-30 10:43:23,CVX,69.27,3,ASK
2020-10-30 10:43:24,CVX,69.25,13,BID
2020-10-30 10:43:24,CVX,69.27,25,ASK
2020-10-30 10:43:24,CVX,69.25,14,BID
2020-10-30 10:43:24,CVX,69.27,25,ASK
2020-10-30 10:43:24,CVX,69.24,19,BID
2020-10-30 10:43:24,CVX,69.27,5,ASK
2020-10-30 10:43:25,CVX,69.24,8,BID
2020-10-30 10:43:25,CVX,69.27,24,ASK
2020-10-30 10:43:26,CVX,69.24,1,BID
2020-10-30 10:43:26,CVX,69.26,15,ASK
2020-10-30 10:43:27,CVX,69.23,15,BID
2020-10-30 10:43:27,CVX,69.25,2,ASK
2020-10-30 10:43:28,CVX,69.22,10,BID
2020-10-30 10:43:28,CVX,69.24,2,ASK
2020-10-30 10:43:30,CVX,69.22,11,BID
2020-10-30 10:43:28,CVX,69.25,26,ASK
2020-10-30 10:43:31,CVX,69.23,31,BID
2020-10-30 10:43:31,CVX,69.25,31,ASK
2020-10-30 10:43:32,CVX,69.23,33,BID
2020-10-30 10:43:32,CVX,69.25,31,ASK
2020-10-30 10:43:32,CVX,69.24,1,BID
2020-10-30 10:43:32,CVX,69.25,31,ASK
2020-10-30 10:43:33,CVX,69.2,14,BID
2020-10-30 10:43:33,CVX,69.23,32,ASK
2020-10-30 10:43:35,CVX,69.22,1,BID
2020-10-30 10:43:34,CVX,69.24,15,ASK
2020-10-30 10:43:35,CVX,69.22,1,BID
2020-10-30 10:43:35,CVX,69.23,1,ASK
2020-10-30 10:43:33,CVX,69.2,10,BID
2020-10-30 10:43:37,CVX,69.22,5,ASK
2020-10-30 10:43:38,CVX,69.18,17,BID
2020-10-30 10:43:38,CVX,69.2,1,ASK
2020-10-30 10:43:39,CVX,69.18,14,BID
2020-10-30 10:43:38,CVX,69.21,20,ASK
2020-10-30 10:43:40,CVX,69.16,10,BID
2020-10-30 10:43:40,CVX,69.18,7,ASK
2020-10-30 10:43:40,CVX,69.17,3,BID
2020-10-30 10:43:40,CVX,69.19,1,ASK
2020-10-30 10:43:41,CVX,69.17,11,BID
2020-10-30 10:43:41,CVX,69.18,2,ASK
2020-10-30 10:43:43,CVX,69.18,9,BID
2020-10-30 10:43:43,CVX,69.2,14,ASK
2020-10-30 10:43:44,CVX,69.18,9,BID
2020-10-30 10:43:44,CVX,69.2,27,ASK
2020-10-30 10:43:45,CVX,69.13,9,BID
2020-10-30 10:43:45,CVX,69.16,15,ASK
2020-10-30 10:43:46,CVX,69.15,3,BID
2020-10-30 10:43:46,CVX,69.16,4,ASK
2020-10-30 10:43:46,CVX,69.14,11,BID
2020-10-30 10:43:46,CVX,69.16,6,ASK
2020-10-30 10:43:47,CVX,69.14,9,BID
2020-10-30 10:43:47,CVX,69.16,5,ASK
2020-10-30 10:43:47,CVX,69.13,8,BID
2020-10-30 10:43:47,CVX,69.15,2,ASK
2020-10-30 10:43:47,CVX,69.13,20,BID
2020-10-30 10:43:47,CVX,69.14,12,ASK
2020-10-30 10:43:48,CVX,69.1,14,BID
2020-10-30 10:43:48,CVX,69.13,1,ASK
2020-10-30 10:43:48,CVX,69.09,8,BID
2020-10-30 10:43:48,CVX,69.11,3,ASK
2020-10-30 10:35:36,CVX,69.08,25,BID
2020-10-30 10:43:48,CVX,69.11,3,ASK
2020-10-30 10:43:49,CVX,69.07,19,BID
2020-10-30 10:43:49,CVX,69.1,4,ASK
2020-10-30 10:35:32,CVX,69.06,28,BID
2020-10-30 10:43:49,CVX,69.08,2,ASK
2020-10-30 10:43:50,CVX,69.04,7,BID
2020-10-30 10:43:50,CVX,69.07,5,ASK
2020-10-30 10:43:50,CVX,69.04,17,BID
2020-10-30 10:43:50,CVX,69.08,7,ASK
2020-10-30 10:43:50,CVX,69.03,22,BID
2020-10-30 10:43:50,CVX,69.06,7,ASK
2020-10-30 10:43:50,CVX,69.0,1,BID
2020-10-30 10:43:50,CVX,69.03,4,ASK
2020-10-30 10:43:51,CVX,68.99,2,BID
2020-10-30 10:43:51,CVX,69.03,6,ASK
2020-10-30 10:43:51,CVX,69.03,14,BID
2020-10-30 10:43:51,CVX,69.05,1,ASK
2020-10-30 10:43:51,CVX,69.05,15,BID
2020-10-30 10:43:51,CVX,69.08,13,ASK
2020-10-30 10:43:52,CVX,69.05,13,BID
2020-10-30 10:43:52,CVX,69.08,22,ASK
2020-10-30 10:43:52,CVX,69.08,2,BID
2020-10-30 10:43:52,CVX,69.09,18,ASK
2020-10-30 10:43:52,CVX,69.06,11,BID
2020-10-30 10:43:52,CVX,69.09,28,ASK
2020-10-30 10:43:52,CVX,69.06,11,BID
2020-10-30 10:43:52,CVX,69.09,28,ASK
2020-10-30 10:43:53,CVX,69.06,10,BID
2020-10-30 10:43:52,CVX,69.09,28,ASK
2020-10-30 10:43:54,CVX,69.06,10,BID
2020-10-30 10:43:54,CVX,69.08,1,ASK
2020-10-30 10:43:54,CVX,69.06,10,BID
2020-10-30 10:43:54,CVX,69.08,7,ASK
2020-10-30 10:43:54,CVX,69.05,10,BID
2020-10-30 10:43:54,CVX,69.06,3,ASK
2020-10-30 10:43:54,CVX,69.03,2,BID
2020-10-30 10:43:54,CVX,69.05,5,ASK
2020-10-30 10:43:54,CVX,69.03,2,BID
2020-10-30 10:43:54,CVX,69.05,5,ASK
2020-10-30 10:43:54,CVX,69.02,19,BID
2020-10-30 10:43:55,CVX,69.05,4,ASK
2020-10-30 10:43:54,CVX,69.02,19,BID
2020-10-30 10:43:55,CVX,69.05,9,ASK
2020-10-30 10:43:56,CVX,69.02,10,BID
2020-10-30 10:43:56,CVX,69.04,13,ASK
2020-10-30 10:43:56,CVX,69.02,10,BID
2020-10-30 10:43:56,CVX,69.04,27,ASK
2020-10-30 10:43:56,CVX,69.02,9,BID
2020-10-30 10:43:56,CVX,69.03,1,ASK
2020-10-30 10:43:57,CVX,69.0,7,BID
2020-10-30 10:43:57,CVX,69.02,9,ASK
2020-10-30 10:43:57,CVX,69.0,7,BID
2020-10-30 10:43:57,CVX,69.02,9,ASK
2020-10-30 10:43:57,CVX,69.0,7,BID
2020-10-30 10:43:57,CVX,69.02,9,ASK
2020-10-30 10:43:59,CVX,69.0,14,BID
2020-10-30 10:43:58,CVX,69.02,13,ASK
2020-10-30 10:43:59,CVX,69.02,8,BID
2020-10-30 10:43:59,CVX,69.04,30,ASK
2020-10-30 10:44:00,CVX,69.02,6,BID
2020-10-30 10:43:59,CVX,69.04,28,ASK
2020-10-30 10:44:00,CVX,69.02,12,BID
2020-10-30 10:43:59,CVX,69.04,28,ASK
2020-10-30 10:44:01,CVX,69.03,7,BID
2020-10-30 10:44:01,CVX,69.06,14,ASK
2020-10-30 10:44:02,CVX,69.03,8,BID
2020-10-30 10:44:02,CVX,69.06,14,ASK
2020-10-30 10:44:02,CVX,69.04,11,BID
2020-10-30 10:44:02,CVX,69.06,14,ASK
2020-10-30 10:44:02,CVX,69.04,8,BID
2020-10-30 10:44:03,CVX,69.06,14,ASK
2020-10-30 10:44:04,CVX,69.05,11,BID
2020-10-30 10:44:04,CVX,69.06,12,ASK
2020-10-30 10:44:04,CVX,69.05,8,BID
2020-10-30 10:44:04,CVX,69.06,1,ASK
2020-10-30 10:44:04,CVX,69.03,13,BID
2020-10-30 10:44:04,CVX,69.04,10,ASK
2020-10-30 10:44:05,CVX,69.03,10,BID
2020-10-30 10:44:04,CVX,69.04,10,ASK
2020-10-30 10:44:05,CVX,69.03,6,BID
2020-10-30 10:44:05,CVX,69.05,2,ASK
2020-10-30 10:44:06,CVX,69.02,3,BID
2020-10-30 10:44:06,CVX,69.04,19,ASK
2020-10-30 10:44:06,CVX,69.03,3,BID
2020-10-30 10:44:04,CVX,69.06,22,ASK
2020-10-30 10:44:06,CVX,69.0,20,BID
2020-10-30 10:44:06,CVX,69.03,10,ASK
2020-10-30 10:44:07,CVX,68.99,4,BID
2020-10-30 10:44:07,CVX,69.02,3,ASK
2020-10-30 10:44:08,CVX,68.97,8,BID
2020-10-30 10:44:08,CVX,68.99,1,ASK
2020-10-30 10:44:09,CVX,68.99,6,BID
2020-10-30 10:44:09,CVX,69.02,8,ASK
2020-10-30 10:44:09,CVX,68.97,10,BID
2020-10-30 10:44:09,CVX,69.0,4,ASK
2020-10-30 10:44:10,CVX,68.96,3,BID
2020-10-30 10:44:10,CVX,68.99,3,ASK
2020-10-30 10:44:11,CVX,68.96,5,BID
2020-10-30 10:44:11,CVX,68.98,2,ASK
2020-10-30 10:33:48,CVX,68.94,18,BID
2020-10-30 10:44:12,CVX,68.96,3,ASK
2020-10-30 10:44:12,CVX,68.95,9,BID
2020-10-30 10:44:12,CVX,68.98,2,ASK
2020-10-30 10:44:12,CVX,68.96,14,BID
2020-10-30 10:44:12,CVX,69.0,13,ASK
2020-10-30 10:44:14,CVX,68.97,2,BID
2020-10-30 10:44:14,CVX,68.99,11,ASK
2020-10-30 10:44:15,CVX,68.96,9,BID
2020-10-30 10:44:15,CVX,68.99,15,ASK
2020-10-30 10:44:17,CVX,68.94,15,BID
2020-10-30 10:44:17,CVX,68.96,7,ASK
2020-10-30 10:44:19,CVX,68.96,6,BID
2020-10-30 10:44:19,CVX,68.98,13,ASK
2020-10-30 10:44:21,CVX,69.01,7,BID
2020-10-30 10:44:21,CVX,69.01,1,ASK
2020-10-30 10:44:22,CVX,68.99,4,BID
2020-10-30 10:44:22,CVX,69.01,10,ASK
2020-10-30 10:44:23,CVX,69.0,11,BID
2020-10-30 10:44:21,CVX,69.03,34,ASK
2020-10-30 10:44:23,CVX,69.01,3,BID
2020-10-30 10:44:23,CVX,69.05,9,ASK
2020-10-30 10:44:24,CVX,69.02,5,BID
2020-10-30 10:44:24,CVX,69.04,4,ASK
2020-10-30 10:44:25,CVX,69.04,1,BID
2020-10-30 10:44:04,CVX,69.06,24,ASK
2020-10-30 10:44:26,CVX,69.04,3,BID
2020-10-30 10:44:04,CVX,69.06,24,ASK
2020-10-30 10:44:27,CVX,69.02,2,BID
2020-10-30 10:44:27,CVX,69.04,2,ASK
2020-10-30 10:44:28,CVX,69.05,5,BID
2020-10-30 10:44:28,CVX,69.07,13,ASK
2020-10-30 10:44:30,CVX,69.05,2,BID
2020-10-30 10:44:30,CVX,69.07,14,ASK
2020-10-30 10:44:31,CVX,69.05,2,BID
2020-10-30 10:44:31,CVX,69.07,6,ASK
2020-10-30 10:44:33,CVX,69.03,3,BID
2020-10-30 10:44:32,CVX,69.06,19,ASK
2020-10-30 10:44:34,CVX,69.05,5,BID
2020-10-30 10:44:34,CVX,69.08,2,ASK
2020-10-30 10:44:35,CVX,69.04,7,BID
2020-10-30 10:44:35,CVX,69.07,22,ASK
2020-10-30 10:44:35,CVX,69.04,5,BID
2020-10-30 10:44:36,CVX,69.06,12,ASK
2020-10-30 10:44:38,CVX,69.04,9,BID
2020-10-30 10:44:36,CVX,69.07,28,ASK
2020-10-30 10:44:39,CVX,69.03,4,BID
2020-10-30 10:44:39,CVX,69.05,20,ASK
2020-10-30 10:44:40,CVX,68.98,5,BID
2020-10-30 10:44:40,CVX,69.01,1,ASK
2020-10-30 10:44:40,CVX,68.99,2,BID
2020-10-30 10:44:40,CVX,69.02,13,ASK
2020-10-30 10:44:40,CVX,68.98,2,BID
2020-10-30 10:44:40,CVX,69.01,3,ASK
2020-10-30 10:44:41,CVX,68.98,2,BID
2020-10-30 10:44:41,CVX,69.0,1,ASK
2020-10-30 10:44:41,CVX,68.98,3,BID
2020-10-30 10:44:41,CVX,69.01,2,ASK
2020-10-30 10:44:42,CVX,68.98,5,BID
2020-10-30 10:44:42,CVX,69.01,14,ASK
2020-10-30 10:44:43,CVX,68.97,8,BID
2020-10-30 10:44:43,CVX,68.99,3,ASK
2020-10-30 10:44:44,CVX,68.99,3,BID
2020-10-30 10:44:43,CVX,69.01,16,ASK
2020-10-30 10:44:45,CVX,68.99,7,BID
2020-10-30 10:44:45,CVX,69.02,2,ASK
2020-10-30 10:44:47,CVX,68.99,8,BID
2020-10-30 10:44:47,CVX,69.02,14,ASK
2020-10-30 10:44:48,CVX,68.98,3,BID
2020-10-30 10:44:48,CVX,69.0,4,ASK
2020-10-30 10:44:48,CVX,68.97,9,BID
2020-10-30 10:44:48,CVX,69.0,7,ASK
2020-10-30 10:44:49,CVX,69.0,5,BID
2020-10-30 10:44:49,CVX,69.02,9,ASK
2020-10-30 10:44:50,CVX,68.99,2,BID
2020-10-30 10:44:50,CVX,69.02,9,ASK
2020-10-30 10:44:51,CVX,68.98,8,BID
2020-10-30 10:44:50,CVX,69.02,10,ASK
2020-10-30 10:44:51,CVX,68.96,7,BID
2020-10-30 10:44:51,CVX,68.97,1,ASK
2020-10-30 10:44:52,CVX,68.96,6,BID
2020-10-30 10:44:52,CVX,68.98,2,ASK
2020-10-30 10:44:52,CVX,68.96,7,BID
2020-10-30 10:44:53,CVX,68.97,1,ASK
2020-10-30 10:44:53,CVX,68.93,15,BID
2020-10-30 10:44:54,CVX,68.95,2,ASK
2020-10-30 10:44:54,CVX,68.92,5,BID
2020-10-30 10:44:54,CVX,68.95,8,ASK
2020-10-30 10:44:54,CVX,68.92,5,BID
2020-10-30 10:44:54,CVX,68.95,2,ASK
2020-10-30 10:44:54,CVX,68.92,5,BID
2020-10-30 10:44:55,CVX,68.95,15,ASK
2020-10-30 10:44:54,CVX,68.92,5,BID
2020-10-30 10:44:55,CVX,68.95,15,ASK
2020-10-30 10:44:54,CVX,68.92,5,BID
2020-10-30 10:44:55,CVX,68.95,15,ASK
2020-10-30 10:44:54,CVX,68.92,5,BID
2020-10-30 10:44:55,CVX,68.95,15,ASK
2020-10-30 10:44:54,CVX,68.92,5,BID
2020-10-30 10:44:55,CVX,68.95,15,ASK
2020-10-30 10:44:54,CVX,68.92,5,BID
2020-10-30 10:44:55,CVX,68.95,15,ASK
2020-10-30 10:44:54,CVX,68.92,5,BID
2020-10-30 10:44:55,CVX,68.95,15,ASK
2020-10-30 10:44:54,CVX,68.92,5,BID
2020-10-30 10:44:55,CVX,68.95,15,ASK
2020-10-30 10:44:56,CVX,68.9,17,BID
2020-10-30 10:44:56,CVX,68.92,1,ASK
2020-10-30 10:44:57,CVX,68.93,15,BID
2020-10-30 10:44:57,CVX,68.94,10,ASK
2020-10-30 10:44:59,CVX,68.93,2,BID
2020-10-30 10:44:58,CVX,68.95,8,ASK
2020-10-30 10:45:00,CVX,68.95,5,BID
2020-10-30 10:44:59,CVX,68.97,34,ASK
2020-10-30 10:45:01,CVX,68.94,18,BID
2020-10-30 10:45:01,CVX,68.96,10,ASK
2020-10-30 10:45:01,CVX,68.94,2,BID
2020-10-30 10:45:01,CVX,68.96,10,ASK
2020-10-30 10:45:01,CVX,68.93,15,BID
2020-10-30 10:45:01,CVX,68.95,1,ASK
2020-10-30 10:44:57,CVX,68.91,11,BID
2020-10-30 10:45:02,CVX,68.93,2,ASK
2020-10-30 10:45:02,CVX,68.9,17,BID
2020-10-30 10:45:02,CVX,68.91,1,ASK
2020-10-30 10:45:03,CVX,68.87,2,BID
2020-10-30 10:45:03,CVX,68.88,1,ASK
2020-10-30 10:45:03,CVX,68.86,8,BID
2020-10-30 10:45:03,CVX,68.89,21,ASK
2020-10-30 10:45:03,CVX,68.87,6,BID
2020-10-30 10:45:03,CVX,68.9,3,ASK
2020-10-30 10:45:04,CVX,68.86,9,BID
2020-10-30 10:45:04,CVX,68.89,5,ASK
2020-10-30 10:45:03,CVX,68.85,10,BID
2020-10-30 10:45:04,CVX,68.89,7,ASK
2020-10-30 10:45:05,CVX,68.88,2,BID
2020-10-30 10:45:05,CVX,68.89,6,ASK
2020-10-30 10:45:05,CVX,68.9,5,BID
2020-10-30 10:45:05,CVX,68.93,3,ASK
2020-10-30 10:45:07,CVX,68.91,1,BID
2020-10-30 10:45:07,CVX,68.93,10,ASK
2020-10-30 10:45:07,CVX,68.91,4,BID
2020-10-30 10:45:07,CVX,68.93,10,ASK
2020-10-30 10:45:08,CVX,68.87,13,BID
2020-10-30 10:45:08,CVX,68.9,16,ASK
2020-10-30 10:45:09,CVX,68.88,14,BID
2020-10-30 10:45:09,CVX,68.91,7,ASK
2020-10-30 10:45:10,CVX,68.92,11,BID
2020-10-30 10:45:10,CVX,68.95,2,ASK
2020-10-30 10:45:11,CVX,68.93,5,BID
2020-10-30 10:45:11,CVX,68.97,37,ASK
2020-10-30 10:45:12,CVX,68.93,9,BID
2020-10-30 10:45:12,CVX,68.95,5,ASK
2020-10-30 10:45:13,CVX,68.92,12,BID
2020-10-30 10:45:13,CVX,68.95,5,ASK
2020-10-30 10:45:14,CVX,68.93,2,BID
2020-10-30 10:45:14,CVX,68.94,3,ASK
2020-10-30 10:45:15,CVX,68.94,11,BID
2020-10-30 10:45:15,CVX,68.95,1,ASK
2020-10-30 10:45:10,CVX,68.9,7,BID
2020-10-30 10:45:16,CVX,68.94,3,ASK
2020-10-30 10:45:10,CVX,68.9,7,BID
2020-10-30 10:45:16,CVX,68.94,3,ASK
2020-10-30 10:45:17,CVX,68.92,5,BID
2020-10-30 10:45:17,CVX,68.95,18,ASK
2020-10-30 10:45:18,CVX,68.89,6,BID
2020-10-30 10:45:18,CVX,68.92,2,ASK
2020-10-30 10:45:19,CVX,68.88,6,BID
2020-10-30 10:45:19,CVX,68.9,2,ASK
2020-10-30 10:45:20,CVX,68.87,13,BID
2020-10-30 10:45:20,CVX,68.89,3,ASK
2020-10-30 10:45:21,CVX,68.88,2,BID
2020-10-30 10:45:21,CVX,68.9,6,ASK
2020-10-30 10:45:22,CVX,68.86,26,BID
2020-10-30 10:45:22,CVX,68.88,3,ASK
2020-10-30 10:45:22,CVX,68.88,10,BID
2020-10-30 10:45:22,CVX,68.9,22,ASK
2020-10-30 10:45:23,CVX,68.87,21,BID
2020-10-30 10:45:23,CVX,68.88,2,ASK
2020-10-30 10:45:24,CVX,68.87,1,BID
2020-10-30 10:45:24,CVX,68.88,2,ASK
2020-10-30 10:45:24,CVX,68.89,36,BID
2020-10-30 10:45:24,CVX,68.92,8,ASK
2020-10-30 10:45:26,CVX,68.88,8,BID
2020-10-30 10:45:26,CVX,68.9,2,ASK
2020-10-30 10:45:26,CVX,68.88,8,BID
2020-10-30 10:45:27,CVX,68.9,1,ASK
2020-10-30 10:45:28,CVX,68.85,10,BID
2020-10-30 10:45:28,CVX,68.87,9,ASK
2020-10-30 10:45:29,CVX,68.86,1,BID
2020-10-30 10:45:29,CVX,68.87,18,ASK
2020-10-30 10:45:30,CVX,68.89,1,BID
2020-10-30 10:45:30,CVX,68.9,16,ASK
2020-10-30 10:45:32,CVX,68.87,27,BID
2020-10-30 10:45:32,CVX,68.89,1,ASK
2020-10-30 10:45:33,CVX,68.89,1,BID
2020-10-30 10:45:33,CVX,68.9,19,ASK
2020-10-30 10:45:34,CVX,68.92,1,BID
2020-10-30 10:45:34,CVX,68.94,24,ASK
2020-10-30 10:45:35,CVX,68.91,26,BID
2020-10-30 10:45:35,CVX,68.93,2,ASK
2020-10-30 10:45:36,CVX,68.9,9,BID
2020-10-30 10:45:36,CVX,68.92,10,ASK
2020-10-30 10:45:37,CVX,68.89,4,BID
2020-10-30 10:45:37,CVX,68.91,2,ASK
2020-10-30 10:45:39,CVX,68.87,6,BID
2020-10-30 10:45:39,CVX,68.9,15,ASK
2020-10-30 10:45:41,CVX,68.84,20,BID
2020-10-30 10:45:41,CVX,68.85,3,ASK
2020-10-30 10:33:23,CVX,68.82,31,BID
2020-10-30 10:45:41,CVX,68.84,4,ASK
2020-10-30 10:45:42,CVX,68.83,12,BID
2020-10-30 10:45:42,CVX,68.86,2,ASK
2020-10-30 10:45:43,CVX,68.84,17,BID
2020-10-30 10:45:43,CVX,68.86,7,ASK
2020-10-30 10:45:44,CVX,68.84,1,BID
2020-10-30 10:45:44,CVX,68.86,11,ASK
2020-10-30 10:45:45,CVX,68.84,10,BID
2020-10-30 10:45:45,CVX,68.85,2,ASK
2020-10-30 10:45:46,CVX,68.83,11,BID
2020-10-30 10:45:46,CVX,68.86,27,ASK
2020-10-30 10:45:46,CVX,68.84,7,BID
2020-10-30 10:45:46,CVX,68.86,27,ASK
2020-10-30 10:45:46,CVX,68.84,7,BID
2020-10-30 10:45:46,CVX,68.86,27,ASK
2020-10-30 10:45:47,CVX,68.84,2,BID
2020-10-30 10:45:47,CVX,68.86,27,ASK
2020-10-30 10:45:48,CVX,68.83,13,BID
2020-10-30 10:45:48,CVX,68.86,27,ASK
2020-10-30 10:45:50,CVX,68.83,16,BID
2020-10-30 10:45:50,CVX,68.85,4,ASK
2020-10-30 10:45:51,CVX,68.83,11,BID
2020-10-30 10:45:50,CVX,68.85,5,ASK
2020-10-30 10:45:53,CVX,68.84,14,BID
2020-10-30 10:45:53,CVX,68.86,12,ASK
2020-10-30 10:45:52,CVX,68.83,12,BID
2020-10-30 10:45:54,CVX,68.85,2,ASK
2020-10-30 10:45:56,CVX,68.83,12,BID
2020-10-30 10:45:56,CVX,68.85,6,ASK
2020-10-30 10:45:57,CVX,68.85,16,BID
2020-10-30 10:45:57,CVX,68.86,11,ASK
2020-10-30 10:45:59,CVX,68.86,27,BID
2020-10-30 10:45:53,CVX,68.88,30,ASK
2020-10-30 10:46:00,CVX,68.85,16,BID
2020-10-30 10:46:00,CVX,68.87,2,ASK
2020-10-30 10:46:01,CVX,68.86,10,BID
2020-10-30 10:46:01,CVX,68.88,37,ASK
2020-10-30 10:46:03,CVX,68.88,12,BID
2020-10-30 10:46:03,CVX,68.91,18,ASK
2020-10-30 10:46:03,CVX,68.87,9,BID
2020-10-30 10:46:03,CVX,68.89,1,ASK
2020-10-30 10:46:03,CVX,68.87,26,BID
2020-10-30 10:46:04,CVX,68.89,3,ASK
2020-10-30 10:46:05,CVX,68.87,2,BID
2020-10-30 10:46:05,CVX,68.88,24,ASK
2020-10-30 10:46:07,CVX,68.89,3,BID
2020-10-30 10:46:07,CVX,68.9,13,ASK
2020-10-30 10:46:07,CVX,68.89,3,BID
2020-10-30 10:46:07,CVX,68.9,13,ASK
2020-10-30 10:46:09,CVX,68.92,14,BID
2020-10-30 10:46:09,CVX,68.94,24,ASK
2020-10-30 10:46:10,CVX,68.92,2,BID
2020-10-30 10:46:10,CVX,68.94,25,ASK
2020-10-30 10:46:10,CVX,68.92,9,BID
2020-10-30 10:46:10,CVX,68.94,25,ASK
2020-10-30 10:46:12,CVX,68.92,3,BID
2020-10-30 10:46:12,CVX,68.93,1,ASK
2020-10-30 10:46:12,CVX,68.92,3,BID
2020-10-30 10:46:12,CVX,68.93,1,ASK
2020-10-30 10:46:13,CVX,68.9,2,BID
2020-10-30 10:46:13,CVX,68.92,36,ASK
2020-10-30 10:46:14,CVX,68.9,15,BID
2020-10-30 10:46:13,CVX,68.92,38,ASK
2020-10-30 10:46:15,CVX,68.92,11,BID
2020-10-30 10:46:15,CVX,68.93,4,ASK
2020-10-30 10:46:15,CVX,68.92,25,BID
2020-10-30 10:46:12,CVX,68.94,29,ASK
2020-10-30 10:46:17,CVX,68.94,23,BID
2020-10-30 10:46:17,CVX,68.96,9,ASK
2020-10-30 10:46:17,CVX,68.94,22,BID
2020-10-30 10:46:17,CVX,68.96,9,ASK
2020-10-30 10:46:18,CVX,68.93,7,BID
2020-10-30 10:46:18,CVX,68.95,1,ASK
2020-10-30 10:46:19,CVX,68.92,25,BID
2020-10-30 10:46:19,CVX,68.94,23,ASK
2020-10-30 10:46:07,CVX,68.87,33,BID
2020-10-30 10:46:19,CVX,68.9,17,ASK
2020-10-30 10:46:07,CVX,68.87,29,BID
2020-10-30 10:46:19,CVX,68.89,3,ASK
2020-10-30 10:46:07,CVX,68.87,19,BID
2020-10-30 10:46:19,CVX,68.89,4,ASK
2020-10-30 10:46:20,CVX,68.87,13,BID
2020-10-30 10:46:20,CVX,68.89,9,ASK
2020-10-30 10:46:21,CVX,68.87,13,BID
2020-10-30 10:46:21,CVX,68.89,9,ASK
2020-10-30 10:46:22,CVX,68.86,7,BID
2020-10-30 10:46:22,CVX,68.88,6,ASK
2020-10-30 10:46:23,CVX,68.84,4,BID
2020-10-30 10:46:23,CVX,68.86,28,ASK
2020-10-30 10:46:24,CVX,68.83,11,BID
2020-10-30 10:46:24,CVX,68.84,1,ASK
2020-10-30 10:33:23,CVX,68.82,26,BID
2020-10-30 10:46:25,CVX,68.84,2,ASK
2020-10-30 10:46:25,CVX,68.82,12,BID
2020-10-30 10:46:25,CVX,68.83,5,ASK
2020-10-30 10:46:26,CVX,68.84,11,BID
2020-10-30 10:46:26,CVX,68.85,7,ASK
2020-10-30 10:46:27,CVX,68.84,22,BID
2020-10-30 10:46:27,CVX,68.86,2,ASK
2020-10-30 10:46:28,CVX,68.82,10,BID
2020-10-30 10:46:28,CVX,68.84,31,ASK
2020-10-30 10:46:29,CVX,68.82,29,BID
2020-10-30 10:46:28,CVX,68.85,6,ASK
2020-10-30 10:46:30,CVX,68.82,28,BID
2020-10-30 10:46:30,CVX,68.85,15,ASK
2020-10-30 10:46:30,CVX,68.82,26,BID
2020-10-30 10:46:30,CVX,68.85,10,ASK
2020-10-30 10:46:32,CVX,68.8,14,BID
2020-10-30 10:46:32,CVX,68.83,16,ASK
2020-10-30 10:46:33,CVX,68.82,9,BID
2020-10-30 10:46:33,CVX,68.83,18,ASK
2020-10-30 10:46:35,CVX,68.87,2,BID
2020-10-30 10:46:35,CVX,68.88,1,ASK
2020-10-30 10:46:36,CVX,68.85,6,BID
2020-10-30 10:46:35,CVX,68.88,25,ASK
2020-10-30 10:46:37,CVX,68.86,2,BID
2020-10-30 10:46:35,CVX,68.88,18,ASK
2020-10-30 10:46:38,CVX,68.86,2,BID
2020-10-30 10:46:38,CVX,68.88,20,ASK
2020-10-30 10:46:38,CVX,68.85,18,BID
2020-10-30 10:46:38,CVX,68.88,20,ASK
2020-10-30 10:46:39,CVX,68.85,24,BID
2020-10-30 10:46:40,CVX,68.87,2,ASK
2020-10-30 10:46:41,CVX,68.83,26,BID
2020-10-30 10:46:41,CVX,68.85,12,ASK
2020-10-30 10:46:41,CVX,68.81,19,BID
2020-10-30 10:46:41,CVX,68.84,5,ASK
2020-10-30 10:46:43,CVX,68.8,10,BID
2020-10-30 10:46:43,CVX,68.82,15,ASK
2020-10-30 10:46:44,CVX,68.78,21,BID
2020-10-30 10:46:43,CVX,68.82,16,ASK
2020-10-30 10:46:45,CVX,68.8,4,BID
2020-10-30 10:46:43,CVX,68.82,15,ASK
2020-10-30 10:46:46,CVX,68.81,23,BID
2020-10-30 10:46:43,CVX,68.83,11,ASK
2020-10-30 10:46:47,CVX,68.82,1,BID
2020-10-30 10:46:42,CVX,68.84,14,ASK
2020-10-30 10:46:48,CVX,68.83,25,BID
2020-10-30 10:46:48,CVX,68.85,11,ASK
2020-10-30 10:46:49,CVX,68.8,5,BID
2020-10-30 10:46:49,CVX,68.83,2,ASK
2020-10-30 10:46:50,CVX,68.8,3,BID
2020-10-30 10:46:50,CVX,68.82,10,ASK
2020-10-30 10:46:51,CVX,68.82,1,BID
2020-10-30 10:46:51,CVX,68.84,7,ASK
2020-10-30 10:46:51,CVX,68.82,14,BID
2020-10-30 10:46:51,CVX,68.85,12,ASK
2020-10-30 10:46:51,CVX,68.82,14,BID
2020-10-30 10:46:51,CVX,68.85,12,ASK
2020-10-30 10:46:51,CVX,68.82,14,BID
2020-10-30 10:46:51,CVX,68.85,12,ASK
2020-10-30 10:46:51,CVX,68.82,14,BID
2020-10-30 10:46:51,CVX,68.85,12,ASK
2020-10-30 10:46:51,CVX,68.82,14,BID
2020-10-30 10:46:51,CVX,68.85,12,ASK
2020-10-30 10:46:51,CVX,68.82,14,BID
2020-10-30 10:46:51,CVX,68.85,12,ASK
2020-10-30 10:46:51,CVX,68.82,14,BID
2020-10-30 10:46:51,CVX,68.85,12,ASK
2020-10-30 10:46:51,CVX,68.82,14,BID
2020-10-30 10:46:51,CVX,68.85,12,ASK
2020-10-30 10:46:51,CVX,68.82,14,BID
2020-10-30 10:46:51,CVX,68.85,12,ASK
2020-10-30 10:46:51,CVX,68.82,14,BID
2020-10-30 10:46:51,CVX,68.85,12,ASK
2020-10-30 10:46:51,CVX,68.82,14,BID
2020-10-30 10:46:51,CVX,68.85,12,ASK
2020-10-30 10:46:51,CVX,68.82,14,BID
2020-10-30 10:46:51,CVX,68.85,12,ASK
2020-10-30 10:46:51,CVX,68.82,14,BID
2020-10-30 10:46:51,CVX,68.85,12,ASK
2020-10-30 10:46:51,CVX,68.82,14,BID
2020-10-30 10:46:51,CVX,68.85,12,ASK
2020-10-30 10:46:51,CVX,68.82,14,BID
2020-10-30 10:46:51,CVX,68.85,12,ASK
2020-10-30 10:46:51,CVX,68.82,14,BID
2020-10-30 10:46:51,CVX,68.85,12,ASK
2020-10-30 10:46:51,CVX,68.82,14,BID
2020-10-30 10:46:51,CVX,68.85,12,ASK
2020-10-30 10:46:51,CVX,68.82,14,BID
2020-10-30 10:46:51,CVX,68.85,12,ASK
2020-10-30 10:46:51,CVX,68.82,14,BID
2020-10-30 10:46:51,CVX,68.85,12,ASK
2020-10-30 10:46:51,CVX,68.82,14,BID
2020-10-30 10:46:51,CVX,68.85,12,ASK
2020-10-30 10:46:51,CVX,68.82,14,BID
2020-10-30 10:46:51,CVX,68.85,12,ASK
2020-10-30 10:46:51,CVX,68.82,14,BID
2020-10-30 10:46:51,CVX,68.85,12,ASK
2020-10-30 10:46:51,CVX,68.82,14,BID
2020-10-30 10:46:51,CVX,68.85,12,ASK
2020-10-30 10:46:51,CVX,68.82,14,BID
2020-10-30 10:46:51,CVX,68.85,12,ASK
2020-10-30 10:46:51,CVX,68.82,14,BID
2020-10-30 10:46:51,CVX,68.85,12,ASK
2020-10-30 10:46:51,CVX,68.82,14,BID
2020-10-30 10:46:51,CVX,68.85,12,ASK
2020-10-30 10:46:58,CVX,68.82,4,BID
2020-10-30 10:46:58,CVX,68.84,2,ASK
2020-10-30 10:46:59,CVX,68.84,2,BID
2020-10-30 10:46:51,CVX,68.85,16,ASK
2020-10-30 10:47:01,CVX,68.83,19,BID
2020-10-30 10:47:00,CVX,68.86,20,ASK
2020-10-30 10:47:02,CVX,68.83,19,BID
2020-10-30 10:47:00,CVX,68.86,20,ASK
2020-10-30 10:47:02,CVX,68.83,19,BID
2020-10-30 10:47:00,CVX,68.86,20,ASK
2020-10-30 10:47:02,CVX,68.84,1,BID
2020-10-30 10:47:02,CVX,68.86,20,ASK
2020-10-30 10:47:02,CVX,68.84,2,BID
2020-10-30 10:47:02,CVX,68.86,20,ASK
2020-10-30 10:47:02,CVX,68.84,2,BID
2020-10-30 10:47:02,CVX,68.86,20,ASK
2020-10-30 10:47:02,CVX,68.84,2,BID
2020-10-30 10:47:02,CVX,68.86,20,ASK
2020-10-30 10:47:02,CVX,68.84,2,BID
2020-10-30 10:47:02,CVX,68.86,20,ASK
2020-10-30 10:47:02,CVX,68.84,2,BID
2020-10-30 10:47:02,CVX,68.86,20,ASK
2020-10-30 10:47:07,CVX,68.84,26,BID
2020-10-30 10:47:02,CVX,68.86,20,ASK
2020-10-30 10:47:07,CVX,68.84,22,BID
2020-10-30 10:47:02,CVX,68.86,18,ASK
2020-10-30 10:47:07,CVX,68.81,2,BID
2020-10-30 10:47:07,CVX,68.83,9,ASK
2020-10-30 10:47:07,CVX,68.81,2,BID
2020-10-30 10:47:07,CVX,68.83,9,ASK
2020-10-30 10:47:07,CVX,68.81,2,BID
2020-10-30 10:47:07,CVX,68.83,9,ASK
2020-10-30 10:47:07,CVX,68.81,2,BID
2020-10-30 10:47:07,CVX,68.83,9,ASK
2020-10-30 10:47:07,CVX,68.81,2,BID
2020-10-30 10:47:07,CVX,68.83,9,ASK
2020-10-30 10:47:07,CVX,68.81,2,BID
2020-10-30 10:47:07,CVX,68.83,9,ASK
2020-10-30 10:47:07,CVX,68.81,2,BID
2020-10-30 10:47:07,CVX,68.83,9,ASK
2020-10-30 10:47:07,CVX,68.81,2,BID
2020-10-30 10:47:07,CVX,68.83,9,ASK
2020-10-30 10:47:07,CVX,68.81,2,BID
2020-10-30 10:47:07,CVX,68.83,9,ASK
2020-10-30 10:47:07,CVX,68.81,2,BID
2020-10-30 10:47:07,CVX,68.83,9,ASK
2020-10-30 10:47:09,CVX,68.81,2,BID
2020-10-30 10:47:09,CVX,68.83,8,ASK
2020-10-30 10:47:11,CVX,68.81,2,BID
2020-10-30 10:47:11,CVX,68.83,9,ASK
2020-10-30 10:47:12,CVX,68.81,19,BID
2020-10-30 10:47:12,CVX,68.83,7,ASK
2020-10-30 10:47:13,CVX,68.84,21,BID
2020-10-30 10:47:02,CVX,68.86,18,ASK
2020-10-30 10:47:14,CVX,68.85,12,BID
2020-10-30 10:47:02,CVX,68.89,15,ASK
2020-10-30 10:47:15,CVX,68.84,18,BID
2020-10-30 10:47:15,CVX,68.87,15,ASK
2020-10-30 10:47:07,CVX,68.8,25,BID
2020-10-30 10:47:17,CVX,68.82,1,ASK
2020-10-30 10:47:18,CVX,68.81,16,BID
2020-10-30 10:47:18,CVX,68.83,9,ASK
2020-10-30 10:47:20,CVX,68.81,14,BID
2020-10-30 10:47:20,CVX,68.82,12,ASK
2020-10-30 10:47:21,CVX,68.78,15,BID
2020-10-30 10:47:21,CVX,68.8,20,ASK
2020-10-30 10:47:21,CVX,68.78,8,BID
2020-10-30 10:47:21,CVX,68.81,6,ASK
2020-10-30 10:47:23,CVX,68.78,9,BID
2020-10-30 10:47:23,CVX,68.8,2,ASK
2020-10-30 10:47:24,CVX,68.79,4,BID
2020-10-30 10:47:24,CVX,68.81,18,ASK
2020-10-30 10:47:24,CVX,68.79,10,BID
2020-10-30 10:47:24,CVX,68.81,19,ASK
2020-10-30 10:47:24,CVX,68.82,34,BID
2020-10-30 10:47:24,CVX,68.84,8,ASK
2020-10-30 10:47:25,CVX,68.82,26,BID
2020-10-30 10:47:25,CVX,68.85,20,ASK
2020-10-30 10:47:27,CVX,68.83,2,BID
2020-10-30 10:47:27,CVX,68.85,19,ASK
2020-10-30 10:47:28,CVX,68.83,2,BID
2020-10-30 10:47:28,CVX,68.85,21,ASK
2020-10-30 10:47:29,CVX,68.84,16,BID
2020-10-30 10:47:29,CVX,68.86,7,ASK
2020-10-30 10:47:30,CVX,68.84,3,BID
2020-10-30 10:47:30,CVX,68.85,8,ASK
2020-10-30 10:47:32,CVX,68.85,2,BID
2020-10-30 10:47:32,CVX,68.87,1,ASK
2020-10-30 10:47:33,CVX,68.82,19,BID
2020-10-30 10:47:33,CVX,68.85,2,ASK
2020-10-30 10:47:35,CVX,68.82,20,BID
2020-10-30 10:47:35,CVX,68.84,1,ASK
2020-10-30 10:47:35,CVX,68.82,28,BID
2020-10-30 10:47:35,CVX,68.84,2,ASK
2020-10-30 10:47:37,CVX,68.82,16,BID
2020-10-30 10:47:37,CVX,68.83,2,ASK
2020-10-30 10:47:24,CVX,68.8,28,BID
2020-10-30 10:47:37,CVX,68.83,22,ASK
2020-10-30 10:47:38,CVX,68.8,18,BID
2020-10-30 10:47:38,CVX,68.83,13,ASK
2020-10-30 10:47:39,CVX,68.8,22,BID
2020-10-30 10:47:39,CVX,68.82,23,ASK
2020-10-30 10:47:39,CVX,68.79,31,BID
2020-10-30 10:47:40,CVX,68.81,3,ASK
2020-10-30 10:47:39,CVX,68.79,38,BID
2020-10-30 10:47:40,CVX,68.81,3,ASK
2020-10-30 10:47:41,CVX,68.81,14,BID
2020-10-30 10:47:41,CVX,68.83,5,ASK
2020-10-30 10:47:39,CVX,68.79,37,BID
2020-10-30 10:47:42,CVX,68.8,1,ASK
2020-10-30 10:47:43,CVX,68.79,31,BID
2020-10-30 10:47:42,CVX,68.82,7,ASK
2020-10-30 10:47:43,CVX,68.79,32,BID
2020-10-30 10:47:44,CVX,68.81,3,ASK
2020-10-30 10:47:45,CVX,68.8,1,BID
2020-10-30 10:47:45,CVX,68.81,9,ASK
2020-10-30 10:47:46,CVX,68.79,11,BID
2020-10-30 10:47:45,CVX,68.8,13,ASK
2020-10-30 10:47:46,CVX,68.78,17,BID
2020-10-30 10:47:47,CVX,68.81,5,ASK
2020-10-30 10:47:48,CVX,68.76,10,BID
2020-10-30 10:47:48,CVX,68.78,2,ASK
2020-10-30 10:47:49,CVX,68.76,28,BID
2020-10-30 10:47:49,CVX,68.79,9,ASK
2020-10-30 10:47:50,CVX,68.77,15,BID
2020-10-30 10:47:50,CVX,68.79,6,ASK
2020-10-30 10:47:51,CVX,68.75,12,BID
2020-10-30 10:47:51,CVX,68.76,4,ASK
2020-10-30 10:47:52,CVX,68.72,13,BID
2020-10-30 10:47:52,CVX,68.75,9,ASK
2020-10-30 10:47:52,CVX,68.71,26,BID
2020-10-30 10:47:52,CVX,68.74,16,ASK
2020-10-30 10:47:53,CVX,68.72,13,BID
2020-10-30 10:47:53,CVX,68.75,14,ASK
2020-10-30 10:47:54,CVX,68.7,12,BID
2020-10-30 10:47:54,CVX,68.74,7,ASK
2020-10-30 10:47:55,CVX,68.7,12,BID
2020-10-30 10:47:55,CVX,68.74,13,ASK
2020-10-30 10:47:56,CVX,68.7,21,BID
2020-10-30 10:47:56,CVX,68.72,1,ASK
2020-10-30 10:47:57,CVX,68.7,22,BID
2020-10-30 10:47:57,CVX,68.72,4,ASK
2020-10-30 10:47:02,CVX,68.68,25,BID
2020-10-30 10:47:57,CVX,68.71,14,ASK
2020-10-30 10:47:58,CVX,68.7,1,BID
2020-10-30 10:47:58,CVX,68.72,4,ASK
2020-10-30 10:47:59,CVX,68.7,2,BID
2020-10-30 10:47:59,CVX,68.72,1,ASK
2020-10-30 10:48:00,CVX,68.69,2,BID
2020-10-30 10:48:00,CVX,68.72,15,ASK
2020-10-30 10:48:01,CVX,68.69,2,BID
2020-10-30 10:48:01,CVX,68.72,10,ASK
2020-10-30 10:48:01,CVX,68.67,20,BID
2020-10-30 10:48:01,CVX,68.71,2,ASK
2020-10-30 10:48:02,CVX,68.69,3,BID
2020-10-30 10:48:02,CVX,68.72,23,ASK
2020-10-30 10:48:03,CVX,68.72,2,BID
2020-10-30 10:48:03,CVX,68.74,6,ASK
2020-10-30 10:48:05,CVX,68.74,2,BID
2020-10-30 10:48:05,CVX,68.76,3,ASK
2020-10-30 10:48:06,CVX,68.75,3,BID
2020-10-30 10:48:04,CVX,68.77,17,ASK
2020-10-30 10:48:08,CVX,68.79,1,BID
2020-10-30 10:48:07,CVX,68.8,19,ASK
2020-10-30 10:48:07,CVX,68.77,27,BID
2020-10-30 10:48:08,CVX,68.8,17,ASK
2020-10-30 10:48:09,CVX,68.78,2,BID
2020-10-30 10:48:08,CVX,68.8,16,ASK
2020-10-30 10:48:10,CVX,68.76,23,BID
2020-10-30 10:48:11,CVX,68.79,29,ASK
2020-10-30 10:48:11,CVX,68.75,1,BID
2020-10-30 10:48:11,CVX,68.77,1,ASK
2020-10-30 10:48:13,CVX,68.74,20,BID
2020-10-30 10:48:13,CVX,68.77,2,ASK
2020-10-30 10:48:15,CVX,68.76,2,BID
2020-10-30 10:48:15,CVX,68.77,2,ASK
2020-10-30 10:48:15,CVX,68.77,25,BID
2020-10-30 10:48:15,CVX,68.79,2,ASK
2020-10-30 10:48:16,CVX,68.75,11,BID
2020-10-30 10:48:16,CVX,68.78,16,ASK
2020-10-30 10:48:17,CVX,68.73,23,BID
2020-10-30 10:48:18,CVX,68.76,3,ASK
2020-10-30 10:48:19,CVX,68.73,24,BID
2020-10-30 10:48:19,CVX,68.76,5,ASK
2020-10-30 10:48:19,CVX,68.71,20,BID
2020-10-30 10:48:20,CVX,68.74,7,ASK
2020-10-30 10:48:21,CVX,68.73,12,BID
2020-10-30 10:48:21,CVX,68.76,13,ASK
2020-10-30 10:48:22,CVX,68.73,15,BID
2020-10-30 10:48:21,CVX,68.76,13,ASK
2020-10-30 10:48:23,CVX,68.76,1,BID
2020-10-30 10:48:23,CVX,68.78,15,ASK
2020-10-30 10:48:24,CVX,68.73,15,BID
2020-10-30 10:48:24,CVX,68.75,12,ASK
2020-10-30 10:48:25,CVX,68.74,3,BID
2020-10-30 10:48:24,CVX,68.76,21,ASK
2020-10-30 10:48:26,CVX,68.74,13,BID
2020-10-30 10:48:26,CVX,68.76,10,ASK
2020-10-30 10:48:27,CVX,68.74,14,BID
2020-10-30 10:48:28,CVX,68.76,4,ASK
2020-10-30 10:48:30,CVX,68.73,32,BID
2020-10-30 10:48:30,CVX,68.75,25,ASK
2020-10-30 10:48:31,CVX,68.74,3,BID
2020-10-30 10:48:30,CVX,68.75,33,ASK
2020-10-30 10:48:33,CVX,68.73,25,BID
2020-10-30 10:48:30,CVX,68.75,33,ASK
2020-10-30 10:48:34,CVX,68.73,24,BID
2020-10-30 10:48:34,CVX,68.74,1,ASK
2020-10-30 10:48:35,CVX,68.73,24,BID
2020-10-30 10:48:30,CVX,68.75,33,ASK
2020-10-30 10:48:38,CVX,68.73,23,BID
2020-10-30 10:48:38,CVX,68.74,14,ASK
2020-10-30 10:48:20,CVX,68.71,19,BID
2020-10-30 10:48:39,CVX,68.74,5,ASK
2020-10-30 10:48:41,CVX,68.72,11,BID
2020-10-30 10:48:40,CVX,68.74,4,ASK
2020-10-30 10:48:40,CVX,68.7,26,BID
2020-10-30 10:48:43,CVX,68.72,10,ASK
2020-10-30 10:48:40,CVX,68.7,26,BID
2020-10-30 10:48:43,CVX,68.72,1,ASK
2020-10-30 10:48:45,CVX,68.69,24,BID
2020-10-30 10:48:45,CVX,68.71,3,ASK
2020-10-30 10:47:02,CVX,68.66,11,BID
2020-10-30 10:48:46,CVX,68.69,9,ASK
2020-10-30 10:48:47,CVX,68.66,1,BID
2020-10-30 10:48:46,CVX,68.69,4,ASK
2020-10-30 10:48:49,CVX,68.66,1,BID
2020-10-30 10:48:49,CVX,68.68,1,ASK
2020-10-30 10:48:50,CVX,68.64,2,BID
2020-10-30 10:48:50,CVX,68.66,14,ASK
2020-10-30 10:48:51,CVX,68.64,3,BID
2020-10-30 10:48:52,CVX,68.66,1,ASK
2020-10-30 10:48:53,CVX,68.63,25,BID
2020-10-30 10:48:53,CVX,68.66,11,ASK
2020-10-30 10:48:55,CVX,68.63,37,BID
2020-10-30 10:48:55,CVX,68.66,12,ASK
2020-10-30 10:48:56,CVX,68.6,7,BID
2020-10-30 10:48:56,CVX,68.62,1,ASK
2020-10-30 10:48:58,CVX,68.6,8,BID
2020-10-30 10:48:58,CVX,68.62,14,ASK
2020-10-30 10:48:58,CVX,68.6,16,BID
2020-10-30 10:48:58,CVX,68.62,30,ASK
2020-10-30 10:49:00,CVX,68.58,1,BID
2020-10-30 10:48:59,CVX,68.59,10,ASK
2020-10-30 10:49:00,CVX,68.59,13,BID
2020-10-30 10:49:00,CVX,68.61,1,ASK
2020-10-30 10:49:01,CVX,68.6,3,BID
2020-10-30 10:49:01,CVX,68.62,14,ASK
2020-10-30 10:49:01,CVX,68.6,3,BID
2020-10-30 10:49:01,CVX,68.62,14,ASK
2020-10-30 10:49:01,CVX,68.6,3,BID
2020-10-30 10:49:01,CVX,68.62,14,ASK
2020-10-30 10:49:01,CVX,68.6,3,BID
2020-10-30 10:49:01,CVX,68.62,14,ASK
2020-10-30 10:49:01,CVX,68.6,3,BID
2020-10-30 10:49:01,CVX,68.62,14,ASK
2020-10-30 10:49:01,CVX,68.6,3,BID
2020-10-30 10:49:01,CVX,68.62,14,ASK
2020-10-30 10:49:01,CVX,68.6,3,BID
2020-10-30 10:49:01,CVX,68.62,14,ASK
2020-10-30 10:49:01,CVX,68.6,3,BID
2020-10-30 10:49:01,CVX,68.62,14,ASK
2020-10-30 10:49:01,CVX,68.6,3,BID
2020-10-30 10:49:01,CVX,68.62,14,ASK
2020-10-30 10:49:01,CVX,68.6,3,BID
2020-10-30 10:49:01,CVX,68.62,14,ASK
2020-10-30 10:49:01,CVX,68.6,3,BID
2020-10-30 10:49:01,CVX,68.62,14,ASK
2020-10-30 10:49:01,CVX,68.6,3,BID
2020-10-30 10:49:01,CVX,68.62,14,ASK
2020-10-30 10:49:01,CVX,68.6,3,BID
2020-10-30 10:49:01,CVX,68.62,14,ASK
2020-10-30 10:49:01,CVX,68.6,3,BID
2020-10-30 10:49:01,CVX,68.62,14,ASK
2020-10-30 10:49:01,CVX,68.6,3,BID
2020-10-30 10:49:01,CVX,68.62,14,ASK
2020-10-30 10:49:01,CVX,68.6,3,BID
2020-10-30 10:49:01,CVX,68.62,14,ASK
2020-10-30 10:49:01,CVX,68.6,3,BID
2020-10-30 10:49:01,CVX,68.62,14,ASK
2020-10-30 10:49:01,CVX,68.6,3,BID
2020-10-30 10:49:01,CVX,68.62,14,ASK
2020-10-30 10:49:01,CVX,68.6,3,BID
2020-10-30 10:49:01,CVX,68.62,14,ASK
2020-10-30 10:49:01,CVX,68.6,3,BID
2020-10-30 10:49:01,CVX,68.62,14,ASK
2020-10-30 10:49:01,CVX,68.6,3,BID
2020-10-30 10:49:01,CVX,68.62,14,ASK
2020-10-30 10:49:01,CVX,68.6,3,BID
2020-10-30 10:49:01,CVX,68.62,14,ASK
2020-10-30 10:49:01,CVX,68.6,3,BID
2020-10-30 10:49:01,CVX,68.62,14,ASK
2020-10-30 10:49:01,CVX,68.6,3,BID
2020-10-30 10:49:01,CVX,68.62,14,ASK
2020-10-30 10:49:01,CVX,68.6,3,BID
2020-10-30 10:49:01,CVX,68.62,14,ASK
2020-10-30 10:49:01,CVX,68.6,3,BID
2020-10-30 10:49:01,CVX,68.62,14,ASK
2020-10-30 10:49:08,CVX,68.67,12,BID
2020-10-30 10:49:08,CVX,68.69,12,ASK
2020-10-30 10:49:09,CVX,68.67,22,BID
2020-10-30 10:49:09,CVX,68.69,3,ASK
2020-10-30 10:49:11,CVX,68.68,11,BID
2020-10-30 10:49:11,CVX,68.7,12,ASK
2020-10-30 10:49:12,CVX,68.69,18,BID
2020-10-30 10:49:12,CVX,68.72,1,ASK
2020-10-30 10:49:13,CVX,68.65,11,BID
2020-10-30 10:49:13,CVX,68.67,3,ASK
2020-10-30 10:49:15,CVX,68.63,12,BID
2020-10-30 10:49:14,CVX,68.66,12,ASK
2020-10-30 10:49:15,CVX,68.62,19,BID
2020-10-30 10:49:15,CVX,68.65,8,ASK
2020-10-30 10:49:16,CVX,68.61,23,BID
2020-10-30 10:49:16,CVX,68.64,17,ASK
2020-10-30 10:49:17,CVX,68.59,15,BID
2020-10-30 10:49:17,CVX,68.63,4,ASK
2020-10-30 10:49:17,CVX,68.59,15,BID
2020-10-30 10:49:18,CVX,68.63,20,ASK
2020-10-30 10:49:19,CVX,68.6,1,BID
2020-10-30 10:49:19,CVX,68.62,14,ASK
2020-10-30 10:49:20,CVX,68.56,25,BID
2020-10-30 10:49:21,CVX,68.58,22,ASK
2020-10-30 10:49:22,CVX,68.55,34,BID
2020-10-30 10:49:21,CVX,68.58,7,ASK
2020-10-30 10:49:23,CVX,68.57,2,BID
2020-10-30 10:49:23,CVX,68.59,12,ASK
2020-10-30 10:49:23,CVX,68.55,21,BID
2020-10-30 10:49:24,CVX,68.58,9,ASK
2020-10-30 10:49:26,CVX,68.59,13,BID
2020-10-30 10:49:26,CVX,68.62,16,ASK
2020-10-30 10:49:27,CVX,68.61,1,BID
2020-10-30 10:49:18,CVX,68.63,12,ASK
2020-10-30 10:49:29,CVX,68.61,8,BID
2020-10-30 10:49:16,CVX,68.64,17,ASK
2020-10-30 10:49:29,CVX,68.61,8,BID
2020-10-30 10:49:30,CVX,68.64,13,ASK
2020-10-30 10:49:32,CVX,68.62,13,BID
2020-10-30 10:49:32,CVX,68.65,16,ASK
2020-10-30 10:49:32,CVX,68.62,13,BID
2020-10-30 10:49:32,CVX,68.65,16,ASK
2020-10-30 10:49:32,CVX,68.62,13,BID
2020-10-30 10:49:32,CVX,68.65,16,ASK
2020-10-30 10:49:32,CVX,68.62,15,BID
2020-10-30 10:49:32,CVX,68.65,16,ASK
2020-10-30 10:49:32,CVX,68.62,15,BID
2020-10-30 10:49:32,CVX,68.65,16,ASK
2020-10-30 10:49:32,CVX,68.62,15,BID
2020-10-30 10:49:32,CVX,68.65,16,ASK
2020-10-30 10:49:32,CVX,68.62,15,BID
2020-10-30 10:49:32,CVX,68.65,16,ASK
2020-10-30 10:49:37,CVX,68.61,6,BID
2020-10-30 10:49:37,CVX,68.63,11,ASK
2020-10-30 10:49:37,CVX,68.62,14,BID
2020-10-30 10:49:37,CVX,68.63,12,ASK
2020-10-30 10:49:37,CVX,68.62,20,BID
2020-10-30 10:49:37,CVX,68.65,7,ASK
2020-10-30 10:49:37,CVX,68.62,20,BID
2020-10-30 10:49:37,CVX,68.65,7,ASK
2020-10-30 10:49:39,CVX,68.63,2,BID
2020-10-30 10:49:38,CVX,68.65,7,ASK
2020-10-30 10:49:37,CVX,68.61,14,BID
2020-10-30 10:49:40,CVX,68.63,4,ASK
2020-10-30 10:49:42,CVX,68.58,1,BID
2020-10-30 10:49:42,CVX,68.6,1,ASK
2020-10-30 10:49:44,CVX,68.59,2,BID
2020-10-30 10:49:44,CVX,68.61,17,ASK
2020-10-30 10:49:46,CVX,68.61,1,BID
2020-10-30 10:49:45,CVX,68.62,13,ASK
2020-10-30 10:49:45,CVX,68.6,9,BID
2020-10-30 10:49:48,CVX,68.61,15,ASK
2020-10-30 10:49:49,CVX,68.63,16,BID
2020-10-30 10:49:49,CVX,68.66,26,ASK
2020-10-30 10:49:48,CVX,68.6,18,BID
2020-10-30 10:49:49,CVX,68.64,33,ASK
2020-10-30 10:49:51,CVX,68.59,19,BID
2020-10-30 10:49:51,CVX,68.62,3,ASK
2020-10-30 10:49:51,CVX,68.59,10,BID
2020-10-30 10:49:52,CVX,68.63,7,ASK
2020-10-30 10:49:53,CVX,68.58,1,BID
2020-10-30 10:49:53,CVX,68.6,2,ASK
2020-10-30 10:49:54,CVX,68.57,16,BID
2020-10-30 10:49:54,CVX,68.6,20,ASK
2020-10-30 10:49:54,CVX,68.57,16,BID
2020-10-30 10:49:56,CVX,68.6,21,ASK
2020-10-30 10:49:54,CVX,68.57,16,BID
2020-10-30 10:49:56,CVX,68.6,20,ASK
2020-10-30 10:49:54,CVX,68.57,16,BID
2020-10-30 10:49:58,CVX,68.59,2,ASK
2020-10-30 10:50:00,CVX,68.58,8,BID
2020-10-30 10:49:56,CVX,68.6,16,ASK
2020-10-30 10:50:01,CVX,68.58,14,BID
2020-10-30 10:49:56,CVX,68.6,16,ASK
2020-10-30 10:50:01,CVX,68.59,19,BID
2020-10-30 10:50:01,CVX,68.63,18,ASK
2020-10-30 10:50:02,CVX,68.58,5,BID
2020-10-30 10:50:02,CVX,68.6,8,ASK
2020-10-30 10:50:03,CVX,68.57,12,BID
2020-10-30 10:50:03,CVX,68.6,9,ASK
2020-10-30 10:50:04,CVX,68.57,12,BID
2020-10-30 10:50:04,CVX,68.6,9,ASK
2020-10-30 10:50:04,CVX,68.55,30,BID
2020-10-30 10:50:04,CVX,68.57,4,ASK
2020-10-30 10:50:05,CVX,68.57,32,BID
2020-10-30 10:50:05,CVX,68.59,16,ASK
2020-10-30 10:50:06,CVX,68.57,15,BID
2020-10-30 10:50:06,CVX,68.59,17,ASK
2020-10-30 10:50:07,CVX,68.57,19,BID
2020-10-30 10:50:07,CVX,68.59,17,ASK
2020-10-30 10:50:07,CVX,68.57,14,BID
2020-10-30 10:50:07,CVX,68.59,18,ASK
2020-10-30 10:50:08,CVX,68.58,12,BID
2020-10-30 10:50:08,CVX,68.61,32,ASK
2020-10-30 10:50:09,CVX,68.6,24,BID
2020-10-30 10:50:09,CVX,68.62,17,ASK
2020-10-30 10:50:10,CVX,68.58,18,BID
2020-10-30 10:50:10,CVX,68.61,26,ASK
2020-10-30 10:50:11,CVX,68.58,17,BID
2020-10-30 10:50:12,CVX,68.6,2,ASK
2020-10-30 10:50:13,CVX,68.58,11,BID
2020-10-30 10:50:12,CVX,68.6,5,ASK
2020-10-30 10:50:13,CVX,68.57,24,BID
2020-10-30 10:50:14,CVX,68.6,9,ASK
2020-10-30 10:50:14,CVX,68.59,2,BID
2020-10-30 10:50:11,CVX,68.61,27,ASK
2020-10-30 10:50:16,CVX,68.59,6,BID
2020-10-30 10:50:10,CVX,68.62,22,ASK
2020-10-30 10:50:16,CVX,68.58,20,BID
2020-10-30 10:50:16,CVX,68.61,2,ASK
2020-10-30 10:50:17,CVX,68.59,15,BID
2020-10-30 10:50:10,CVX,68.62,22,ASK
2020-10-30 10:50:18,CVX,68.58,27,BID
2020-10-30 10:50:19,CVX,68.61,1,ASK
2020-10-30 10:50:18,CVX,68.58,20,BID
2020-10-30 10:50:21,CVX,68.6,15,ASK
2020-10-30 10:50:22,CVX,68.58,20,BID
2020-10-30 10:50:22,CVX,68.6,11,ASK
2020-10-30 10:50:24,CVX,68.61,2,BID
2020-10-30 10:50:24,CVX,68.62,15,ASK
2020-10-30 10:50:25,CVX,68.61,21,BID
2020-10-30 10:50:25,CVX,68.63,19,ASK
2020-10-30 10:50:26,CVX,68.61,19,BID
2020-10-30 10:50:26,CVX,68.62,1,ASK
2020-10-30 10:50:26,CVX,68.6,16,BID
2020-10-30 10:50:27,CVX,68.62,24,ASK
2020-10-30 10:50:27,CVX,68.6,20,BID
2020-10-30 10:50:28,CVX,68.62,3,ASK
2020-10-30 10:50:29,CVX,68.61,4,BID
2020-10-30 10:50:25,CVX,68.63,23,ASK
2020-10-30 10:50:31,CVX,68.62,2,BID
2020-10-30 10:50:25,CVX,68.63,22,ASK
2020-10-30 10:50:33,CVX,68.61,3,BID
2020-10-30 10:50:25,CVX,68.63,22,ASK
2020-10-30 10:50:33,CVX,68.63,22,BID
2020-10-30 10:50:33,CVX,68.65,9,ASK
2020-10-30 10:50:34,CVX,68.63,23,BID
2020-10-30 10:50:34,CVX,68.65,14,ASK
2020-10-30 10:50:34,CVX,68.63,18,BID
2020-10-30 10:50:34,CVX,68.65,2,ASK
2020-10-30 10:50:35,CVX,68.61,27,BID
2020-10-30 10:50:35,CVX,68.64,15,ASK
2020-10-30 10:50:36,CVX,68.62,16,BID
2020-10-30 10:50:36,CVX,68.64,14,ASK
2020-10-30 10:50:27,CVX,68.6,11,BID
2020-10-30 10:50:38,CVX,68.61,3,ASK
2020-10-30 10:50:38,CVX,68.6,17,BID
2020-10-30 10:50:39,CVX,68.63,17,ASK
2020-10-30 10:50:40,CVX,68.58,24,BID
2020-10-30 10:50:41,CVX,68.6,1,ASK
2020-10-30 10:50:42,CVX,68.6,4,BID
2020-10-30 10:50:42,CVX,68.62,13,ASK
2020-10-30 10:50:44,CVX,68.59,20,BID
2020-10-30 10:50:43,CVX,68.62,15,ASK
2020-10-30 10:50:45,CVX,68.59,20,BID
2020-10-30 10:50:45,CVX,68.62,15,ASK
2020-10-30 10:50:47,CVX,68.6,5,BID
2020-10-30 10:50:47,CVX,68.62,16,ASK
2020-10-30 10:50:49,CVX,68.59,13,BID
2020-10-30 10:50:49,CVX,68.61,20,ASK
2020-10-30 10:50:50,CVX,68.56,21,BID
2020-10-30 10:50:50,CVX,68.58,37,ASK
2020-10-30 10:50:52,CVX,68.55,23,BID
2020-10-30 10:50:52,CVX,68.57,16,ASK
2020-10-30 10:50:52,CVX,68.55,23,BID
2020-10-30 10:50:54,CVX,68.57,10,ASK
2020-10-30 10:50:56,CVX,68.57,1,BID
2020-10-30 10:50:50,CVX,68.58,31,ASK
2020-10-30 10:50:57,CVX,68.57,2,BID
2020-10-30 10:50:50,CVX,68.58,31,ASK
2020-10-30 10:50:57,CVX,68.59,4,BID
2020-10-30 10:50:57,CVX,68.61,14,ASK
2020-10-30 10:50:58,CVX,68.6,1,BID
2020-10-30 10:50:58,CVX,68.61,16,ASK
2020-10-30 10:50:59,CVX,68.59,3,BID
2020-10-30 10:50:58,CVX,68.61,15,ASK
2020-10-30 10:51:00,CVX,68.58,18,BID
2020-10-30 10:51:00,CVX,68.6,2,ASK
2020-10-30 10:51:00,CVX,68.58,24,BID
2020-10-30 10:50:58,CVX,68.61,26,ASK
2020-10-30 10:51:02,CVX,68.6,12,BID
2020-10-30 10:50:58,CVX,68.61,15,ASK
2020-10-30 10:51:03,CVX,68.6,12,BID
2020-10-30 10:51:03,CVX,68.63,12,ASK
2020-10-30 10:51:03,CVX,68.61,13,BID
2020-10-30 10:50:36,CVX,68.64,20,ASK
2020-10-30 10:51:04,CVX,68.61,14,BID
2020-10-30 10:50:36,CVX,68.64,17,ASK
2020-10-30 10:51:05,CVX,68.61,16,BID
2020-10-30 10:51:05,CVX,68.63,1,ASK
2020-10-30 10:51:05,CVX,68.61,12,BID
2020-10-30 10:51:05,CVX,68.62,1,ASK
2020-10-30 10:51:06,CVX,68.58,28,BID
2020-10-30 10:51:06,CVX,68.6,1,ASK
2020-10-30 10:51:07,CVX,68.57,1,BID
2020-10-30 10:51:07,CVX,68.58,14,ASK
2020-10-30 10:51:10,CVX,68.56,16,BID
2020-10-30 10:51:10,CVX,68.58,28,ASK
2020-10-30 10:51:11,CVX,68.56,17,BID
2020-10-30 10:51:11,CVX,68.57,11,ASK
2020-10-30 10:51:13,CVX,68.55,15,BID
2020-10-30 10:51:13,CVX,68.56,4,ASK
2020-10-30 10:51:14,CVX,68.52,35,BID
2020-10-30 10:51:14,CVX,68.54,2,ASK
2020-10-30 10:51:15,CVX,68.52,36,BID
2020-10-30 10:51:15,CVX,68.54,3,ASK
2020-10-30 10:51:18,CVX,68.52,36,BID
2020-10-30 10:51:18,CVX,68.53,3,ASK
2020-10-30 10:51:19,CVX,68.51,24,BID
2020-10-30 10:51:14,CVX,68.55,17,ASK
2020-10-30 10:51:19,CVX,68.55,1,BID
2020-10-30 10:51:11,CVX,68.58,26,ASK
2020-10-30 10:51:19,CVX,68.57,9,BID
2020-10-30 10:51:19,CVX,68.58,1,ASK
2020-10-30 10:51:20,CVX,68.59,1,BID
2020-10-30 10:51:20,CVX,68.6,25,ASK
2020-10-30 10:51:20,CVX,68.58,8,BID
2020-10-30 10:51:20,CVX,68.6,26,ASK
2020-10-30 10:51:20,CVX,68.59,28,BID
2020-10-30 10:51:20,CVX,68.61,19,ASK
2020-10-30 10:51:21,CVX,68.58,12,BID
2020-10-30 10:51:21,CVX,68.6,37,ASK
2020-10-30 10:51:21,CVX,68.58,8,BID
2020-10-30 10:51:22,CVX,68.6,34,ASK
2020-10-30 10:51:22,CVX,68.6,1,BID
2020-10-30 10:51:22,CVX,68.61,12,ASK
2020-10-30 10:51:23,CVX,68.59,16,BID
2020-10-30 10:51:23,CVX,68.61,15,ASK
2020-10-30 10:51:23,CVX,68.59,16,BID
2020-10-30 10:51:23,CVX,68.61,15,ASK
2020-10-30 10:51:23,CVX,68.59,16,BID
2020-10-30 10:51:23,CVX,68.61,15,ASK
2020-10-30 10:51:23,CVX,68.59,16,BID
2020-10-30 10:51:23,CVX,68.61,15,ASK
2020-10-30 10:51:23,CVX,68.59,16,BID
2020-10-30 10:51:23,CVX,68.61,15,ASK
2020-10-30 10:51:23,CVX,68.59,16,BID
2020-10-30 10:51:23,CVX,68.61,15,ASK
2020-10-30 10:51:23,CVX,68.59,16,BID
2020-10-30 10:51:23,CVX,68.61,15,ASK
2020-10-30 10:51:23,CVX,68.59,16,BID
2020-10-30 10:51:23,CVX,68.61,15,ASK
2020-10-30 10:51:23,CVX,68.59,16,BID
2020-10-30 10:51:23,CVX,68.61,15,ASK
2020-10-30 10:51:23,CVX,68.59,16,BID
2020-10-30 10:51:23,CVX,68.61,15,ASK
2020-10-30 10:51:23,CVX,68.59,16,BID
2020-10-30 10:51:23,CVX,68.61,15,ASK
2020-10-30 10:51:23,CVX,68.59,16,BID
2020-10-30 10:51:23,CVX,68.61,15,ASK
2020-10-30 10:51:23,CVX,68.59,16,BID
2020-10-30 10:51:23,CVX,68.61,15,ASK
2020-10-30 10:51:23,CVX,68.59,16,BID
2020-10-30 10:51:23,CVX,68.61,15,ASK
2020-10-30 10:51:23,CVX,68.59,16,BID
2020-10-30 10:51:23,CVX,68.61,15,ASK
