timestamp,ticker,price,volume,bid_ask
2020-10-30 10:31:22,DIS,120.23,22,BID
2020-10-30 10:31:22,DIS,120.29,9,ASK
2020-10-30 10:31:22,DIS,120.23,22,BID
2020-10-30 10:31:22,DIS,120.29,8,ASK
2020-10-30 10:31:22,DIS,120.23,22,BID
2020-10-30 10:31:22,DIS,120.29,8,ASK
2020-10-30 10:31:22,DIS,120.23,22,BID
2020-10-30 10:31:22,DIS,120.29,8,ASK
2020-10-30 10:31:22,DIS,120.23,22,BID
2020-10-30 10:31:22,DIS,120.29,8,ASK
2020-10-30 10:31:22,DIS,120.23,22,BID
2020-10-30 10:31:32,DIS,120.29,10,ASK
2020-10-30 10:31:32,DIS,120.2,4,BID
2020-10-30 10:31:32,DIS,120.27,2,ASK
2020-10-30 10:31:33,DIS,120.2,4,BID
2020-10-30 10:31:33,DIS,120.27,5,ASK
2020-10-30 10:31:34,DIS,120.2,4,BID
2020-10-30 10:31:34,DIS,120.27,14,ASK
2020-10-30 10:31:36,DIS,120.2,4,BID
2020-10-30 10:31:36,DIS,120.27,13,ASK
2020-10-30 10:31:36,DIS,120.2,4,BID
2020-10-30 10:31:36,DIS,120.27,13,ASK
2020-10-30 10:31:37,DIS,120.2,4,BID
2020-10-30 10:31:37,DIS,120.27,13,ASK
2020-10-30 10:31:38,DIS,120.2,4,BID
2020-10-30 10:31:38,DIS,120.27,19,ASK
2020-10-30 10:31:39,DIS,120.2,4,BID
2020-10-30 10:31:39,DIS,120.26,2,ASK
2020-10-30 10:31:40,DIS,120.21,2,BID
2020-10-30 10:31:40,DIS,120.26,4,ASK
2020-10-30 10:31:42,DIS,120.21,1,BID
2020-10-30 10:31:42,DIS,120.26,4,ASK
2020-10-30 10:31:42,DIS,120.21,2,BID
2020-10-30 10:31:42,DIS,120.26,4,ASK
2020-10-30 10:31:44,DIS,120.21,5,BID
2020-10-30 10:31:42,DIS,120.26,4,ASK
2020-10-30 10:31:44,DIS,120.21,3,BID
2020-10-30 10:31:42,DIS,120.26,4,ASK
2020-10-30 10:31:46,DIS,120.22,3,BID
2020-10-30 10:31:46,DIS,120.26,4,ASK
2020-10-30 10:31:47,DIS,120.22,3,BID
2020-10-30 10:31:46,DIS,120.26,4,ASK
2020-10-30 10:31:47,DIS,120.19,4,BID
2020-10-30 10:31:47,DIS,120.23,3,ASK
2020-10-30 10:31:48,DIS,120.19,7,BID
2020-10-30 10:31:48,DIS,120.23,3,ASK
2020-10-30 10:31:48,DIS,120.19,7,BID
2020-10-30 10:31:48,DIS,120.23,3,ASK
2020-10-30 10:31:50,DIS,120.19,7,BID
2020-10-30 10:31:48,DIS,120.23,4,ASK
2020-10-30 10:31:50,DIS,120.19,7,BID
2020-10-30 10:31:48,DIS,120.23,4,ASK
2020-10-30 10:31:50,DIS,120.19,13,BID
2020-10-30 10:31:53,DIS,120.23,4,ASK
2020-10-30 10:31:50,DIS,120.19,13,BID
2020-10-30 10:31:53,DIS,120.23,4,ASK
2020-10-30 10:31:50,DIS,120.19,13,BID
2020-10-30 10:31:53,DIS,120.23,4,ASK
2020-10-30 10:31:50,DIS,120.19,13,BID
2020-10-30 10:31:53,DIS,120.23,4,ASK
2020-10-30 10:31:57,DIS,120.15,12,BID
2020-10-30 10:31:57,DIS,120.2,3,ASK
2020-10-30 10:31:57,DIS,120.15,13,BID
2020-10-30 10:31:57,DIS,120.19,4,ASK
2020-10-30 10:31:58,DIS,120.19,5,BID
2020-10-30 10:31:58,DIS,120.24,2,ASK
2020-10-30 10:31:58,DIS,120.18,15,BID
2020-10-30 10:32:00,DIS,120.23,11,ASK
2020-10-30 10:32:00,DIS,120.17,1,BID
2020-10-30 10:32:00,DIS,120.21,13,ASK
2020-10-30 10:32:00,DIS,120.16,1,BID
2020-10-30 10:32:00,DIS,120.21,13,ASK
2020-10-30 10:31:58,DIS,120.15,15,BID
2020-10-30 10:32:00,DIS,120.18,3,ASK
2020-10-30 10:32:01,DIS,120.12,3,BID
2020-10-30 10:32:01,DIS,120.17,2,ASK
2020-10-30 10:32:01,DIS,120.12,7,BID
2020-10-30 10:32:01,DIS,120.17,3,ASK
2020-10-30 10:32:02,DIS,120.12,7,BID
2020-10-30 10:32:02,DIS,120.17,4,ASK
2020-10-30 10:32:03,DIS,120.12,8,BID
2020-10-30 10:32:02,DIS,120.17,6,ASK
2020-10-30 10:32:04,DIS,120.08,24,BID
2020-10-30 10:32:04,DIS,120.12,2,ASK
2020-10-30 10:32:04,DIS,120.08,24,BID
2020-10-30 10:32:04,DIS,120.12,2,ASK
2020-10-30 10:32:05,DIS,120.1,3,BID
2020-10-30 10:32:05,DIS,120.17,22,ASK
2020-10-30 10:32:06,DIS,120.08,15,BID
2020-10-30 10:32:06,DIS,120.16,10,ASK
2020-10-30 10:32:08,DIS,120.08,16,BID
2020-10-30 10:32:08,DIS,120.15,2,ASK
2020-10-30 10:32:09,DIS,120.1,1,BID
2020-10-30 10:32:09,DIS,120.15,2,ASK
2020-10-30 10:32:09,DIS,120.09,3,BID
2020-10-30 10:32:09,DIS,120.15,2,ASK
2020-10-30 10:32:10,DIS,120.09,4,BID
2020-10-30 10:32:10,DIS,120.14,2,ASK
2020-10-30 10:32:11,DIS,120.05,3,BID
2020-10-30 10:32:11,DIS,120.13,9,ASK
2020-10-30 10:32:12,DIS,120.08,2,BID
2020-10-30 10:32:12,DIS,120.13,9,ASK
2020-10-30 10:32:12,DIS,120.08,2,BID
2020-10-30 10:32:12,DIS,120.13,9,ASK
2020-10-30 10:32:15,DIS,120.09,4,BID
2020-10-30 10:32:15,DIS,120.13,8,ASK
2020-10-30 10:32:16,DIS,120.09,5,BID
2020-10-30 10:32:16,DIS,120.13,7,ASK
2020-10-30 10:32:17,DIS,120.09,6,BID
2020-10-30 10:32:17,DIS,120.13,7,ASK
2020-10-30 10:32:19,DIS,120.05,3,BID
2020-10-30 10:32:19,DIS,120.12,1,ASK
2020-10-30 10:29:42,DIS,120.02,9,BID
2020-10-30 10:32:19,DIS,120.1,2,ASK
2020-10-30 10:32:20,DIS,120.05,1,BID
2020-10-30 10:32:20,DIS,120.1,2,ASK
2020-10-30 10:32:20,DIS,120.05,1,BID
2020-10-30 10:32:20,DIS,120.1,2,ASK
2020-10-30 10:32:20,DIS,120.0,1,BID
2020-10-30 10:32:20,DIS,120.08,2,ASK
2020-10-30 10:32:20,DIS,120.02,2,BID
2020-10-30 10:32:20,DIS,120.08,2,ASK
2020-10-30 10:32:21,DIS,120.02,4,BID
2020-10-30 10:32:21,DIS,120.08,3,ASK
2020-10-30 10:32:23,DIS,120.02,5,BID
2020-10-30 10:32:23,DIS,120.06,1,ASK
2020-10-30 10:32:23,DIS,120.02,5,BID
2020-10-30 10:32:23,DIS,120.06,1,ASK
2020-10-30 10:32:23,DIS,120.03,3,BID
2020-10-30 10:32:23,DIS,120.08,3,ASK
2020-10-30 10:32:24,DIS,120.02,5,BID
2020-10-30 10:32:24,DIS,120.05,2,ASK
2020-10-30 10:32:24,DIS,119.98,11,BID
2020-10-30 10:32:24,DIS,120.04,10,ASK
2020-10-30 10:32:25,DIS,119.99,1,BID
2020-10-30 10:32:25,DIS,120.04,25,ASK
2020-10-30 10:32:25,DIS,119.99,3,BID
2020-10-30 10:32:25,DIS,120.04,25,ASK
2020-10-30 10:32:25,DIS,119.99,3,BID
2020-10-30 10:32:25,DIS,120.04,25,ASK
2020-10-30 10:32:25,DIS,119.99,3,BID
2020-10-30 10:32:25,DIS,120.04,25,ASK
2020-10-30 10:32:26,DIS,119.96,5,BID
2020-10-30 10:32:26,DIS,120.02,8,ASK
2020-10-30 10:32:26,DIS,119.96,5,BID
2020-10-30 10:32:26,DIS,120.02,8,ASK
2020-10-30 10:32:26,DIS,119.96,5,BID
2020-10-30 10:32:26,DIS,120.02,8,ASK
2020-10-30 10:32:27,DIS,119.96,8,BID
2020-10-30 10:32:27,DIS,120.02,8,ASK
2020-10-30 10:32:28,DIS,119.97,4,BID
2020-10-30 10:32:28,DIS,120.05,1,ASK
2020-10-30 10:32:28,DIS,119.97,4,BID
2020-10-30 10:32:28,DIS,120.05,2,ASK
2020-10-30 10:32:30,DIS,119.98,15,BID
2020-10-30 10:32:30,DIS,120.05,7,ASK
2020-10-30 10:32:31,DIS,119.99,1,BID
2020-10-30 10:32:30,DIS,120.05,7,ASK
2020-10-30 10:32:31,DIS,119.99,3,BID
2020-10-30 10:32:30,DIS,120.05,7,ASK
2020-10-30 10:32:31,DIS,119.99,3,BID
2020-10-30 10:32:30,DIS,120.05,7,ASK
2020-10-30 10:32:32,DIS,120.01,3,BID
2020-10-30 10:32:30,DIS,120.05,6,ASK
2020-10-30 10:32:33,DIS,120.04,9,BID
2020-10-30 10:32:33,DIS,120.1,16,ASK
2020-10-30 10:32:34,DIS,120.0,6,BID
2020-10-30 10:32:34,DIS,120.07,3,ASK
2020-10-30 10:32:34,DIS,120.0,6,BID
2020-10-30 10:32:34,DIS,120.07,3,ASK
2020-10-30 10:32:36,DIS,120.0,7,BID
2020-10-30 10:32:36,DIS,120.07,3,ASK
2020-10-30 10:32:36,DIS,120.0,7,BID
2020-10-30 10:32:36,DIS,120.07,3,ASK
2020-10-30 10:32:38,DIS,119.99,1,BID
2020-10-30 10:32:38,DIS,120.05,10,ASK
2020-10-30 10:32:38,DIS,119.99,1,BID
2020-10-30 10:32:38,DIS,120.04,5,ASK
2020-10-30 10:32:30,DIS,119.98,15,BID
2020-10-30 10:32:39,DIS,120.04,5,ASK
2020-10-30 10:32:30,DIS,119.98,14,BID
2020-10-30 10:32:40,DIS,120.03,3,ASK
2020-10-30 10:32:30,DIS,119.98,14,BID
2020-10-30 10:32:40,DIS,120.03,3,ASK
2020-10-30 10:32:30,DIS,119.98,14,BID
2020-10-30 10:32:40,DIS,120.03,3,ASK
2020-10-30 10:32:44,DIS,119.97,1,BID
2020-10-30 10:32:44,DIS,120.02,4,ASK
2020-10-30 10:32:44,DIS,119.97,4,BID
2020-10-30 10:32:44,DIS,120.02,4,ASK
2020-10-30 10:32:44,DIS,119.92,6,BID
2020-10-30 10:32:44,DIS,120.0,12,ASK
2020-10-30 10:32:45,DIS,119.96,2,BID
2020-10-30 10:32:44,DIS,120.01,11,ASK
2020-10-30 10:32:46,DIS,119.96,3,BID
2020-10-30 10:32:44,DIS,120.01,11,ASK
2020-10-30 10:32:48,DIS,119.98,2,BID
2020-10-30 10:32:48,DIS,120.01,13,ASK
2020-10-30 10:32:48,DIS,120.0,16,BID
2020-10-30 10:32:48,DIS,120.06,12,ASK
2020-10-30 10:32:49,DIS,120.0,16,BID
2020-10-30 10:32:48,DIS,120.06,12,ASK
2020-10-30 10:32:52,DIS,120.0,17,BID
2020-10-30 10:32:48,DIS,120.06,12,ASK
2020-10-30 10:32:53,DIS,120.0,17,BID
2020-10-30 10:32:48,DIS,120.06,12,ASK
2020-10-30 10:32:56,DIS,120.0,15,BID
2020-10-30 10:32:56,DIS,120.06,13,ASK
2020-10-30 10:32:56,DIS,120.0,15,BID
2020-10-30 10:32:56,DIS,120.06,13,ASK
2020-10-30 10:32:57,DIS,120.01,4,BID
2020-10-30 10:32:57,DIS,120.06,12,ASK
2020-10-30 10:32:58,DIS,120.05,3,BID
2020-10-30 10:32:58,DIS,120.1,2,ASK
2020-10-30 10:32:58,DIS,120.06,6,BID
2020-10-30 10:32:58,DIS,120.13,6,ASK
2020-10-30 10:32:59,DIS,120.06,7,BID
2020-10-30 10:32:58,DIS,120.13,6,ASK
2020-10-30 10:33:00,DIS,120.06,3,BID
2020-10-30 10:33:00,DIS,120.14,11,ASK
2020-10-30 10:33:01,DIS,120.08,8,BID
2020-10-30 10:33:01,DIS,120.16,20,ASK
2020-10-30 10:33:02,DIS,120.12,2,BID
2020-10-30 10:33:02,DIS,120.16,20,ASK
2020-10-30 10:33:02,DIS,120.1,8,BID
2020-10-30 10:33:02,DIS,120.16,20,ASK
2020-10-30 10:33:02,DIS,120.1,8,BID
2020-10-30 10:33:03,DIS,120.16,20,ASK
2020-10-30 10:33:04,DIS,120.11,1,BID
2020-10-30 10:33:04,DIS,120.16,20,ASK
2020-10-30 10:33:04,DIS,120.11,1,BID
2020-10-30 10:33:01,DIS,120.16,20,ASK
2020-10-30 10:33:04,DIS,120.11,1,BID
2020-10-30 10:33:01,DIS,120.16,20,ASK
2020-10-30 10:33:07,DIS,120.11,3,BID
2020-10-30 10:33:07,DIS,120.16,19,ASK
2020-10-30 10:33:08,DIS,120.08,1,BID
2020-10-30 10:33:08,DIS,120.15,15,ASK
2020-10-30 10:33:08,DIS,120.06,10,BID
2020-10-30 10:33:09,DIS,120.12,4,ASK
2020-10-30 10:33:10,DIS,120.08,3,BID
2020-10-30 10:33:10,DIS,120.16,20,ASK
2020-10-30 10:33:11,DIS,120.07,3,BID
2020-10-30 10:33:11,DIS,120.15,4,ASK
2020-10-30 10:33:12,DIS,120.12,3,BID
2020-10-30 10:33:12,DIS,120.19,1,ASK
2020-10-30 10:33:14,DIS,120.1,12,BID
2020-10-30 10:33:14,DIS,120.17,17,ASK
2020-10-30 10:33:15,DIS,120.06,13,BID
2020-10-30 10:33:15,DIS,120.14,4,ASK
2020-10-30 10:33:16,DIS,120.07,3,BID
2020-10-30 10:33:16,DIS,120.13,2,ASK
2020-10-30 10:33:16,DIS,120.07,3,BID
2020-10-30 10:33:16,DIS,120.13,2,ASK
2020-10-30 10:33:18,DIS,120.06,14,BID
2020-10-30 10:33:18,DIS,120.11,3,ASK
2020-10-30 10:33:18,DIS,120.04,8,BID
2020-10-30 10:33:18,DIS,120.1,3,ASK
2020-10-30 10:33:18,DIS,120.04,8,BID
2020-10-30 10:33:18,DIS,120.1,3,ASK
2020-10-30 10:33:20,DIS,120.04,12,BID
2020-10-30 10:33:21,DIS,120.09,5,ASK
2020-10-30 10:33:22,DIS,120.07,1,BID
2020-10-30 10:33:22,DIS,120.1,4,ASK
2020-10-30 10:33:22,DIS,120.04,13,BID
2020-10-30 10:33:22,DIS,120.1,4,ASK
2020-10-30 10:33:24,DIS,120.04,13,BID
2020-10-30 10:33:22,DIS,120.1,4,ASK
2020-10-30 10:33:25,DIS,120.04,15,BID
2020-10-30 10:33:22,DIS,120.1,4,ASK
2020-10-30 10:33:25,DIS,120.04,15,BID
2020-10-30 10:33:22,DIS,120.1,4,ASK
2020-10-30 10:33:28,DIS,120.08,3,BID
2020-10-30 10:33:28,DIS,120.1,4,ASK
2020-10-30 10:33:30,DIS,120.07,2,BID
2020-10-30 10:33:30,DIS,120.11,4,ASK
2020-10-30 10:33:31,DIS,120.06,2,BID
2020-10-30 10:33:31,DIS,120.11,4,ASK
2020-10-30 10:33:32,DIS,120.09,1,BID
2020-10-30 10:33:32,DIS,120.13,4,ASK
2020-10-30 10:33:33,DIS,120.09,1,BID
2020-10-30 10:33:33,DIS,120.13,4,ASK
2020-10-30 10:33:34,DIS,120.1,4,BID
2020-10-30 10:33:34,DIS,120.16,2,ASK
2020-10-30 10:33:34,DIS,120.11,3,BID
2020-10-30 10:33:34,DIS,120.19,14,ASK
2020-10-30 10:33:34,DIS,120.11,3,BID
2020-10-30 10:33:34,DIS,120.19,14,ASK
2020-10-30 10:33:34,DIS,120.1,5,BID
2020-10-30 10:33:35,DIS,120.16,2,ASK
2020-10-30 10:33:34,DIS,120.1,4,BID
2020-10-30 10:33:36,DIS,120.16,2,ASK
2020-10-30 10:33:37,DIS,120.08,1,BID
2020-10-30 10:33:37,DIS,120.15,3,ASK
2020-10-30 10:33:37,DIS,120.09,1,BID
2020-10-30 10:33:37,DIS,120.15,2,ASK
2020-10-30 10:33:39,DIS,120.1,3,BID
2020-10-30 10:33:39,DIS,120.15,2,ASK
2020-10-30 10:33:39,DIS,120.1,8,BID
2020-10-30 10:33:39,DIS,120.15,2,ASK
2020-10-30 10:33:41,DIS,120.1,8,BID
2020-10-30 10:33:41,DIS,120.15,4,ASK
2020-10-30 10:33:41,DIS,120.1,8,BID
2020-10-30 10:33:41,DIS,120.15,4,ASK
2020-10-30 10:33:41,DIS,120.1,8,BID
2020-10-30 10:33:41,DIS,120.15,4,ASK
2020-10-30 10:33:44,DIS,120.06,20,BID
2020-10-30 10:33:44,DIS,120.11,1,ASK
2020-10-30 10:33:45,DIS,120.09,2,BID
2020-10-30 10:33:45,DIS,120.12,1,ASK
2020-10-30 10:33:46,DIS,120.1,3,BID
2020-10-30 10:33:46,DIS,120.18,3,ASK
2020-10-30 10:33:47,DIS,120.1,16,BID
2020-10-30 10:33:47,DIS,120.18,1,ASK
2020-10-30 10:33:48,DIS,120.12,3,BID
2020-10-30 10:33:48,DIS,120.18,4,ASK
2020-10-30 10:33:48,DIS,120.12,17,BID
2020-10-30 10:33:48,DIS,120.18,5,ASK
2020-10-30 10:33:49,DIS,120.12,18,BID
2020-10-30 10:33:49,DIS,120.17,1,ASK
2020-10-30 10:33:49,DIS,120.12,14,BID
2020-10-30 10:33:49,DIS,120.17,1,ASK
2020-10-30 10:33:49,DIS,120.12,14,BID
2020-10-30 10:33:50,DIS,120.17,1,ASK
2020-10-30 10:33:49,DIS,120.12,13,BID
2020-10-30 10:33:51,DIS,120.17,1,ASK
2020-10-30 10:33:49,DIS,120.12,13,BID
2020-10-30 10:33:53,DIS,120.17,2,ASK
2020-10-30 10:33:49,DIS,120.12,20,BID
2020-10-30 10:33:54,DIS,120.17,2,ASK
2020-10-30 10:33:56,DIS,120.14,6,BID
2020-10-30 10:33:56,DIS,120.18,2,ASK
2020-10-30 10:33:56,DIS,120.14,6,BID
2020-10-30 10:33:56,DIS,120.18,2,ASK
2020-10-30 10:33:56,DIS,120.14,6,BID
2020-10-30 10:33:56,DIS,120.18,2,ASK
2020-10-30 10:34:00,DIS,120.16,3,BID
2020-10-30 10:33:34,DIS,120.19,14,ASK
2020-10-30 10:34:00,DIS,120.15,3,BID
2020-10-30 10:34:00,DIS,120.2,2,ASK
2020-10-30 10:34:01,DIS,120.15,3,BID
2020-10-30 10:34:01,DIS,120.19,17,ASK
2020-10-30 10:34:02,DIS,120.15,3,BID
2020-10-30 10:34:02,DIS,120.19,18,ASK
2020-10-30 10:34:03,DIS,120.12,19,BID
2020-10-30 10:34:03,DIS,120.19,19,ASK
2020-10-30 10:34:03,DIS,120.12,19,BID
2020-10-30 10:34:03,DIS,120.19,19,ASK
2020-10-30 10:34:04,DIS,120.12,18,BID
2020-10-30 10:34:04,DIS,120.19,13,ASK
2020-10-30 10:33:55,DIS,120.12,18,BID
2020-10-30 10:34:04,DIS,120.19,13,ASK
2020-10-30 10:33:55,DIS,120.12,19,BID
2020-10-30 10:34:04,DIS,120.19,13,ASK
2020-10-30 10:33:55,DIS,120.12,19,BID
2020-10-30 10:34:04,DIS,120.19,13,ASK
2020-10-30 10:33:55,DIS,120.12,19,BID
2020-10-30 10:34:08,DIS,120.18,9,ASK
2020-10-30 10:33:55,DIS,120.12,19,BID
2020-10-30 10:34:09,DIS,120.18,7,ASK
2020-10-30 10:33:48,DIS,120.1,17,BID
2020-10-30 10:34:09,DIS,120.15,22,ASK
2020-10-30 10:33:48,DIS,120.1,15,BID
2020-10-30 10:34:09,DIS,120.15,11,ASK
2020-10-30 10:33:48,DIS,120.1,15,BID
2020-10-30 10:34:09,DIS,120.15,12,ASK
2020-10-30 10:33:48,DIS,120.1,16,BID
2020-10-30 10:34:09,DIS,120.15,12,ASK
2020-10-30 10:33:48,DIS,120.1,16,BID
2020-10-30 10:34:09,DIS,120.15,12,ASK
2020-10-30 10:33:48,DIS,120.1,15,BID
2020-10-30 10:34:09,DIS,120.15,12,ASK
2020-10-30 10:34:14,DIS,120.05,5,BID
2020-10-30 10:34:14,DIS,120.13,6,ASK
2020-10-30 10:34:14,DIS,120.07,24,BID
2020-10-30 10:34:14,DIS,120.12,3,ASK
2020-10-30 10:34:14,DIS,120.07,24,BID
2020-10-30 10:34:14,DIS,120.12,4,ASK
2020-10-30 10:34:15,DIS,120.07,25,BID
2020-10-30 10:34:15,DIS,120.12,6,ASK
2020-10-30 10:34:16,DIS,120.07,24,BID
2020-10-30 10:34:16,DIS,120.11,5,ASK
2020-10-30 10:34:16,DIS,120.07,24,BID
2020-10-30 10:34:18,DIS,120.11,7,ASK
2020-10-30 10:34:19,DIS,120.05,1,BID
2020-10-30 10:34:19,DIS,120.1,15,ASK
2020-10-30 10:34:19,DIS,120.03,19,BID
2020-10-30 10:34:20,DIS,120.09,3,ASK
2020-10-30 10:34:22,DIS,120.01,20,BID
2020-10-30 10:34:22,DIS,120.07,4,ASK
2020-10-30 10:32:57,DIS,120.0,16,BID
2020-10-30 10:34:23,DIS,120.07,14,ASK
2020-10-30 10:32:57,DIS,120.0,16,BID
2020-10-30 10:34:24,DIS,120.07,13,ASK
2020-10-30 10:34:24,DIS,120.03,2,BID
2020-10-30 10:34:24,DIS,120.07,17,ASK
2020-10-30 10:34:25,DIS,120.02,4,BID
2020-10-30 10:34:25,DIS,120.07,17,ASK
2020-10-30 10:34:25,DIS,120.02,5,BID
2020-10-30 10:34:26,DIS,120.07,17,ASK
2020-10-30 10:32:57,DIS,120.0,17,BID
2020-10-30 10:34:28,DIS,120.06,3,ASK
2020-10-30 10:32:57,DIS,120.0,14,BID
2020-10-30 10:34:28,DIS,120.06,7,ASK
2020-10-30 10:34:31,DIS,120.01,1,BID
2020-10-30 10:34:31,DIS,120.05,4,ASK
2020-10-30 10:32:57,DIS,120.0,13,BID
2020-10-30 10:34:32,DIS,120.05,4,ASK
2020-10-30 10:32:57,DIS,120.0,13,BID
2020-10-30 10:34:34,DIS,120.04,4,ASK
2020-10-30 10:32:48,DIS,119.99,8,BID
2020-10-30 10:34:34,DIS,120.03,5,ASK
2020-10-30 10:34:36,DIS,119.99,10,BID
2020-10-30 10:34:36,DIS,120.03,4,ASK
2020-10-30 10:34:36,DIS,119.99,10,BID
2020-10-30 10:34:36,DIS,120.03,4,ASK
2020-10-30 10:34:38,DIS,120.0,1,BID
2020-10-30 10:34:38,DIS,120.03,11,ASK
2020-10-30 10:34:38,DIS,120.0,1,BID
2020-10-30 10:34:38,DIS,120.03,11,ASK
2020-10-30 10:34:38,DIS,119.99,14,BID
2020-10-30 10:34:38,DIS,120.03,11,ASK
2020-10-30 10:34:38,DIS,119.99,14,BID
2020-10-30 10:34:38,DIS,120.03,11,ASK
2020-10-30 10:34:38,DIS,119.99,14,BID
2020-10-30 10:34:38,DIS,120.03,11,ASK
2020-10-30 10:34:38,DIS,119.99,14,BID
2020-10-30 10:34:38,DIS,120.03,11,ASK
2020-10-30 10:34:47,DIS,120.0,3,BID
2020-10-30 10:34:38,DIS,120.03,11,ASK
2020-10-30 10:34:47,DIS,120.0,3,BID
2020-10-30 10:34:38,DIS,120.03,11,ASK
2020-10-30 10:34:50,DIS,120.0,17,BID
2020-10-30 10:34:50,DIS,120.06,9,ASK
2020-10-30 10:34:50,DIS,120.0,17,BID
2020-10-30 10:34:50,DIS,120.06,10,ASK
2020-10-30 10:34:38,DIS,119.99,12,BID
2020-10-30 10:34:50,DIS,120.06,10,ASK
2020-10-30 10:34:38,DIS,119.99,12,BID
2020-10-30 10:34:50,DIS,120.06,10,ASK
2020-10-30 10:34:38,DIS,119.99,12,BID
2020-10-30 10:34:52,DIS,120.06,18,ASK
2020-10-30 10:34:38,DIS,119.99,12,BID
2020-10-30 10:34:52,DIS,120.06,18,ASK
2020-10-30 10:34:38,DIS,119.99,12,BID
2020-10-30 10:34:52,DIS,120.06,18,ASK
2020-10-30 10:34:38,DIS,119.99,12,BID
2020-10-30 10:34:52,DIS,120.06,18,ASK
2020-10-30 10:34:53,DIS,119.98,9,BID
2020-10-30 10:34:53,DIS,120.03,14,ASK
2020-10-30 10:34:53,DIS,119.98,9,BID
2020-10-30 10:34:53,DIS,120.03,16,ASK
2020-10-30 10:34:53,DIS,119.98,9,BID
2020-10-30 10:34:53,DIS,120.03,16,ASK
2020-10-30 10:34:54,DIS,119.97,3,BID
2020-10-30 10:34:54,DIS,120.0,2,ASK
2020-10-30 10:34:55,DIS,119.93,7,BID
2020-10-30 10:34:55,DIS,120.0,12,ASK
2020-10-30 10:34:58,DIS,119.95,2,BID
2020-10-30 10:34:58,DIS,120.0,9,ASK
2020-10-30 10:35:00,DIS,119.91,17,BID
2020-10-30 10:35:00,DIS,119.98,7,ASK
2020-10-30 10:35:03,DIS,119.91,15,BID
2020-10-30 10:35:03,DIS,119.97,12,ASK
2020-10-30 10:35:04,DIS,119.91,6,BID
2020-10-30 10:35:04,DIS,119.97,12,ASK
2020-10-30 10:35:04,DIS,119.91,6,BID
2020-10-30 10:35:04,DIS,119.97,12,ASK
2020-10-30 10:35:04,DIS,119.91,6,BID
2020-10-30 10:35:04,DIS,119.97,12,ASK
2020-10-30 10:35:04,DIS,119.91,6,BID
2020-10-30 10:35:04,DIS,119.97,12,ASK
2020-10-30 10:35:05,DIS,119.9,15,BID
2020-10-30 10:35:05,DIS,119.97,12,ASK
2020-10-30 10:35:05,DIS,119.9,8,BID
2020-10-30 10:35:05,DIS,119.97,12,ASK
2020-10-30 10:35:05,DIS,119.9,8,BID
2020-10-30 10:35:05,DIS,119.97,12,ASK
2020-10-30 10:35:05,DIS,119.9,8,BID
2020-10-30 10:35:05,DIS,119.97,12,ASK
2020-10-30 10:35:05,DIS,119.9,8,BID
2020-10-30 10:35:05,DIS,119.97,12,ASK
2020-10-30 10:35:05,DIS,119.9,8,BID
2020-10-30 10:35:05,DIS,119.97,12,ASK
2020-10-30 10:35:05,DIS,119.9,8,BID
2020-10-30 10:35:05,DIS,119.97,12,ASK
2020-10-30 10:35:05,DIS,119.9,8,BID
2020-10-30 10:35:05,DIS,119.97,12,ASK
2020-10-30 10:35:05,DIS,119.9,8,BID
2020-10-30 10:35:05,DIS,119.97,12,ASK
2020-10-30 10:35:05,DIS,119.9,8,BID
2020-10-30 10:35:05,DIS,119.97,12,ASK
2020-10-30 10:35:06,DIS,119.9,11,BID
2020-10-30 10:35:01,DIS,119.97,12,ASK
2020-10-30 10:35:08,DIS,119.89,14,BID
2020-10-30 10:35:08,DIS,119.95,5,ASK
2020-10-30 10:35:08,DIS,119.88,2,BID
2020-10-30 10:35:08,DIS,119.95,17,ASK
2020-10-30 10:35:08,DIS,119.88,2,BID
2020-10-30 10:35:08,DIS,119.95,17,ASK
2020-10-30 10:35:08,DIS,119.88,2,BID
2020-10-30 10:35:08,DIS,119.95,17,ASK
2020-10-30 10:35:08,DIS,119.88,2,BID
2020-10-30 10:35:08,DIS,119.95,17,ASK
2020-10-30 10:35:09,DIS,119.89,10,BID
2020-10-30 10:35:09,DIS,119.95,25,ASK
2020-10-30 10:35:11,DIS,119.9,1,BID
2020-10-30 10:35:11,DIS,119.96,13,ASK
2020-10-30 10:35:13,DIS,119.92,4,BID
2020-10-30 10:35:13,DIS,119.98,19,ASK
2020-10-30 10:35:17,DIS,119.94,15,BID
2020-10-30 10:35:17,DIS,119.98,2,ASK
2020-10-30 10:35:19,DIS,119.93,8,BID
2020-10-30 10:35:20,DIS,119.97,1,ASK
2020-10-30 10:35:20,DIS,119.88,11,BID
2020-10-30 10:35:20,DIS,119.93,4,ASK
2020-10-30 10:35:20,DIS,119.91,8,BID
2020-10-30 10:35:20,DIS,119.94,3,ASK
2020-10-30 10:35:20,DIS,119.9,2,BID
2020-10-30 10:35:20,DIS,119.94,3,ASK
2020-10-30 10:35:21,DIS,119.9,4,BID
2020-10-30 10:35:21,DIS,119.96,4,ASK
2020-10-30 10:35:21,DIS,119.86,5,BID
2020-10-30 10:35:21,DIS,119.92,3,ASK
2020-10-30 10:35:21,DIS,119.84,1,BID
2020-10-30 10:35:21,DIS,119.89,6,ASK
2020-10-30 10:35:22,DIS,119.84,1,BID
2020-10-30 10:35:22,DIS,119.89,6,ASK
2020-10-30 10:35:22,DIS,119.85,1,BID
2020-10-30 10:35:22,DIS,119.89,5,ASK
2020-10-30 10:35:22,DIS,119.85,1,BID
2020-10-30 10:35:22,DIS,119.89,5,ASK
2020-10-30 10:35:23,DIS,119.85,5,BID
2020-10-30 10:35:23,DIS,119.89,4,ASK
2020-10-30 10:35:24,DIS,119.86,4,BID
2020-10-30 10:35:24,DIS,119.93,4,ASK
2020-10-30 10:35:24,DIS,119.83,5,BID
2020-10-30 10:35:24,DIS,119.9,3,ASK
2020-10-30 10:35:25,DIS,119.86,1,BID
2020-10-30 10:35:25,DIS,119.9,3,ASK
2020-10-30 10:35:25,DIS,119.86,1,BID
2020-10-30 10:35:25,DIS,119.9,3,ASK
2020-10-30 10:35:27,DIS,119.85,1,BID
2020-10-30 10:35:27,DIS,119.88,2,ASK
2020-10-30 10:35:28,DIS,119.84,3,BID
2020-10-30 10:35:28,DIS,119.88,1,ASK
2020-10-30 10:35:28,DIS,119.86,2,BID
2020-10-30 10:35:28,DIS,119.88,3,ASK
2020-10-30 10:35:29,DIS,119.85,3,BID
2020-10-30 10:35:28,DIS,119.88,3,ASK
2020-10-30 10:35:29,DIS,119.85,3,BID
2020-10-30 10:35:29,DIS,119.89,1,ASK
2020-10-30 10:35:30,DIS,119.85,3,BID
2020-10-30 10:35:30,DIS,119.89,1,ASK
2020-10-30 10:35:30,DIS,119.78,2,BID
2020-10-30 10:35:30,DIS,119.83,2,ASK
2020-10-30 10:35:31,DIS,119.8,2,BID
2020-10-30 10:35:31,DIS,119.87,1,ASK
2020-10-30 10:35:32,DIS,119.83,2,BID
2020-10-30 10:35:32,DIS,119.87,2,ASK
2020-10-30 10:35:32,DIS,119.86,2,BID
2020-10-30 10:35:32,DIS,119.9,7,ASK
2020-10-30 10:35:32,DIS,119.86,2,BID
2020-10-30 10:35:32,DIS,119.9,7,ASK
2020-10-30 10:35:33,DIS,119.86,4,BID
2020-10-30 10:35:33,DIS,119.92,4,ASK
2020-10-30 10:35:35,DIS,119.87,2,BID
2020-10-30 10:35:35,DIS,119.93,10,ASK
2020-10-30 10:35:36,DIS,119.87,2,BID
2020-10-30 10:35:36,DIS,119.92,1,ASK
2020-10-30 10:35:37,DIS,119.86,4,BID
2020-10-30 10:35:37,DIS,119.92,1,ASK
2020-10-30 10:35:39,DIS,119.88,1,BID
2020-10-30 10:35:39,DIS,119.92,1,ASK
2020-10-30 10:35:40,DIS,119.87,1,BID
2020-10-30 10:35:40,DIS,119.92,4,ASK
2020-10-30 10:35:41,DIS,119.87,1,BID
2020-10-30 10:35:41,DIS,119.92,5,ASK
2020-10-30 10:35:42,DIS,119.88,1,BID
2020-10-30 10:35:41,DIS,119.92,5,ASK
2020-10-30 10:35:42,DIS,119.88,1,BID
2020-10-30 10:35:41,DIS,119.92,5,ASK
2020-10-30 10:35:44,DIS,119.89,2,BID
2020-10-30 10:35:44,DIS,119.96,7,ASK
2020-10-30 10:35:44,DIS,119.93,4,BID
2020-10-30 10:35:44,DIS,119.98,8,ASK
2020-10-30 10:35:44,DIS,119.93,4,BID
2020-10-30 10:35:44,DIS,119.98,8,ASK
2020-10-30 10:35:45,DIS,119.96,1,BID
2020-10-30 10:35:45,DIS,119.99,4,ASK
2020-10-30 10:35:45,DIS,119.96,1,BID
2020-10-30 10:35:45,DIS,119.99,4,ASK
2020-10-30 10:35:45,DIS,119.96,1,BID
2020-10-30 10:35:45,DIS,119.99,4,ASK
2020-10-30 10:35:47,DIS,119.92,6,BID
2020-10-30 10:35:47,DIS,119.98,1,ASK
2020-10-30 10:35:47,DIS,119.92,8,BID
2020-10-30 10:35:47,DIS,119.98,22,ASK
2020-10-30 10:35:49,DIS,119.96,3,BID
2020-10-30 10:35:13,DIS,120.0,8,ASK
2020-10-30 10:35:51,DIS,119.96,5,BID
2020-10-30 10:35:51,DIS,119.99,1,ASK
2020-10-30 10:35:51,DIS,119.96,5,BID
2020-10-30 10:35:52,DIS,119.99,2,ASK
2020-10-30 10:35:52,DIS,119.96,5,BID
2020-10-30 10:35:52,DIS,119.99,2,ASK
2020-10-30 10:35:53,DIS,119.95,4,BID
2020-10-30 10:35:51,DIS,120.0,10,ASK
2020-10-30 10:35:53,DIS,119.95,4,BID
2020-10-30 10:35:51,DIS,120.0,10,ASK
2020-10-30 10:35:53,DIS,119.95,4,BID
2020-10-30 10:35:51,DIS,120.0,10,ASK
2020-10-30 10:35:53,DIS,119.95,4,BID
2020-10-30 10:35:51,DIS,120.0,10,ASK
2020-10-30 10:35:53,DIS,119.95,4,BID
2020-10-30 10:35:51,DIS,120.0,10,ASK
2020-10-30 10:35:53,DIS,119.95,4,BID
2020-10-30 10:35:51,DIS,120.0,10,ASK
2020-10-30 10:35:53,DIS,119.95,4,BID
2020-10-30 10:35:51,DIS,120.0,10,ASK
2020-10-30 10:35:53,DIS,119.95,4,BID
2020-10-30 10:35:51,DIS,120.0,10,ASK
2020-10-30 10:35:53,DIS,119.95,4,BID
2020-10-30 10:35:51,DIS,120.0,10,ASK
2020-10-30 10:35:58,DIS,120.0,2,BID
2020-10-30 10:35:57,DIS,120.04,7,ASK
2020-10-30 10:36:00,DIS,120.0,5,BID
2020-10-30 10:36:00,DIS,120.06,17,ASK
2020-10-30 10:36:02,DIS,119.96,5,BID
2020-10-30 10:36:02,DIS,120.01,2,ASK
2020-10-30 10:36:02,DIS,119.94,18,BID
2020-10-30 10:36:02,DIS,120.01,15,ASK
2020-10-30 10:36:02,DIS,119.94,30,BID
2020-10-30 10:36:04,DIS,120.01,18,ASK
2020-10-30 10:36:04,DIS,119.96,13,BID
2020-10-30 10:36:04,DIS,120.01,18,ASK
2020-10-30 10:36:05,DIS,119.94,24,BID
2020-10-30 10:36:05,DIS,120.01,20,ASK
2020-10-30 10:36:06,DIS,119.96,8,BID
2020-10-30 10:36:06,DIS,120.01,20,ASK
2020-10-30 10:36:07,DIS,119.96,18,BID
2020-10-30 10:36:07,DIS,120.01,1,ASK
2020-10-30 10:36:09,DIS,119.95,2,BID
2020-10-30 10:36:09,DIS,119.99,3,ASK
2020-10-30 10:36:10,DIS,119.95,12,BID
2020-10-30 10:36:10,DIS,119.99,3,ASK
2020-10-30 10:36:12,DIS,119.95,12,BID
2020-10-30 10:36:11,DIS,119.99,3,ASK
2020-10-30 10:36:13,DIS,119.95,11,BID
2020-10-30 10:36:13,DIS,119.98,1,ASK
2020-10-30 10:36:05,DIS,119.94,27,BID
2020-10-30 10:36:14,DIS,119.97,10,ASK
2020-10-30 10:36:05,DIS,119.94,28,BID
2020-10-30 10:36:15,DIS,119.98,3,ASK
2020-10-30 10:36:05,DIS,119.94,28,BID
2020-10-30 10:36:15,DIS,119.99,17,ASK
2020-10-30 10:36:16,DIS,119.93,2,BID
2020-10-30 10:36:16,DIS,119.98,3,ASK
2020-10-30 10:36:16,DIS,119.93,2,BID
2020-10-30 10:36:16,DIS,119.98,3,ASK
2020-10-30 10:36:18,DIS,119.93,3,BID
2020-10-30 10:36:15,DIS,119.99,19,ASK
2020-10-30 10:36:19,DIS,119.93,4,BID
2020-10-30 10:36:19,DIS,119.98,1,ASK
2020-10-30 10:36:19,DIS,119.93,3,BID
2020-10-30 10:36:20,DIS,119.98,9,ASK
2020-10-30 10:36:19,DIS,119.93,3,BID
2020-10-30 10:36:21,DIS,119.98,10,ASK
2020-10-30 10:36:21,DIS,119.92,18,BID
2020-10-30 10:36:21,DIS,119.95,4,ASK
2020-10-30 10:36:22,DIS,119.9,2,BID
2020-10-30 10:36:22,DIS,119.94,23,ASK
2020-10-30 10:36:22,DIS,119.86,22,BID
2020-10-30 10:36:22,DIS,119.92,12,ASK
2020-10-30 10:36:23,DIS,119.86,26,BID
2020-10-30 10:36:23,DIS,119.92,22,ASK
2020-10-30 10:36:23,DIS,119.86,26,BID
2020-10-30 10:36:23,DIS,119.92,22,ASK
2020-10-30 10:36:24,DIS,119.89,5,BID
2020-10-30 10:36:24,DIS,119.96,12,ASK
2020-10-30 10:36:25,DIS,119.89,5,BID
2020-10-30 10:36:25,DIS,119.96,14,ASK
2020-10-30 10:36:25,DIS,119.89,5,BID
2020-10-30 10:36:25,DIS,119.96,14,ASK
2020-10-30 10:36:25,DIS,119.89,5,BID
2020-10-30 10:36:25,DIS,119.96,14,ASK
2020-10-30 10:36:28,DIS,119.9,2,BID
2020-10-30 10:36:28,DIS,119.95,12,ASK
2020-10-30 10:36:28,DIS,119.9,2,BID
2020-10-30 10:36:28,DIS,119.95,12,ASK
2020-10-30 10:36:30,DIS,119.9,5,BID
2020-10-30 10:36:30,DIS,119.95,12,ASK
2020-10-30 10:36:31,DIS,119.89,6,BID
2020-10-30 10:36:31,DIS,119.95,12,ASK
2020-10-30 10:36:31,DIS,119.89,6,BID
2020-10-30 10:36:31,DIS,119.95,12,ASK
2020-10-30 10:36:23,DIS,119.86,23,BID
2020-10-30 10:36:31,DIS,119.92,8,ASK
2020-10-30 10:36:23,DIS,119.86,23,BID
2020-10-30 10:36:32,DIS,119.92,8,ASK
2020-10-30 10:36:23,DIS,119.86,24,BID
2020-10-30 10:36:33,DIS,119.92,8,ASK
2020-10-30 10:36:23,DIS,119.86,18,BID
2020-10-30 10:36:35,DIS,119.93,8,ASK
2020-10-30 10:36:35,DIS,119.87,4,BID
2020-10-30 10:36:35,DIS,119.93,8,ASK
2020-10-30 10:36:37,DIS,119.87,28,BID
2020-10-30 10:36:37,DIS,119.93,8,ASK
2020-10-30 10:36:38,DIS,119.9,14,BID
2020-10-30 10:36:15,DIS,119.99,17,ASK
2020-10-30 10:36:39,DIS,119.89,12,BID
2020-10-30 10:36:39,DIS,119.95,2,ASK
2020-10-30 10:36:39,DIS,119.88,9,BID
2020-10-30 10:36:40,DIS,119.96,12,ASK
2020-10-30 10:36:41,DIS,119.88,11,BID
2020-10-30 10:36:41,DIS,119.94,2,ASK
2020-10-30 10:36:43,DIS,119.89,5,BID
2020-10-30 10:36:43,DIS,119.97,15,ASK
2020-10-30 10:36:43,DIS,119.89,5,BID
2020-10-30 10:36:43,DIS,119.97,15,ASK
2020-10-30 10:36:44,DIS,119.88,17,BID
2020-10-30 10:36:43,DIS,119.97,20,ASK
2020-10-30 10:36:45,DIS,119.88,18,BID
2020-10-30 10:36:45,DIS,119.95,3,ASK
2020-10-30 10:36:46,DIS,119.88,18,BID
2020-10-30 10:36:46,DIS,119.94,3,ASK
2020-10-30 10:36:46,DIS,119.86,16,BID
2020-10-30 10:36:46,DIS,119.9,3,ASK
2020-10-30 10:36:46,DIS,119.86,16,BID
2020-10-30 10:36:46,DIS,119.9,3,ASK
2020-10-30 10:36:47,DIS,119.86,19,BID
2020-10-30 10:36:47,DIS,119.91,4,ASK
2020-10-30 10:36:47,DIS,119.86,19,BID
2020-10-30 10:36:47,DIS,119.91,4,ASK
2020-10-30 10:36:49,DIS,119.88,4,BID
2020-10-30 10:36:49,DIS,119.96,2,ASK
2020-10-30 10:36:49,DIS,119.88,4,BID
2020-10-30 10:36:49,DIS,119.96,2,ASK
2020-10-30 10:36:51,DIS,119.88,16,BID
2020-10-30 10:36:51,DIS,119.95,1,ASK
2020-10-30 10:36:52,DIS,119.9,2,BID
2020-10-30 10:36:52,DIS,119.96,13,ASK
2020-10-30 10:36:53,DIS,119.9,2,BID
2020-10-30 10:36:53,DIS,119.96,1,ASK
2020-10-30 10:36:54,DIS,119.9,2,BID
2020-10-30 10:36:54,DIS,119.96,1,ASK
2020-10-30 10:36:54,DIS,119.9,2,BID
2020-10-30 10:36:54,DIS,119.96,1,ASK
2020-10-30 10:36:55,DIS,119.9,2,BID
2020-10-30 10:36:55,DIS,119.96,1,ASK
2020-10-30 10:36:55,DIS,119.9,2,BID
2020-10-30 10:36:55,DIS,119.96,1,ASK
2020-10-30 10:36:55,DIS,119.9,4,BID
2020-10-30 10:36:55,DIS,119.96,4,ASK
2020-10-30 10:36:55,DIS,119.9,4,BID
2020-10-30 10:36:56,DIS,119.96,6,ASK
2020-10-30 10:36:55,DIS,119.9,4,BID
2020-10-30 10:36:56,DIS,119.96,6,ASK
2020-10-30 10:36:55,DIS,119.9,4,BID
2020-10-30 10:36:56,DIS,119.96,6,ASK
2020-10-30 10:37:00,DIS,119.9,17,BID
2020-10-30 10:36:56,DIS,119.96,6,ASK
2020-10-30 10:37:00,DIS,119.91,18,BID
2020-10-30 10:36:56,DIS,119.96,6,ASK
2020-10-30 10:37:01,DIS,119.94,3,BID
2020-10-30 10:36:39,DIS,119.99,17,ASK
2020-10-30 10:37:02,DIS,119.95,17,BID
2020-10-30 10:37:02,DIS,120.02,2,ASK
2020-10-30 10:37:03,DIS,119.98,5,BID
2020-10-30 10:37:03,DIS,120.02,4,ASK
2020-10-30 10:37:03,DIS,119.98,5,BID
2020-10-30 10:37:03,DIS,120.02,4,ASK
2020-10-30 10:37:05,DIS,119.98,5,BID
2020-10-30 10:37:05,DIS,120.02,2,ASK
2020-10-30 10:37:05,DIS,119.98,5,BID
2020-10-30 10:37:05,DIS,120.02,4,ASK
2020-10-30 10:37:06,DIS,119.98,4,BID
2020-10-30 10:37:06,DIS,120.02,8,ASK
2020-10-30 10:37:07,DIS,119.94,3,BID
2020-10-30 10:37:07,DIS,119.98,5,ASK
2020-10-30 10:37:07,DIS,119.93,17,BID
2020-10-30 10:37:07,DIS,119.98,5,ASK
2020-10-30 10:37:09,DIS,119.93,16,BID
2020-10-30 10:37:07,DIS,119.98,5,ASK
2020-10-30 10:37:09,DIS,119.93,18,BID
2020-10-30 10:37:07,DIS,119.98,5,ASK
2020-10-30 10:37:11,DIS,119.93,16,BID
2020-10-30 10:37:07,DIS,119.98,6,ASK
2020-10-30 10:37:12,DIS,119.92,13,BID
2020-10-30 10:37:07,DIS,119.98,6,ASK
2020-10-30 10:37:13,DIS,119.92,15,BID
2020-10-30 10:37:13,DIS,119.97,7,ASK
2020-10-30 10:37:13,DIS,119.92,13,BID
2020-10-30 10:37:13,DIS,119.97,5,ASK
2020-10-30 10:37:13,DIS,119.92,13,BID
2020-10-30 10:37:13,DIS,119.97,5,ASK
2020-10-30 10:37:15,DIS,119.92,13,BID
2020-10-30 10:37:13,DIS,119.97,5,ASK
2020-10-30 10:37:16,DIS,119.92,2,BID
2020-10-30 10:37:16,DIS,119.97,3,ASK
2020-10-30 10:37:17,DIS,119.91,1,BID
2020-10-30 10:37:17,DIS,119.97,3,ASK
2020-10-30 10:37:18,DIS,119.9,27,BID
2020-10-30 10:37:18,DIS,119.97,3,ASK
2020-10-30 10:37:18,DIS,119.9,27,BID
2020-10-30 10:37:20,DIS,119.97,3,ASK
2020-10-30 10:37:18,DIS,119.9,24,BID
2020-10-30 10:37:21,DIS,119.97,3,ASK
2020-10-30 10:37:22,DIS,119.91,20,BID
2020-10-30 10:37:22,DIS,119.97,3,ASK
2020-10-30 10:37:22,DIS,119.91,24,BID
2020-10-30 10:37:22,DIS,119.97,5,ASK
2020-10-30 10:37:22,DIS,119.98,2,BID
2020-10-30 10:37:22,DIS,120.03,28,ASK
2020-10-30 10:37:23,DIS,119.96,15,BID
2020-10-30 10:37:23,DIS,120.02,15,ASK
2020-10-30 10:37:24,DIS,119.97,10,BID
2020-10-30 10:37:24,DIS,120.02,6,ASK
2020-10-30 10:37:25,DIS,119.91,13,BID
2020-10-30 10:37:25,DIS,119.99,2,ASK
2020-10-30 10:37:26,DIS,119.94,3,BID
2020-10-30 10:37:26,DIS,120.02,14,ASK
2020-10-30 10:37:27,DIS,119.96,1,BID
2020-10-30 10:37:27,DIS,120.04,20,ASK
2020-10-30 10:37:28,DIS,119.94,18,BID
2020-10-30 10:37:28,DIS,120.02,15,ASK
2020-10-30 10:37:30,DIS,119.93,12,BID
2020-10-30 10:37:30,DIS,120.01,2,ASK
2020-10-30 10:37:30,DIS,119.96,3,BID
2020-10-30 10:37:30,DIS,120.04,18,ASK
2020-10-30 10:37:31,DIS,119.96,3,BID
2020-10-30 10:37:31,DIS,120.04,24,ASK
2020-10-30 10:37:31,DIS,119.96,3,BID
2020-10-30 10:37:31,DIS,120.04,18,ASK
2020-10-30 10:37:33,DIS,119.98,3,BID
2020-10-30 10:37:33,DIS,120.04,25,ASK
2020-10-30 10:37:33,DIS,119.98,3,BID
2020-10-30 10:37:33,DIS,120.04,25,ASK
2020-10-30 10:37:34,DIS,119.98,5,BID
2020-10-30 10:37:33,DIS,120.04,25,ASK
2020-10-30 10:37:35,DIS,120.03,3,BID
2020-10-30 10:37:35,DIS,120.07,19,ASK
2020-10-30 10:37:35,DIS,120.04,3,BID
2020-10-30 10:37:35,DIS,120.08,2,ASK
2020-10-30 10:37:35,DIS,120.04,3,BID
2020-10-30 10:37:35,DIS,120.08,2,ASK
2020-10-30 10:37:37,DIS,120.04,2,BID
2020-10-30 10:37:37,DIS,120.1,19,ASK
2020-10-30 10:37:37,DIS,120.04,2,BID
2020-10-30 10:37:37,DIS,120.1,19,ASK
2020-10-30 10:37:38,DIS,120.04,2,BID
2020-10-30 10:37:38,DIS,120.1,20,ASK
2020-10-30 10:37:39,DIS,120.05,3,BID
2020-10-30 10:37:39,DIS,120.1,20,ASK
2020-10-30 10:37:39,DIS,120.05,5,BID
2020-10-30 10:37:39,DIS,120.1,20,ASK
2020-10-30 10:37:39,DIS,120.05,5,BID
2020-10-30 10:37:39,DIS,120.1,20,ASK
2020-10-30 10:37:39,DIS,120.05,5,BID
2020-10-30 10:37:39,DIS,120.1,20,ASK
2020-10-30 10:37:42,DIS,120.05,5,BID
2020-10-30 10:37:42,DIS,120.1,21,ASK
2020-10-30 10:37:43,DIS,120.05,5,BID
2020-10-30 10:37:43,DIS,120.09,2,ASK
2020-10-30 10:37:45,DIS,120.04,3,BID
2020-10-30 10:37:45,DIS,120.08,17,ASK
2020-10-30 10:37:46,DIS,120.01,15,BID
2020-10-30 10:37:46,DIS,120.08,17,ASK
2020-10-30 10:37:46,DIS,120.02,3,BID
2020-10-30 10:37:46,DIS,120.08,15,ASK
2020-10-30 10:37:46,DIS,120.03,3,BID
2020-10-30 10:37:46,DIS,120.08,15,ASK
2020-10-30 10:37:47,DIS,120.07,5,BID
2020-10-30 10:37:47,DIS,120.14,16,ASK
2020-10-30 10:37:47,DIS,120.07,5,BID
2020-10-30 10:37:47,DIS,120.14,16,ASK
2020-10-30 10:37:48,DIS,120.06,15,BID
2020-10-30 10:37:48,DIS,120.14,21,ASK
2020-10-30 10:37:48,DIS,120.06,15,BID
2020-10-30 10:37:49,DIS,120.13,19,ASK
2020-10-30 10:37:48,DIS,120.06,15,BID
2020-10-30 10:37:49,DIS,120.13,19,ASK
2020-10-30 10:37:48,DIS,120.06,15,BID
2020-10-30 10:37:49,DIS,120.13,19,ASK
2020-10-30 10:37:48,DIS,120.06,15,BID
2020-10-30 10:37:52,DIS,120.13,17,ASK
2020-10-30 10:37:48,DIS,120.06,15,BID
2020-10-30 10:37:52,DIS,120.13,17,ASK
2020-10-30 10:37:48,DIS,120.06,15,BID
2020-10-30 10:37:52,DIS,120.13,17,ASK
2020-10-30 10:37:53,DIS,120.08,3,BID
2020-10-30 10:37:53,DIS,120.13,17,ASK
2020-10-30 10:37:53,DIS,120.08,3,BID
2020-10-30 10:37:53,DIS,120.13,17,ASK
2020-10-30 10:37:53,DIS,120.08,3,BID
2020-10-30 10:37:53,DIS,120.13,17,ASK
2020-10-30 10:37:53,DIS,120.08,3,BID
2020-10-30 10:37:53,DIS,120.13,17,ASK
2020-10-30 10:37:53,DIS,120.08,3,BID
2020-10-30 10:37:53,DIS,120.13,17,ASK
2020-10-30 10:37:53,DIS,120.08,3,BID
2020-10-30 10:37:53,DIS,120.13,17,ASK
2020-10-30 10:37:53,DIS,120.08,3,BID
2020-10-30 10:37:58,DIS,120.13,17,ASK
2020-10-30 10:38:00,DIS,120.08,3,BID
2020-10-30 10:38:00,DIS,120.13,17,ASK
2020-10-30 10:38:00,DIS,120.07,1,BID
2020-10-30 10:38:00,DIS,120.13,19,ASK
2020-10-30 10:38:01,DIS,120.08,2,BID
2020-10-30 10:38:01,DIS,120.13,17,ASK
2020-10-30 10:38:01,DIS,120.07,3,BID
2020-10-30 10:38:01,DIS,120.13,17,ASK
2020-10-30 10:38:02,DIS,120.08,2,BID
2020-10-30 10:38:02,DIS,120.13,17,ASK
2020-10-30 10:38:03,DIS,120.07,3,BID
2020-10-30 10:38:03,DIS,120.13,17,ASK
2020-10-30 10:38:03,DIS,120.07,3,BID
2020-10-30 10:38:03,DIS,120.13,17,ASK
2020-10-30 10:38:03,DIS,120.07,3,BID
2020-10-30 10:38:03,DIS,120.13,17,ASK
2020-10-30 10:38:03,DIS,120.07,3,BID
2020-10-30 10:38:03,DIS,120.13,17,ASK
2020-10-30 10:38:03,DIS,120.07,3,BID
2020-10-30 10:38:03,DIS,120.13,17,ASK
2020-10-30 10:38:03,DIS,120.07,3,BID
2020-10-30 10:38:03,DIS,120.13,17,ASK
2020-10-30 10:38:03,DIS,120.07,3,BID
2020-10-30 10:38:03,DIS,120.13,17,ASK
2020-10-30 10:38:03,DIS,120.07,3,BID
2020-10-30 10:38:03,DIS,120.13,17,ASK
2020-10-30 10:38:03,DIS,120.07,3,BID
2020-10-30 10:38:03,DIS,120.13,17,ASK
2020-10-30 10:38:03,DIS,120.07,3,BID
2020-10-30 10:38:03,DIS,120.13,17,ASK
2020-10-30 10:38:12,DIS,120.01,20,BID
2020-10-30 10:38:12,DIS,120.09,6,ASK
2020-10-30 10:38:13,DIS,120.0,11,BID
2020-10-30 10:38:13,DIS,120.07,5,ASK
2020-10-30 10:38:13,DIS,120.0,11,BID
2020-10-30 10:38:13,DIS,120.07,5,ASK
2020-10-30 10:38:13,DIS,120.0,11,BID
2020-10-30 10:38:13,DIS,120.07,5,ASK
2020-10-30 10:38:16,DIS,120.01,3,BID
2020-10-30 10:38:16,DIS,120.07,5,ASK
2020-10-30 10:38:15,DIS,120.0,7,BID
2020-10-30 10:38:17,DIS,120.07,5,ASK
2020-10-30 10:38:15,DIS,120.0,7,BID
2020-10-30 10:38:17,DIS,120.06,13,ASK
2020-10-30 10:38:18,DIS,119.99,11,BID
2020-10-30 10:38:18,DIS,120.06,9,ASK
2020-10-30 10:38:19,DIS,120.01,3,BID
2020-10-30 10:38:19,DIS,120.06,10,ASK
2020-10-30 10:38:20,DIS,120.01,3,BID
2020-10-30 10:38:20,DIS,120.06,10,ASK
2020-10-30 10:38:21,DIS,120.04,4,BID
2020-10-30 10:38:21,DIS,120.09,19,ASK
2020-10-30 10:38:23,DIS,120.06,3,BID
2020-10-30 10:38:22,DIS,120.09,20,ASK
2020-10-30 10:38:23,DIS,120.06,3,BID
2020-10-30 10:38:22,DIS,120.09,14,ASK
2020-10-30 10:38:25,DIS,120.04,2,BID
2020-10-30 10:38:25,DIS,120.08,2,ASK
2020-10-30 10:38:27,DIS,120.03,4,BID
2020-10-30 10:38:27,DIS,120.08,5,ASK
2020-10-30 10:38:28,DIS,120.03,4,BID
2020-10-30 10:38:28,DIS,120.08,10,ASK
2020-10-30 10:38:28,DIS,120.03,1,BID
2020-10-30 10:38:28,DIS,120.06,1,ASK
2020-10-30 10:38:30,DIS,120.01,18,BID
2020-10-30 10:38:30,DIS,120.06,3,ASK
2020-10-30 10:38:32,DIS,120.01,18,BID
2020-10-30 10:38:32,DIS,120.06,3,ASK
2020-10-30 10:38:33,DIS,120.01,20,BID
2020-10-30 10:38:33,DIS,120.06,3,ASK
2020-10-30 10:38:33,DIS,120.01,20,BID
2020-10-30 10:38:33,DIS,120.06,3,ASK
2020-10-30 10:38:35,DIS,120.01,20,BID
2020-10-30 10:38:35,DIS,120.05,10,ASK
2020-10-30 10:38:35,DIS,119.98,1,BID
2020-10-30 10:38:35,DIS,120.04,3,ASK
2020-10-30 10:38:36,DIS,119.98,1,BID
2020-10-30 10:38:36,DIS,120.04,5,ASK
2020-10-30 10:38:37,DIS,119.99,16,BID
2020-10-30 10:38:37,DIS,120.04,6,ASK
2020-10-30 10:38:37,DIS,120.0,5,BID
2020-10-30 10:38:37,DIS,120.04,6,ASK
2020-10-30 10:38:38,DIS,120.0,10,BID
2020-10-30 10:38:37,DIS,120.04,6,ASK
2020-10-30 10:38:39,DIS,120.04,1,BID
2020-10-30 10:38:39,DIS,120.08,18,ASK
2020-10-30 10:38:40,DIS,120.04,3,BID
2020-10-30 10:38:40,DIS,120.08,18,ASK
2020-10-30 10:38:41,DIS,120.05,4,BID
2020-10-30 10:38:41,DIS,120.07,1,ASK
2020-10-30 10:38:42,DIS,120.06,20,BID
2020-10-30 10:38:42,DIS,120.1,4,ASK
2020-10-30 10:38:44,DIS,120.07,6,BID
2020-10-30 10:38:43,DIS,120.13,23,ASK
2020-10-30 10:38:45,DIS,120.07,19,BID
2020-10-30 10:38:44,DIS,120.13,24,ASK
2020-10-30 10:38:45,DIS,120.07,19,BID
2020-10-30 10:38:44,DIS,120.13,15,ASK
2020-10-30 10:38:47,DIS,120.09,3,BID
2020-10-30 10:38:47,DIS,120.13,16,ASK
2020-10-30 10:38:48,DIS,120.09,3,BID
2020-10-30 10:38:47,DIS,120.13,16,ASK
2020-10-30 10:38:50,DIS,120.13,4,BID
2020-10-30 10:38:50,DIS,120.18,1,ASK
2020-10-30 10:38:50,DIS,120.16,1,BID
2020-10-30 10:38:50,DIS,120.19,1,ASK
2020-10-30 10:38:51,DIS,120.17,1,BID
2020-10-30 10:38:51,DIS,120.2,1,ASK
2020-10-30 10:38:51,DIS,120.19,2,BID
2020-10-30 10:38:51,DIS,120.21,1,ASK
2020-10-30 10:38:52,DIS,120.19,2,BID
2020-10-30 10:38:52,DIS,120.23,8,ASK
2020-10-30 10:38:53,DIS,120.2,4,BID
2020-10-30 10:38:53,DIS,120.23,9,ASK
2020-10-30 10:38:53,DIS,120.2,6,BID
2020-10-30 10:38:53,DIS,120.23,9,ASK
2020-10-30 10:38:54,DIS,120.21,4,BID
2020-10-30 10:38:54,DIS,120.25,1,ASK
2020-10-30 10:38:55,DIS,120.21,6,BID
2020-10-30 10:38:55,DIS,120.24,2,ASK
2020-10-30 10:38:55,DIS,120.21,7,BID
2020-10-30 10:38:56,DIS,120.24,3,ASK
2020-10-30 10:38:55,DIS,120.21,7,BID
2020-10-30 10:31:47,DIS,120.26,9,ASK
2020-10-30 10:38:55,DIS,120.21,7,BID
2020-10-30 10:38:59,DIS,120.24,1,ASK
2020-10-30 10:39:00,DIS,120.22,5,BID
2020-10-30 10:39:00,DIS,120.25,4,ASK
2020-10-30 10:39:01,DIS,120.2,4,BID
2020-10-30 10:39:01,DIS,120.24,2,ASK
2020-10-30 10:39:01,DIS,120.2,7,BID
2020-10-30 10:39:02,DIS,120.25,3,ASK
2020-10-30 10:39:01,DIS,120.2,7,BID
2020-10-30 10:39:02,DIS,120.25,4,ASK
2020-10-30 10:39:03,DIS,120.2,7,BID
2020-10-30 10:39:02,DIS,120.25,4,ASK
2020-10-30 10:39:03,DIS,120.2,7,BID
2020-10-30 10:39:02,DIS,120.25,4,ASK
2020-10-30 10:39:04,DIS,120.16,7,BID
2020-10-30 10:39:04,DIS,120.22,3,ASK
2020-10-30 10:39:04,DIS,120.16,11,BID
2020-10-30 10:39:04,DIS,120.22,9,ASK
2020-10-30 10:39:06,DIS,120.16,15,BID
2020-10-30 10:39:06,DIS,120.22,11,ASK
2020-10-30 10:39:07,DIS,120.15,1,BID
2020-10-30 10:39:07,DIS,120.19,3,ASK
2020-10-30 10:39:07,DIS,120.15,1,BID
2020-10-30 10:39:07,DIS,120.19,3,ASK
2020-10-30 10:39:07,DIS,120.15,1,BID
2020-10-30 10:39:07,DIS,120.19,3,ASK
2020-10-30 10:39:07,DIS,120.15,1,BID
2020-10-30 10:39:07,DIS,120.19,3,ASK
2020-10-30 10:38:50,DIS,120.11,8,BID
2020-10-30 10:39:10,DIS,120.18,6,ASK
2020-10-30 10:39:12,DIS,120.12,4,BID
2020-10-30 10:39:12,DIS,120.18,12,ASK
2020-10-30 10:39:12,DIS,120.12,2,BID
2020-10-30 10:39:12,DIS,120.18,17,ASK
2020-10-30 10:39:12,DIS,120.11,24,BID
2020-10-30 10:39:12,DIS,120.18,17,ASK
2020-10-30 10:39:15,DIS,120.12,1,BID
2020-10-30 10:39:12,DIS,120.18,17,ASK
2020-10-30 10:39:17,DIS,120.12,11,BID
2020-10-30 10:39:12,DIS,120.18,17,ASK
2020-10-30 10:39:20,DIS,120.15,5,BID
2020-10-30 10:39:20,DIS,120.21,3,ASK
2020-10-30 10:39:21,DIS,120.12,3,BID
2020-10-30 10:39:21,DIS,120.18,13,ASK
2020-10-30 10:39:24,DIS,120.12,3,BID
2020-10-30 10:39:21,DIS,120.18,13,ASK
2020-10-30 10:39:26,DIS,120.12,3,BID
2020-10-30 10:39:26,DIS,120.17,5,ASK
2020-10-30 10:39:27,DIS,120.12,1,BID
2020-10-30 10:39:28,DIS,120.17,17,ASK
2020-10-30 10:39:28,DIS,120.12,1,BID
2020-10-30 10:39:28,DIS,120.17,17,ASK
2020-10-30 10:39:28,DIS,120.12,1,BID
2020-10-30 10:39:28,DIS,120.17,17,ASK
2020-10-30 10:39:30,DIS,120.12,1,BID
2020-10-30 10:39:28,DIS,120.17,17,ASK
2020-10-30 10:39:32,DIS,120.12,4,BID
2020-10-30 10:39:28,DIS,120.17,17,ASK
2020-10-30 10:39:32,DIS,120.12,4,BID
2020-10-30 10:39:28,DIS,120.17,17,ASK
2020-10-30 10:39:32,DIS,120.12,4,BID
2020-10-30 10:39:28,DIS,120.17,17,ASK
2020-10-30 10:39:32,DIS,120.12,4,BID
2020-10-30 10:39:28,DIS,120.17,17,ASK
2020-10-30 10:39:36,DIS,120.04,6,BID
2020-10-30 10:39:36,DIS,120.1,3,ASK
2020-10-30 10:39:36,DIS,120.04,6,BID
2020-10-30 10:39:36,DIS,120.1,3,ASK
2020-10-30 10:39:37,DIS,120.04,6,BID
2020-10-30 10:39:37,DIS,120.1,12,ASK
2020-10-30 10:39:39,DIS,120.04,6,BID
2020-10-30 10:39:39,DIS,120.09,3,ASK
2020-10-30 10:39:40,DIS,120.04,6,BID
2020-10-30 10:39:40,DIS,120.08,5,ASK
2020-10-30 10:39:40,DIS,120.04,6,BID
2020-10-30 10:39:40,DIS,120.08,5,ASK
2020-10-30 10:39:40,DIS,120.04,6,BID
2020-10-30 10:39:40,DIS,120.08,5,ASK
2020-10-30 10:39:46,DIS,120.06,2,BID
2020-10-30 10:39:44,DIS,120.08,5,ASK
2020-10-30 10:39:46,DIS,120.06,2,BID
2020-10-30 10:39:44,DIS,120.08,5,ASK
2020-10-30 10:39:46,DIS,120.07,2,BID
2020-10-30 10:39:46,DIS,120.13,9,ASK
2020-10-30 10:39:47,DIS,120.07,4,BID
2020-10-30 10:39:46,DIS,120.13,9,ASK
2020-10-30 10:39:47,DIS,120.07,4,BID
2020-10-30 10:39:47,DIS,120.1,2,ASK
2020-10-30 10:39:47,DIS,120.07,4,BID
2020-10-30 10:39:47,DIS,120.1,2,ASK
2020-10-30 10:39:49,DIS,120.07,3,BID
2020-10-30 10:39:49,DIS,120.1,5,ASK
2020-10-30 10:39:51,DIS,120.07,3,BID
2020-10-30 10:39:51,DIS,120.1,4,ASK
2020-10-30 10:39:53,DIS,120.09,13,BID
2020-10-30 10:39:28,DIS,120.17,16,ASK
2020-10-30 10:39:54,DIS,120.09,15,BID
2020-10-30 10:39:55,DIS,120.18,13,ASK
2020-10-30 10:39:54,DIS,120.09,15,BID
2020-10-30 10:39:55,DIS,120.18,13,ASK
2020-10-30 10:39:57,DIS,120.12,14,BID
2020-10-30 10:39:57,DIS,120.18,12,ASK
2020-10-30 10:39:57,DIS,120.12,14,BID
2020-10-30 10:39:57,DIS,120.18,12,ASK
2020-10-30 10:40:00,DIS,120.12,13,BID
2020-10-30 10:40:00,DIS,120.18,12,ASK
2020-10-30 10:40:00,DIS,120.11,11,BID
2020-10-30 10:40:00,DIS,120.16,9,ASK
2020-10-30 10:40:00,DIS,120.09,17,BID
2020-10-30 10:40:00,DIS,120.16,19,ASK
2020-10-30 10:40:00,DIS,120.09,15,BID
2020-10-30 10:40:00,DIS,120.14,3,ASK
2020-10-30 10:40:00,DIS,120.09,15,BID
2020-10-30 10:40:00,DIS,120.14,3,ASK
2020-10-30 10:40:00,DIS,120.09,15,BID
2020-10-30 10:40:00,DIS,120.14,3,ASK
2020-10-30 10:40:00,DIS,120.09,15,BID
2020-10-30 10:40:00,DIS,120.14,3,ASK
2020-10-30 10:40:00,DIS,120.09,15,BID
2020-10-30 10:40:00,DIS,120.14,3,ASK
2020-10-30 10:40:00,DIS,120.09,15,BID
2020-10-30 10:40:00,DIS,120.14,3,ASK
2020-10-30 10:40:00,DIS,120.09,15,BID
2020-10-30 10:40:00,DIS,120.14,3,ASK
2020-10-30 10:40:02,DIS,120.06,3,BID
2020-10-30 10:40:02,DIS,120.14,3,ASK
2020-10-30 10:40:02,DIS,120.04,14,BID
2020-10-30 10:40:03,DIS,120.1,19,ASK
2020-10-30 10:40:02,DIS,120.04,14,BID
2020-10-30 10:40:03,DIS,120.1,19,ASK
2020-10-30 10:40:02,DIS,120.04,14,BID
2020-10-30 10:40:03,DIS,120.1,19,ASK
2020-10-30 10:40:06,DIS,120.03,4,BID
2020-10-30 10:40:06,DIS,120.06,6,ASK
2020-10-30 10:40:07,DIS,120.03,3,BID
2020-10-30 10:40:07,DIS,120.05,2,ASK
2020-10-30 10:40:08,DIS,120.05,3,BID
2020-10-30 10:40:08,DIS,120.11,3,ASK
2020-10-30 10:40:09,DIS,120.05,3,BID
2020-10-30 10:40:09,DIS,120.12,3,ASK
2020-10-30 10:40:10,DIS,120.04,12,BID
2020-10-30 10:40:10,DIS,120.1,4,ASK
2020-10-30 10:40:11,DIS,120.04,12,BID
2020-10-30 10:40:10,DIS,120.1,4,ASK
2020-10-30 10:40:12,DIS,120.04,12,BID
2020-10-30 10:40:12,DIS,120.08,6,ASK
2020-10-30 10:40:13,DIS,120.0,11,BID
2020-10-30 10:40:13,DIS,120.06,12,ASK
2020-10-30 10:37:33,DIS,119.97,4,BID
2020-10-30 10:40:13,DIS,120.04,4,ASK
2020-10-30 10:37:32,DIS,119.95,9,BID
2020-10-30 10:40:14,DIS,120.0,3,ASK
2020-10-30 10:40:14,DIS,119.95,11,BID
2020-10-30 10:40:14,DIS,120.02,4,ASK
2020-10-30 10:40:17,DIS,120.0,9,BID
2020-10-30 10:40:17,DIS,120.07,4,ASK
2020-10-30 10:40:17,DIS,120.0,9,BID
2020-10-30 10:40:17,DIS,120.07,4,ASK
2020-10-30 10:40:17,DIS,120.0,14,BID
2020-10-30 10:40:18,DIS,120.07,4,ASK
2020-10-30 10:40:17,DIS,120.0,14,BID
2020-10-30 10:40:18,DIS,120.07,4,ASK
2020-10-30 10:40:17,DIS,120.0,14,BID
2020-10-30 10:40:18,DIS,120.07,4,ASK
2020-10-30 10:40:17,DIS,120.0,14,BID
2020-10-30 10:40:18,DIS,120.07,4,ASK
2020-10-30 10:40:17,DIS,120.0,14,BID
2020-10-30 10:40:18,DIS,120.07,4,ASK
2020-10-30 10:40:17,DIS,120.0,14,BID
2020-10-30 10:40:18,DIS,120.07,4,ASK
2020-10-30 10:40:19,DIS,120.02,3,BID
2020-10-30 10:40:19,DIS,120.06,3,ASK
2020-10-30 10:40:19,DIS,120.02,3,BID
2020-10-30 10:40:19,DIS,120.06,3,ASK
2020-10-30 10:40:28,DIS,120.01,4,BID
2020-10-30 10:40:28,DIS,120.06,1,ASK
2020-10-30 10:40:30,DIS,120.02,3,BID
2020-10-30 10:40:30,DIS,120.06,18,ASK
2020-10-30 10:40:31,DIS,120.01,2,BID
2020-10-30 10:40:31,DIS,120.05,13,ASK
2020-10-30 10:40:32,DIS,120.0,2,BID
2020-10-30 10:40:32,DIS,120.03,7,ASK
2020-10-30 10:40:32,DIS,120.0,2,BID
2020-10-30 10:40:32,DIS,120.04,15,ASK
2020-10-30 10:40:33,DIS,120.0,2,BID
2020-10-30 10:40:32,DIS,120.04,15,ASK
2020-10-30 10:40:34,DIS,120.0,1,BID
2020-10-30 10:40:32,DIS,120.04,14,ASK
2020-10-30 10:40:35,DIS,119.97,13,BID
2020-10-30 10:40:35,DIS,120.03,7,ASK
2020-10-30 10:40:36,DIS,120.0,1,BID
2020-10-30 10:40:36,DIS,120.03,9,ASK
2020-10-30 10:40:37,DIS,120.01,11,BID
2020-10-30 10:40:37,DIS,120.06,29,ASK
2020-10-30 10:40:37,DIS,120.01,11,BID
2020-10-30 10:40:37,DIS,120.06,29,ASK
2020-10-30 10:40:40,DIS,120.04,1,BID
2020-10-30 10:40:40,DIS,120.06,1,ASK
2020-10-30 10:40:40,DIS,120.04,1,BID
2020-10-30 10:40:41,DIS,120.07,8,ASK
2020-10-30 10:40:42,DIS,120.04,1,BID
2020-10-30 10:40:42,DIS,120.07,8,ASK
2020-10-30 10:40:43,DIS,120.0,2,BID
2020-10-30 10:40:43,DIS,120.06,8,ASK
2020-10-30 10:40:45,DIS,120.02,14,BID
2020-10-30 10:40:45,DIS,120.07,7,ASK
2020-10-30 10:40:45,DIS,120.01,10,BID
2020-10-30 10:40:46,DIS,120.07,7,ASK
2020-10-30 10:40:46,DIS,120.01,12,BID
2020-10-30 10:40:46,DIS,120.07,8,ASK
2020-10-30 10:40:47,DIS,120.01,12,BID
2020-10-30 10:40:48,DIS,120.06,1,ASK
2020-10-30 10:40:47,DIS,120.01,12,BID
2020-10-30 10:40:49,DIS,120.07,14,ASK
2020-10-30 10:40:51,DIS,120.0,9,BID
2020-10-30 10:40:51,DIS,120.04,4,ASK
2020-10-30 10:40:51,DIS,120.0,9,BID
2020-10-30 10:40:51,DIS,120.05,2,ASK
2020-10-30 10:40:53,DIS,120.0,9,BID
2020-10-30 10:40:53,DIS,120.06,3,ASK
2020-10-30 10:40:54,DIS,120.01,4,BID
2020-10-30 10:40:54,DIS,120.07,6,ASK
2020-10-30 10:40:55,DIS,120.02,2,BID
2020-10-30 10:40:55,DIS,120.07,5,ASK
2020-10-30 10:40:55,DIS,120.02,2,BID
2020-10-30 10:40:55,DIS,120.07,5,ASK
2020-10-30 10:40:55,DIS,120.03,3,BID
2020-10-30 10:40:55,DIS,120.07,8,ASK
2020-10-30 10:40:57,DIS,120.02,3,BID
2020-10-30 10:40:57,DIS,120.07,5,ASK
2020-10-30 10:40:58,DIS,120.02,3,BID
2020-10-30 10:40:58,DIS,120.06,3,ASK
2020-10-30 10:40:59,DIS,120.02,3,BID
2020-10-30 10:40:59,DIS,120.06,3,ASK
2020-10-30 10:41:00,DIS,120.02,10,BID
2020-10-30 10:41:00,DIS,120.07,7,ASK
2020-10-30 10:41:00,DIS,120.02,10,BID
2020-10-30 10:41:01,DIS,120.07,8,ASK
2020-10-30 10:41:00,DIS,120.02,13,BID
2020-10-30 10:41:01,DIS,120.07,8,ASK
2020-10-30 10:41:00,DIS,120.02,17,BID
2020-10-30 10:41:03,DIS,120.07,8,ASK
2020-10-30 10:41:04,DIS,120.03,2,BID
2020-10-30 10:41:03,DIS,120.07,8,ASK
2020-10-30 10:41:04,DIS,120.03,2,BID
2020-10-30 10:41:03,DIS,120.07,8,ASK
2020-10-30 10:41:04,DIS,120.03,2,BID
2020-10-30 10:41:03,DIS,120.07,8,ASK
2020-10-30 10:41:06,DIS,120.03,5,BID
2020-10-30 10:41:07,DIS,120.07,8,ASK
2020-10-30 10:40:53,DIS,120.0,15,BID
2020-10-30 10:41:08,DIS,120.07,6,ASK
2020-10-30 10:41:09,DIS,120.0,12,BID
2020-10-30 10:41:09,DIS,120.05,3,ASK
2020-10-30 10:41:09,DIS,120.0,9,BID
2020-10-30 10:41:10,DIS,120.03,1,ASK
2020-10-30 10:41:11,DIS,119.99,1,BID
2020-10-30 10:41:11,DIS,120.03,5,ASK
2020-10-30 10:41:12,DIS,120.0,2,BID
2020-10-30 10:41:11,DIS,120.03,5,ASK
2020-10-30 10:41:14,DIS,119.98,3,BID
2020-10-30 10:41:14,DIS,120.04,5,ASK
2020-10-30 10:41:16,DIS,119.96,12,BID
2020-10-30 10:41:16,DIS,120.03,3,ASK
2020-10-30 10:41:16,DIS,119.96,13,BID
2020-10-30 10:41:16,DIS,120.03,12,ASK
2020-10-30 10:41:17,DIS,119.97,11,BID
2020-10-30 10:41:17,DIS,120.03,11,ASK
2020-10-30 10:41:18,DIS,119.96,17,BID
2020-10-30 10:41:18,DIS,120.01,3,ASK
2020-10-30 10:41:18,DIS,119.96,17,BID
2020-10-30 10:41:18,DIS,120.01,3,ASK
2020-10-30 10:41:20,DIS,119.96,17,BID
2020-10-30 10:41:20,DIS,120.0,3,ASK
2020-10-30 10:41:20,DIS,119.96,17,BID
2020-10-30 10:41:20,DIS,120.0,3,ASK
2020-10-30 10:37:26,DIS,119.91,14,BID
2020-10-30 10:41:22,DIS,119.97,13,ASK
2020-10-30 10:41:22,DIS,119.91,11,BID
2020-10-30 10:41:22,DIS,119.97,15,ASK
2020-10-30 10:41:22,DIS,119.91,11,BID
2020-10-30 10:41:22,DIS,119.97,15,ASK
2020-10-30 10:41:22,DIS,119.92,2,BID
2020-10-30 10:41:22,DIS,119.96,2,ASK
2020-10-30 10:41:23,DIS,119.92,2,BID
2020-10-30 10:41:23,DIS,119.97,21,ASK
2020-10-30 10:41:24,DIS,119.92,2,BID
2020-10-30 10:41:24,DIS,119.97,22,ASK
2020-10-30 10:41:24,DIS,119.92,2,BID
2020-10-30 10:41:24,DIS,119.97,22,ASK
2020-10-30 10:41:26,DIS,119.91,13,BID
2020-10-30 10:41:26,DIS,119.95,4,ASK
2020-10-30 10:41:26,DIS,119.91,13,BID
2020-10-30 10:41:26,DIS,119.95,6,ASK
2020-10-30 10:41:26,DIS,119.91,13,BID
2020-10-30 10:41:26,DIS,119.95,6,ASK
2020-10-30 10:41:27,DIS,119.91,12,BID
2020-10-30 10:41:27,DIS,119.95,6,ASK
2020-10-30 10:41:28,DIS,119.91,12,BID
2020-10-30 10:41:28,DIS,119.95,12,ASK
2020-10-30 10:41:30,DIS,119.91,12,BID
2020-10-30 10:41:28,DIS,119.95,11,ASK
2020-10-30 10:41:30,DIS,119.91,12,BID
2020-10-30 10:41:28,DIS,119.95,11,ASK
2020-10-30 10:41:32,DIS,119.92,2,BID
2020-10-30 10:41:28,DIS,119.95,11,ASK
2020-10-30 10:41:34,DIS,119.89,1,BID
2020-10-30 10:41:33,DIS,119.94,16,ASK
2020-10-30 10:41:35,DIS,119.89,1,BID
2020-10-30 10:41:35,DIS,119.9,4,ASK
2020-10-30 10:41:36,DIS,119.86,3,BID
2020-10-30 10:41:36,DIS,119.9,4,ASK
2020-10-30 10:41:36,DIS,119.86,3,BID
2020-10-30 10:41:36,DIS,119.9,4,ASK
2020-10-30 10:41:38,DIS,119.86,1,BID
2020-10-30 10:41:38,DIS,119.88,3,ASK
2020-10-30 10:41:39,DIS,119.82,8,BID
2020-10-30 10:41:39,DIS,119.86,3,ASK
2020-10-30 10:41:39,DIS,119.82,8,BID
2020-10-30 10:41:40,DIS,119.85,3,ASK
2020-10-30 10:41:41,DIS,119.79,6,BID
2020-10-30 10:41:41,DIS,119.85,3,ASK
2020-10-30 10:41:41,DIS,119.79,6,BID
2020-10-30 10:41:41,DIS,119.85,3,ASK
2020-10-30 10:41:43,DIS,119.81,16,BID
2020-10-30 10:41:43,DIS,119.89,6,ASK
2020-10-30 10:41:44,DIS,119.82,1,BID
2020-10-30 10:41:44,DIS,119.87,3,ASK
2020-10-30 10:41:45,DIS,119.87,2,BID
2020-10-30 10:41:43,DIS,119.91,17,ASK
2020-10-30 10:41:45,DIS,119.85,13,BID
2020-10-30 10:41:45,DIS,119.91,18,ASK
2020-10-30 10:41:46,DIS,119.88,1,BID
2020-10-30 10:41:45,DIS,119.92,5,ASK
2020-10-30 10:41:46,DIS,119.88,1,BID
2020-10-30 10:41:46,DIS,119.92,11,ASK
2020-10-30 10:41:46,DIS,119.88,1,BID
2020-10-30 10:41:46,DIS,119.92,11,ASK
2020-10-30 10:41:48,DIS,119.88,1,BID
2020-10-30 10:41:48,DIS,119.92,11,ASK
2020-10-30 10:41:50,DIS,119.86,3,BID
2020-10-30 10:41:50,DIS,119.93,2,ASK
2020-10-30 10:41:49,DIS,119.85,16,BID
2020-10-30 10:41:50,DIS,119.9,2,ASK
2020-10-30 10:41:49,DIS,119.85,13,BID
2020-10-30 10:41:50,DIS,119.9,5,ASK
2020-10-30 10:41:49,DIS,119.85,13,BID
2020-10-30 10:41:50,DIS,119.9,5,ASK
2020-10-30 10:41:49,DIS,119.85,13,BID
2020-10-30 10:41:51,DIS,119.88,5,ASK
2020-10-30 10:41:49,DIS,119.85,14,BID
2020-10-30 10:41:51,DIS,119.9,6,ASK
2020-10-30 10:41:49,DIS,119.85,14,BID
2020-10-30 10:41:54,DIS,119.9,6,ASK
2020-10-30 10:41:54,DIS,119.85,16,BID
2020-10-30 10:41:54,DIS,119.9,7,ASK
2020-10-30 10:41:55,DIS,119.85,18,BID
2020-10-30 10:41:54,DIS,119.9,7,ASK
2020-10-30 10:41:56,DIS,119.87,3,BID
2020-10-30 10:41:56,DIS,119.93,2,ASK
2020-10-30 10:41:58,DIS,119.89,2,BID
2020-10-30 10:41:28,DIS,119.95,10,ASK
2020-10-30 10:41:58,DIS,119.91,4,BID
2020-10-30 10:41:58,DIS,119.98,1,ASK
2020-10-30 10:41:59,DIS,119.89,8,BID
2020-10-30 10:41:59,DIS,119.94,2,ASK
2020-10-30 10:41:58,DIS,119.87,10,BID
2020-10-30 10:42:00,DIS,119.91,5,ASK
2020-10-30 10:41:58,DIS,119.87,10,BID
2020-10-30 10:42:00,DIS,119.92,5,ASK
2020-10-30 10:42:01,DIS,119.85,18,BID
2020-10-30 10:42:01,DIS,119.92,4,ASK
2020-10-30 10:42:02,DIS,119.85,18,BID
2020-10-30 10:42:02,DIS,119.92,4,ASK
2020-10-30 10:42:03,DIS,119.83,11,BID
2020-10-30 10:42:03,DIS,119.9,2,ASK
2020-10-30 10:41:44,DIS,119.81,13,BID
2020-10-30 10:42:03,DIS,119.88,3,ASK
2020-10-30 10:42:04,DIS,119.77,6,BID
2020-10-30 10:42:04,DIS,119.84,5,ASK
2020-10-30 10:42:04,DIS,119.77,6,BID
2020-10-30 10:42:04,DIS,119.84,5,ASK
2020-10-30 10:42:05,DIS,119.77,10,BID
2020-10-30 10:42:05,DIS,119.84,3,ASK
2020-10-30 10:42:05,DIS,119.77,10,BID
2020-10-30 10:42:05,DIS,119.84,2,ASK
2020-10-30 10:42:05,DIS,119.77,10,BID
2020-10-30 10:42:05,DIS,119.84,2,ASK
2020-10-30 10:42:05,DIS,119.77,10,BID
2020-10-30 10:42:06,DIS,119.84,3,ASK
2020-10-30 10:42:07,DIS,119.77,10,BID
2020-10-30 10:42:08,DIS,119.83,5,ASK
2020-10-30 10:42:07,DIS,119.77,10,BID
2020-10-30 10:42:09,DIS,119.84,7,ASK
2020-10-30 10:42:10,DIS,119.78,4,BID
2020-10-30 10:42:10,DIS,119.84,3,ASK
2020-10-30 10:42:11,DIS,119.78,2,BID
2020-10-30 10:42:11,DIS,119.86,14,ASK
2020-10-30 10:42:12,DIS,119.78,15,BID
2020-10-30 10:42:12,DIS,119.83,3,ASK
2020-10-30 10:42:13,DIS,119.8,13,BID
2020-10-30 10:42:13,DIS,119.87,2,ASK
2020-10-30 10:42:14,DIS,119.8,7,BID
2020-10-30 10:42:14,DIS,119.89,1,ASK
2020-10-30 10:42:15,DIS,119.79,18,BID
2020-10-30 10:42:15,DIS,119.87,2,ASK
2020-10-30 10:42:16,DIS,119.8,4,BID
2020-10-30 10:42:16,DIS,119.87,1,ASK
2020-10-30 10:42:17,DIS,119.8,5,BID
2020-10-30 10:42:17,DIS,119.87,2,ASK
2020-10-30 10:42:18,DIS,119.8,6,BID
2020-10-30 10:42:18,DIS,119.85,1,ASK
2020-10-30 10:42:05,DIS,119.77,10,BID
2020-10-30 10:42:18,DIS,119.82,2,ASK
2020-10-30 10:42:19,DIS,119.77,6,BID
2020-10-30 10:42:19,DIS,119.83,18,ASK
2020-10-30 10:42:21,DIS,119.78,7,BID
2020-10-30 10:42:18,DIS,119.85,11,ASK
2020-10-30 10:42:22,DIS,119.78,8,BID
2020-10-30 10:42:22,DIS,119.84,13,ASK
2020-10-30 10:42:23,DIS,119.78,8,BID
2020-10-30 10:42:23,DIS,119.84,14,ASK
2020-10-30 10:42:23,DIS,119.78,8,BID
2020-10-30 10:42:23,DIS,119.84,14,ASK
2020-10-30 10:42:26,DIS,119.82,6,BID
2020-10-30 10:42:15,DIS,119.89,4,ASK
2020-10-30 10:42:27,DIS,119.82,7,BID
2020-10-30 10:42:15,DIS,119.89,4,ASK
2020-10-30 10:42:27,DIS,119.82,7,BID
2020-10-30 10:42:27,DIS,119.89,6,ASK
2020-10-30 10:42:29,DIS,119.82,7,BID
2020-10-30 10:42:29,DIS,119.9,5,ASK
2020-10-30 10:42:30,DIS,119.82,7,BID
2020-10-30 10:42:30,DIS,119.87,3,ASK
2020-10-30 10:42:31,DIS,119.82,7,BID
2020-10-30 10:42:31,DIS,119.87,10,ASK
2020-10-30 10:42:34,DIS,119.77,7,BID
2020-10-30 10:42:33,DIS,119.83,18,ASK
2020-10-30 10:42:35,DIS,119.77,9,BID
2020-10-30 10:42:35,DIS,119.82,1,ASK
2020-10-30 10:42:35,DIS,119.77,9,BID
2020-10-30 10:42:35,DIS,119.82,1,ASK
2020-10-30 10:42:37,DIS,119.78,5,BID
2020-10-30 10:42:37,DIS,119.82,11,ASK
2020-10-30 10:42:38,DIS,119.74,3,BID
2020-10-30 10:42:38,DIS,119.78,1,ASK
2020-10-30 10:42:38,DIS,119.72,3,BID
2020-10-30 10:42:38,DIS,119.79,4,ASK
2020-10-30 10:42:38,DIS,119.72,3,BID
2020-10-30 10:42:38,DIS,119.79,4,ASK
2020-10-30 10:42:40,DIS,119.72,3,BID
2020-10-30 10:42:40,DIS,119.77,4,ASK
2020-10-30 10:42:42,DIS,119.72,3,BID
2020-10-30 10:42:42,DIS,119.76,2,ASK
2020-10-30 10:42:43,DIS,119.67,5,BID
2020-10-30 10:42:43,DIS,119.74,4,ASK
2020-10-30 10:42:43,DIS,119.67,5,BID
2020-10-30 10:42:44,DIS,119.74,4,ASK
2020-10-30 10:42:45,DIS,119.71,4,BID
2020-10-30 10:42:45,DIS,119.77,1,ASK
2020-10-30 10:42:46,DIS,119.71,7,BID
2020-10-30 10:42:46,DIS,119.78,7,ASK
2020-10-30 10:42:47,DIS,119.71,8,BID
2020-10-30 10:42:47,DIS,119.76,5,ASK
2020-10-30 10:42:50,DIS,119.71,8,BID
2020-10-30 10:42:50,DIS,119.76,5,ASK
2020-10-30 10:42:50,DIS,119.71,8,BID
2020-10-30 10:42:50,DIS,119.76,5,ASK
2020-10-30 10:42:50,DIS,119.71,7,BID
2020-10-30 10:42:51,DIS,119.76,5,ASK
2020-10-30 10:42:50,DIS,119.71,7,BID
2020-10-30 10:42:51,DIS,119.76,5,ASK
2020-10-30 10:42:53,DIS,119.71,9,BID
2020-10-30 10:42:53,DIS,119.77,2,ASK
2020-10-30 10:42:53,DIS,119.71,16,BID
2020-10-30 10:42:53,DIS,119.77,2,ASK
2020-10-30 10:42:55,DIS,119.71,21,BID
2020-10-30 10:42:55,DIS,119.78,5,ASK
2020-10-30 10:42:55,DIS,119.71,20,BID
2020-10-30 10:42:55,DIS,119.78,5,ASK
2020-10-30 10:42:55,DIS,119.71,18,BID
2020-10-30 10:42:56,DIS,119.77,3,ASK
2020-10-30 10:42:55,DIS,119.71,19,BID
2020-10-30 10:42:57,DIS,119.78,17,ASK
2020-10-30 10:42:58,DIS,119.71,17,BID
2020-10-30 10:42:57,DIS,119.78,17,ASK
2020-10-30 10:42:58,DIS,119.71,17,BID
2020-10-30 10:42:57,DIS,119.78,17,ASK
2020-10-30 10:43:00,DIS,119.72,11,BID
2020-10-30 10:42:57,DIS,119.78,17,ASK
2020-10-30 10:43:00,DIS,119.73,3,BID
2020-10-30 10:42:57,DIS,119.78,17,ASK
2020-10-30 10:43:00,DIS,119.75,10,BID
2020-10-30 10:43:00,DIS,119.85,12,ASK
2020-10-30 10:43:01,DIS,119.79,1,BID
2020-10-30 10:43:01,DIS,119.86,10,ASK
2020-10-30 10:43:01,DIS,119.79,1,BID
2020-10-30 10:43:01,DIS,119.86,10,ASK
2020-10-30 10:43:01,DIS,119.79,3,BID
2020-10-30 10:43:01,DIS,119.86,12,ASK
2020-10-30 10:43:02,DIS,119.8,3,BID
2020-10-30 10:43:02,DIS,119.86,14,ASK
2020-10-30 10:43:02,DIS,119.8,3,BID
2020-10-30 10:43:02,DIS,119.86,14,ASK
2020-10-30 10:43:03,DIS,119.83,10,BID
2020-10-30 10:43:03,DIS,119.89,7,ASK
2020-10-30 10:43:03,DIS,119.83,10,BID
2020-10-30 10:43:03,DIS,119.89,7,ASK
2020-10-30 10:43:03,DIS,119.85,5,BID
2020-10-30 10:43:03,DIS,119.89,5,ASK
2020-10-30 10:43:04,DIS,119.85,5,BID
2020-10-30 10:43:03,DIS,119.89,4,ASK
2020-10-30 10:43:04,DIS,119.85,5,BID
2020-10-30 10:43:04,DIS,119.89,6,ASK
2020-10-30 10:43:04,DIS,119.84,1,BID
2020-10-30 10:43:04,DIS,119.88,3,ASK
2020-10-30 10:43:04,DIS,119.84,1,BID
2020-10-30 10:43:04,DIS,119.88,3,ASK
2020-10-30 10:43:05,DIS,119.84,3,BID
2020-10-30 10:43:05,DIS,119.88,1,ASK
2020-10-30 10:43:04,DIS,119.82,2,BID
2020-10-30 10:43:06,DIS,119.86,3,ASK
2020-10-30 10:43:06,DIS,119.82,2,BID
2020-10-30 10:43:06,DIS,119.86,3,ASK
2020-10-30 10:43:06,DIS,119.82,2,BID
2020-10-30 10:43:06,DIS,119.86,3,ASK
2020-10-30 10:43:06,DIS,119.82,2,BID
2020-10-30 10:43:06,DIS,119.86,3,ASK
2020-10-30 10:43:06,DIS,119.82,2,BID
2020-10-30 10:43:06,DIS,119.86,3,ASK
2020-10-30 10:43:10,DIS,119.78,20,BID
2020-10-30 10:43:10,DIS,119.84,2,ASK
2020-10-30 10:43:11,DIS,119.74,32,BID
2020-10-30 10:43:11,DIS,119.8,2,ASK
2020-10-30 10:43:00,DIS,119.73,9,BID
2020-10-30 10:43:11,DIS,119.8,3,ASK
2020-10-30 10:43:12,DIS,119.74,16,BID
2020-10-30 10:43:12,DIS,119.8,1,ASK
2020-10-30 10:43:13,DIS,119.74,16,BID
2020-10-30 10:43:13,DIS,119.82,1,ASK
2020-10-30 10:43:14,DIS,119.77,1,BID
2020-10-30 10:43:14,DIS,119.84,3,ASK
2020-10-30 10:43:15,DIS,119.8,2,BID
2020-10-30 10:43:15,DIS,119.86,14,ASK
2020-10-30 10:43:15,DIS,119.78,7,BID
2020-10-30 10:43:15,DIS,119.86,21,ASK
2020-10-30 10:43:16,DIS,119.77,1,BID
2020-10-30 10:43:15,DIS,119.86,15,ASK
2020-10-30 10:43:17,DIS,119.75,13,BID
2020-10-30 10:43:17,DIS,119.83,2,ASK
2020-10-30 10:43:18,DIS,119.73,10,BID
2020-10-30 10:43:18,DIS,119.8,3,ASK
2020-10-30 10:43:18,DIS,119.73,13,BID
2020-10-30 10:43:18,DIS,119.8,3,ASK
2020-10-30 10:43:18,DIS,119.73,13,BID
2020-10-30 10:43:18,DIS,119.8,3,ASK
2020-10-30 10:43:20,DIS,119.73,12,BID
2020-10-30 10:43:18,DIS,119.8,3,ASK
2020-10-30 10:43:20,DIS,119.73,1,BID
2020-10-30 10:43:18,DIS,119.8,3,ASK
2020-10-30 10:43:21,DIS,119.73,1,BID
2020-10-30 10:43:21,DIS,119.78,3,ASK
2020-10-30 10:43:22,DIS,119.72,8,BID
2020-10-30 10:43:22,DIS,119.76,3,ASK
2020-10-30 10:43:22,DIS,119.69,14,BID
2020-10-30 10:43:22,DIS,119.76,2,ASK
2020-10-30 10:43:22,DIS,119.69,14,BID
2020-10-30 10:43:22,DIS,119.76,3,ASK
2020-10-30 10:43:23,DIS,119.66,3,BID
2020-10-30 10:43:23,DIS,119.7,1,ASK
2020-10-30 10:43:23,DIS,119.65,1,BID
2020-10-30 10:43:23,DIS,119.7,5,ASK
2020-10-30 10:43:23,DIS,119.65,1,BID
2020-10-30 10:43:23,DIS,119.7,5,ASK
2020-10-30 10:43:23,DIS,119.65,1,BID
2020-10-30 10:43:23,DIS,119.7,5,ASK
2020-10-30 10:43:24,DIS,119.65,3,BID
2020-10-30 10:43:23,DIS,119.7,5,ASK
2020-10-30 10:43:25,DIS,119.65,3,BID
2020-10-30 10:43:23,DIS,119.7,5,ASK
2020-10-30 10:43:25,DIS,119.65,3,BID
2020-10-30 10:43:23,DIS,119.7,8,ASK
2020-10-30 10:43:27,DIS,119.65,4,BID
2020-10-30 10:43:26,DIS,119.72,4,ASK
2020-10-30 10:43:27,DIS,119.65,4,BID
2020-10-30 10:43:26,DIS,119.72,4,ASK
2020-10-30 10:43:27,DIS,119.65,4,BID
2020-10-30 10:43:30,DIS,119.71,6,ASK
2020-10-30 10:43:27,DIS,119.65,4,BID
2020-10-30 10:43:30,DIS,119.71,6,ASK
2020-10-30 10:43:31,DIS,119.66,1,BID
2020-10-30 10:43:30,DIS,119.71,6,ASK
2020-10-30 10:43:32,DIS,119.67,2,BID
2020-10-30 10:43:32,DIS,119.73,1,ASK
2020-10-30 10:43:33,DIS,119.67,3,BID
2020-10-30 10:43:33,DIS,119.71,3,ASK
2020-10-30 10:43:34,DIS,119.67,3,BID
2020-10-30 10:43:34,DIS,119.71,3,ASK
2020-10-30 10:43:35,DIS,119.67,3,BID
2020-10-30 10:43:35,DIS,119.71,3,ASK
2020-10-30 10:43:35,DIS,119.67,3,BID
2020-10-30 10:43:35,DIS,119.71,3,ASK
2020-10-30 10:43:35,DIS,119.67,3,BID
2020-10-30 10:43:35,DIS,119.71,3,ASK
2020-10-30 10:43:35,DIS,119.67,3,BID
2020-10-30 10:43:35,DIS,119.71,3,ASK
2020-10-30 10:43:40,DIS,119.65,6,BID
2020-10-30 10:43:40,DIS,119.69,8,ASK
2020-10-30 10:43:40,DIS,119.59,4,BID
2020-10-30 10:43:40,DIS,119.65,2,ASK
2020-10-30 10:43:41,DIS,119.6,16,BID
2020-10-30 10:43:41,DIS,119.67,1,ASK
2020-10-30 10:43:43,DIS,119.64,15,BID
2020-10-30 10:43:42,DIS,119.73,9,ASK
2020-10-30 10:43:45,DIS,119.64,16,BID
2020-10-30 10:43:45,DIS,119.71,3,ASK
2020-10-30 10:43:45,DIS,119.61,2,BID
2020-10-30 10:43:45,DIS,119.69,3,ASK
2020-10-30 10:43:46,DIS,119.61,4,BID
2020-10-30 10:43:46,DIS,119.68,2,ASK
2020-10-30 10:43:46,DIS,119.61,6,BID
2020-10-30 10:43:46,DIS,119.68,4,ASK
2020-10-30 10:43:46,DIS,119.61,6,BID
2020-10-30 10:43:47,DIS,119.67,3,ASK
2020-10-30 10:43:41,DIS,119.6,12,BID
2020-10-30 10:43:47,DIS,119.64,1,ASK
2020-10-30 10:43:47,DIS,119.57,4,BID
2020-10-30 10:43:47,DIS,119.66,9,ASK
2020-10-30 10:43:47,DIS,119.56,12,BID
2020-10-30 10:43:48,DIS,119.63,2,ASK
2020-10-30 10:43:47,DIS,119.56,12,BID
2020-10-30 10:43:48,DIS,119.62,3,ASK
2020-10-30 10:43:49,DIS,119.52,5,BID
2020-10-30 10:43:49,DIS,119.6,1,ASK
2020-10-30 10:43:49,DIS,119.52,5,BID
2020-10-30 10:43:49,DIS,119.6,10,ASK
2020-10-30 10:43:49,DIS,119.55,2,BID
2020-10-30 10:43:49,DIS,119.6,18,ASK
2020-10-30 10:43:49,DIS,119.55,2,BID
2020-10-30 10:43:49,DIS,119.6,18,ASK
2020-10-30 10:43:50,DIS,119.52,5,BID
2020-10-30 10:43:49,DIS,119.6,18,ASK
2020-10-30 10:43:50,DIS,119.5,9,BID
2020-10-30 10:43:50,DIS,119.55,1,ASK
2020-10-30 10:43:50,DIS,119.47,2,BID
2020-10-30 10:43:50,DIS,119.56,1,ASK
2020-10-30 10:43:51,DIS,119.42,3,BID
2020-10-30 10:43:51,DIS,119.5,12,ASK
2020-10-30 10:43:51,DIS,119.47,8,BID
2020-10-30 10:43:51,DIS,119.56,8,ASK
2020-10-30 10:43:51,DIS,119.53,5,BID
2020-10-30 10:43:51,DIS,119.58,6,ASK
2020-10-30 10:43:52,DIS,119.49,2,BID
2020-10-30 10:43:52,DIS,119.57,12,ASK
2020-10-30 10:43:52,DIS,119.51,3,BID
2020-10-30 10:43:52,DIS,119.59,5,ASK
2020-10-30 10:43:52,DIS,119.51,6,BID
2020-10-30 10:43:52,DIS,119.61,1,ASK
2020-10-30 10:43:52,DIS,119.51,6,BID
2020-10-30 10:43:52,DIS,119.61,1,ASK
2020-10-30 10:43:52,DIS,119.51,6,BID
2020-10-30 10:43:52,DIS,119.61,1,ASK
2020-10-30 10:43:54,DIS,119.51,6,BID
2020-10-30 10:43:54,DIS,119.61,3,ASK
2020-10-30 10:43:54,DIS,119.51,6,BID
2020-10-30 10:43:54,DIS,119.61,4,ASK
2020-10-30 10:43:54,DIS,119.51,6,BID
2020-10-30 10:43:54,DIS,119.58,6,ASK
2020-10-30 10:43:54,DIS,119.49,7,BID
2020-10-30 10:43:55,DIS,119.57,5,ASK
2020-10-30 10:43:54,DIS,119.49,9,BID
2020-10-30 10:43:55,DIS,119.58,9,ASK
2020-10-30 10:43:55,DIS,119.5,3,BID
2020-10-30 10:43:55,DIS,119.58,11,ASK
2020-10-30 10:43:55,DIS,119.51,4,BID
2020-10-30 10:43:55,DIS,119.59,15,ASK
2020-10-30 10:43:56,DIS,119.51,6,BID
2020-10-30 10:43:56,DIS,119.57,2,ASK
2020-10-30 10:43:54,DIS,119.49,7,BID
2020-10-30 10:43:56,DIS,119.57,3,ASK
2020-10-30 10:43:56,DIS,119.49,6,BID
2020-10-30 10:43:56,DIS,119.57,4,ASK
2020-10-30 10:43:57,DIS,119.45,3,BID
2020-10-30 10:43:57,DIS,119.52,2,ASK
2020-10-30 10:43:57,DIS,119.45,5,BID
2020-10-30 10:43:57,DIS,119.52,3,ASK
2020-10-30 10:43:57,DIS,119.45,5,BID
2020-10-30 10:43:57,DIS,119.52,3,ASK
2020-10-30 10:43:59,DIS,119.52,1,BID
2020-10-30 10:43:59,DIS,119.56,2,ASK
2020-10-30 10:43:59,DIS,119.52,1,BID
2020-10-30 10:43:59,DIS,119.56,2,ASK
2020-10-30 10:44:00,DIS,119.52,4,BID
2020-10-30 10:44:00,DIS,119.57,1,ASK
2020-10-30 10:44:01,DIS,119.53,1,BID
2020-10-30 10:44:00,DIS,119.57,2,ASK
2020-10-30 10:44:01,DIS,119.54,5,BID
2020-10-30 10:44:00,DIS,119.58,13,ASK
2020-10-30 10:44:02,DIS,119.58,5,BID
2020-10-30 10:44:02,DIS,119.6,2,ASK
2020-10-30 10:44:02,DIS,119.54,7,BID
2020-10-30 10:44:03,DIS,119.62,15,ASK
2020-10-30 10:44:03,DIS,119.57,3,BID
2020-10-30 10:44:03,DIS,119.61,2,ASK
2020-10-30 10:44:04,DIS,119.6,3,BID
2020-10-30 10:44:04,DIS,119.65,2,ASK
2020-10-30 10:44:04,DIS,119.6,2,BID
2020-10-30 10:44:04,DIS,119.64,2,ASK
2020-10-30 10:44:04,DIS,119.57,2,BID
2020-10-30 10:44:04,DIS,119.63,6,ASK
2020-10-30 10:44:05,DIS,119.57,2,BID
2020-10-30 10:44:05,DIS,119.64,1,ASK
2020-10-30 10:44:05,DIS,119.56,5,BID
2020-10-30 10:44:05,DIS,119.64,3,ASK
2020-10-30 10:44:06,DIS,119.56,1,BID
2020-10-30 10:44:06,DIS,119.62,2,ASK
2020-10-30 10:44:06,DIS,119.56,1,BID
2020-10-30 10:44:06,DIS,119.63,2,ASK
2020-10-30 10:44:06,DIS,119.56,1,BID
2020-10-30 10:44:06,DIS,119.62,1,ASK
2020-10-30 10:44:07,DIS,119.57,2,BID
2020-10-30 10:44:07,DIS,119.63,1,ASK
2020-10-30 10:44:08,DIS,119.56,1,BID
2020-10-30 10:44:08,DIS,119.59,4,ASK
2020-10-30 10:44:09,DIS,119.56,3,BID
2020-10-30 10:44:09,DIS,119.62,4,ASK
2020-10-30 10:44:09,DIS,119.56,3,BID
2020-10-30 10:44:09,DIS,119.62,4,ASK
2020-10-30 10:44:09,DIS,119.56,3,BID
2020-10-30 10:44:09,DIS,119.62,4,ASK
2020-10-30 10:44:11,DIS,119.56,3,BID
2020-10-30 10:44:11,DIS,119.61,3,ASK
2020-10-30 10:44:12,DIS,119.56,1,BID
2020-10-30 10:44:12,DIS,119.59,1,ASK
2020-10-30 10:44:12,DIS,119.56,2,BID
2020-10-30 10:44:12,DIS,119.62,16,ASK
2020-10-30 10:44:13,DIS,119.56,5,BID
2020-10-30 10:44:13,DIS,119.62,16,ASK
2020-10-30 10:44:13,DIS,119.56,6,BID
2020-10-30 10:44:13,DIS,119.62,16,ASK
2020-10-30 10:44:13,DIS,119.56,5,BID
2020-10-30 10:44:13,DIS,119.62,16,ASK
2020-10-30 10:44:13,DIS,119.56,6,BID
2020-10-30 10:44:13,DIS,119.62,16,ASK
2020-10-30 10:44:13,DIS,119.56,5,BID
2020-10-30 10:44:13,DIS,119.62,16,ASK
2020-10-30 10:44:20,DIS,119.59,3,BID
2020-10-30 10:44:21,DIS,119.66,9,ASK
2020-10-30 10:44:22,DIS,119.6,2,BID
2020-10-30 10:44:22,DIS,119.66,1,ASK
2020-10-30 10:44:23,DIS,119.6,5,BID
2020-10-30 10:44:23,DIS,119.68,5,ASK
2020-10-30 10:44:23,DIS,119.6,2,BID
2020-10-30 10:44:23,DIS,119.66,2,ASK
2020-10-30 10:44:24,DIS,119.6,4,BID
2020-10-30 10:44:24,DIS,119.69,13,ASK
2020-10-30 10:44:25,DIS,119.66,2,BID
2020-10-30 10:44:25,DIS,119.72,2,ASK
2020-10-30 10:44:26,DIS,119.63,6,BID
2020-10-30 10:44:26,DIS,119.7,1,ASK
2020-10-30 10:44:27,DIS,119.63,6,BID
2020-10-30 10:44:27,DIS,119.7,1,ASK
2020-10-30 10:44:28,DIS,119.67,7,BID
2020-10-30 10:43:32,DIS,119.75,7,ASK
2020-10-30 10:44:30,DIS,119.67,9,BID
2020-10-30 10:44:29,DIS,119.75,17,ASK
2020-10-30 10:44:31,DIS,119.67,10,BID
2020-10-30 10:44:31,DIS,119.74,5,ASK
2020-10-30 10:44:31,DIS,119.67,8,BID
2020-10-30 10:44:33,DIS,119.74,5,ASK
2020-10-30 10:44:34,DIS,119.68,1,BID
2020-10-30 10:44:34,DIS,119.74,18,ASK
2020-10-30 10:44:31,DIS,119.67,9,BID
2020-10-30 10:44:35,DIS,119.73,8,ASK
2020-10-30 10:44:25,DIS,119.63,8,BID
2020-10-30 10:44:36,DIS,119.7,14,ASK
2020-10-30 10:44:25,DIS,119.63,8,BID
2020-10-30 10:44:38,DIS,119.7,16,ASK
2020-10-30 10:44:12,DIS,119.52,5,BID
2020-10-30 10:44:39,DIS,119.62,6,ASK
2020-10-30 10:44:40,DIS,119.53,6,BID
2020-10-30 10:44:40,DIS,119.6,9,ASK
2020-10-30 10:44:40,DIS,119.54,2,BID
2020-10-30 10:44:40,DIS,119.59,23,ASK
2020-10-30 10:44:41,DIS,119.56,2,BID
2020-10-30 10:44:40,DIS,119.59,22,ASK
2020-10-30 10:44:41,DIS,119.55,2,BID
2020-10-30 10:44:40,DIS,119.59,22,ASK
2020-10-30 10:44:41,DIS,119.53,4,BID
2020-10-30 10:44:40,DIS,119.59,22,ASK
2020-10-30 10:44:41,DIS,119.53,4,BID
2020-10-30 10:44:40,DIS,119.59,22,ASK
2020-10-30 10:44:43,DIS,119.52,9,BID
2020-10-30 10:44:43,DIS,119.58,16,ASK
2020-10-30 10:44:44,DIS,119.52,9,BID
2020-10-30 10:44:44,DIS,119.59,12,ASK
2020-10-30 10:44:45,DIS,119.52,14,BID
2020-10-30 10:44:45,DIS,119.59,20,ASK
2020-10-30 10:44:45,DIS,119.52,16,BID
2020-10-30 10:44:45,DIS,119.59,19,ASK
2020-10-30 10:44:48,DIS,119.53,1,BID
2020-10-30 10:44:48,DIS,119.58,20,ASK
2020-10-30 10:44:48,DIS,119.55,6,BID
2020-10-30 10:44:48,DIS,119.59,25,ASK
2020-10-30 10:44:49,DIS,119.57,1,BID
2020-10-30 10:44:49,DIS,119.61,2,ASK
2020-10-30 10:44:49,DIS,119.57,6,BID
2020-10-30 10:44:50,DIS,119.62,4,ASK
2020-10-30 10:44:51,DIS,119.56,2,BID
2020-10-30 10:44:51,DIS,119.62,19,ASK
2020-10-30 10:44:51,DIS,119.55,6,BID
2020-10-30 10:44:51,DIS,119.59,7,ASK
2020-10-30 10:44:52,DIS,119.55,5,BID
2020-10-30 10:44:52,DIS,119.58,3,ASK
2020-10-30 10:44:52,DIS,119.55,5,BID
2020-10-30 10:44:52,DIS,119.58,3,ASK
2020-10-30 10:44:54,DIS,119.53,3,BID
2020-10-30 10:44:54,DIS,119.57,11,ASK
2020-10-30 10:44:54,DIS,119.5,56,BID
2020-10-30 10:44:54,DIS,119.55,14,ASK
2020-10-30 10:44:54,DIS,119.5,56,BID
2020-10-30 10:44:54,DIS,119.55,9,ASK
2020-10-30 10:44:55,DIS,119.5,56,BID
2020-10-30 10:44:55,DIS,119.56,30,ASK
2020-10-30 10:44:55,DIS,119.5,56,BID
2020-10-30 10:44:55,DIS,119.56,30,ASK
2020-10-30 10:44:55,DIS,119.5,56,BID
2020-10-30 10:44:55,DIS,119.56,30,ASK
2020-10-30 10:44:55,DIS,119.5,56,BID
2020-10-30 10:44:55,DIS,119.56,30,ASK
2020-10-30 10:44:55,DIS,119.5,56,BID
2020-10-30 10:44:55,DIS,119.56,30,ASK
2020-10-30 10:44:55,DIS,119.5,56,BID
2020-10-30 10:44:55,DIS,119.56,30,ASK
2020-10-30 10:44:55,DIS,119.5,56,BID
2020-10-30 10:44:55,DIS,119.56,30,ASK
2020-10-30 10:44:55,DIS,119.5,56,BID
2020-10-30 10:44:55,DIS,119.56,30,ASK
2020-10-30 10:44:56,DIS,119.5,56,BID
2020-10-30 10:44:56,DIS,119.55,5,ASK
2020-10-30 10:44:57,DIS,119.5,56,BID
2020-10-30 10:44:57,DIS,119.55,13,ASK
2020-10-30 10:44:59,DIS,119.5,47,BID
2020-10-30 10:44:59,DIS,119.54,25,ASK
2020-10-30 10:45:00,DIS,119.5,24,BID
2020-10-30 10:44:59,DIS,119.54,15,ASK
2020-10-30 10:45:00,DIS,119.54,7,BID
2020-10-30 10:45:01,DIS,119.57,2,ASK
2020-10-30 10:45:00,DIS,119.54,7,BID
2020-10-30 10:45:01,DIS,119.61,2,ASK
2020-10-30 10:45:00,DIS,119.54,7,BID
2020-10-30 10:45:01,DIS,119.61,1,ASK
2020-10-30 10:45:00,DIS,119.54,7,BID
2020-10-30 10:45:01,DIS,119.61,1,ASK
2020-10-30 10:45:00,DIS,119.54,7,BID
2020-10-30 10:45:01,DIS,119.61,1,ASK
2020-10-30 10:45:03,DIS,119.52,1,BID
2020-10-30 10:45:03,DIS,119.55,2,ASK
2020-10-30 10:45:03,DIS,119.5,24,BID
2020-10-30 10:45:03,DIS,119.55,2,ASK
2020-10-30 10:45:03,DIS,119.5,24,BID
2020-10-30 10:45:03,DIS,119.55,2,ASK
2020-10-30 10:45:04,DIS,119.47,4,BID
2020-10-30 10:45:04,DIS,119.53,6,ASK
2020-10-30 10:45:04,DIS,119.47,4,BID
2020-10-30 10:45:04,DIS,119.54,4,ASK
2020-10-30 10:45:05,DIS,119.47,6,BID
2020-10-30 10:45:05,DIS,119.55,1,ASK
2020-10-30 10:45:06,DIS,119.47,7,BID
2020-10-30 10:45:06,DIS,119.56,2,ASK
2020-10-30 10:45:06,DIS,119.49,5,BID
2020-10-30 10:45:06,DIS,119.6,1,ASK
2020-10-30 10:45:06,DIS,119.49,5,BID
2020-10-30 10:45:07,DIS,119.63,2,ASK
2020-10-30 10:45:08,DIS,119.49,4,BID
2020-10-30 10:45:08,DIS,119.6,3,ASK
2020-10-30 10:45:09,DIS,119.51,3,BID
2020-10-30 10:45:09,DIS,119.6,3,ASK
2020-10-30 10:45:10,DIS,119.55,5,BID
2020-10-30 10:45:10,DIS,119.63,2,ASK
2020-10-30 10:45:11,DIS,119.54,3,BID
2020-10-30 10:45:11,DIS,119.61,1,ASK
2020-10-30 10:45:12,DIS,119.55,5,BID
2020-10-30 10:45:12,DIS,119.63,20,ASK
2020-10-30 10:45:13,DIS,119.56,3,BID
2020-10-30 10:45:13,DIS,119.63,16,ASK
2020-10-30 10:45:14,DIS,119.56,5,BID
2020-10-30 10:45:14,DIS,119.63,12,ASK
2020-10-30 10:45:15,DIS,119.57,5,BID
2020-10-30 10:45:15,DIS,119.63,18,ASK
2020-10-30 10:45:15,DIS,119.57,5,BID
2020-10-30 10:45:16,DIS,119.61,3,ASK
2020-10-30 10:45:16,DIS,119.56,9,BID
2020-10-30 10:45:16,DIS,119.61,14,ASK
2020-10-30 10:45:17,DIS,119.56,9,BID
2020-10-30 10:45:17,DIS,119.6,16,ASK
2020-10-30 10:45:18,DIS,119.56,9,BID
2020-10-30 10:45:17,DIS,119.61,27,ASK
2020-10-30 10:45:19,DIS,119.51,10,BID
2020-10-30 10:45:19,DIS,119.57,13,ASK
2020-10-30 10:45:20,DIS,119.52,10,BID
2020-10-30 10:45:20,DIS,119.56,1,ASK
2020-10-30 10:45:21,DIS,119.49,1,BID
2020-10-30 10:45:21,DIS,119.55,2,ASK
2020-10-30 10:45:22,DIS,119.48,8,BID
2020-10-30 10:45:22,DIS,119.54,6,ASK
2020-10-30 10:45:22,DIS,119.48,11,BID
2020-10-30 10:45:22,DIS,119.54,11,ASK
2020-10-30 10:45:23,DIS,119.51,3,BID
2020-10-30 10:45:23,DIS,119.56,28,ASK
2020-10-30 10:45:22,DIS,119.48,11,BID
2020-10-30 10:45:23,DIS,119.54,3,ASK
2020-10-30 10:45:24,DIS,119.48,11,BID
2020-10-30 10:45:24,DIS,119.55,27,ASK
2020-10-30 10:45:26,DIS,119.49,6,BID
2020-10-30 10:45:26,DIS,119.55,27,ASK
2020-10-30 10:45:27,DIS,119.51,4,BID
2020-10-30 10:45:27,DIS,119.55,24,ASK
2020-10-30 10:45:28,DIS,119.5,11,BID
2020-10-30 10:45:28,DIS,119.54,23,ASK
2020-10-30 10:45:28,DIS,119.5,11,BID
2020-10-30 10:45:27,DIS,119.55,24,ASK
2020-10-30 10:45:30,DIS,119.5,10,BID
2020-10-30 10:45:30,DIS,119.53,3,ASK
2020-10-30 10:45:32,DIS,119.5,10,BID
2020-10-30 10:45:32,DIS,119.53,3,ASK
2020-10-30 10:45:33,DIS,119.47,9,BID
2020-10-30 10:45:33,DIS,119.51,4,ASK
2020-10-30 10:45:34,DIS,119.5,2,BID
2020-10-30 10:45:34,DIS,119.52,3,ASK
2020-10-30 10:45:34,DIS,119.5,6,BID
2020-10-30 10:45:34,DIS,119.53,14,ASK
2020-10-30 10:45:34,DIS,119.47,19,BID
2020-10-30 10:45:36,DIS,119.52,2,ASK
2020-10-30 10:45:38,DIS,119.45,1,BID
2020-10-30 10:45:38,DIS,119.49,2,ASK
2020-10-30 10:45:39,DIS,119.45,1,BID
2020-10-30 10:45:39,DIS,119.5,3,ASK
2020-10-30 10:43:57,DIS,119.44,6,BID
2020-10-30 10:45:40,DIS,119.49,12,ASK
2020-10-30 10:45:41,DIS,119.41,4,BID
2020-10-30 10:45:41,DIS,119.48,8,ASK
2020-10-30 10:45:42,DIS,119.41,5,BID
2020-10-30 10:45:42,DIS,119.48,8,ASK
2020-10-30 10:45:43,DIS,119.43,3,BID
2020-10-30 10:45:43,DIS,119.48,18,ASK
2020-10-30 10:45:44,DIS,119.43,2,BID
2020-10-30 10:45:44,DIS,119.48,21,ASK
2020-10-30 10:45:45,DIS,119.43,2,BID
2020-10-30 10:45:45,DIS,119.48,25,ASK
2020-10-30 10:45:46,DIS,119.45,4,BID
2020-10-30 10:45:46,DIS,119.48,2,ASK
2020-10-30 10:45:46,DIS,119.48,1,BID
2020-10-30 10:45:46,DIS,119.53,19,ASK
2020-10-30 10:45:46,DIS,119.46,5,BID
2020-10-30 10:45:47,DIS,119.53,5,ASK
2020-10-30 10:45:47,DIS,119.45,5,BID
2020-10-30 10:45:47,DIS,119.52,18,ASK
2020-10-30 10:45:47,DIS,119.45,3,BID
2020-10-30 10:45:47,DIS,119.52,23,ASK
2020-10-30 10:45:49,DIS,119.45,3,BID
2020-10-30 10:45:47,DIS,119.52,23,ASK
2020-10-30 10:45:51,DIS,119.46,1,BID
2020-10-30 10:45:47,DIS,119.52,29,ASK
2020-10-30 10:45:53,DIS,119.46,3,BID
2020-10-30 10:45:53,DIS,119.5,5,ASK
2020-10-30 10:45:54,DIS,119.44,4,BID
2020-10-30 10:45:54,DIS,119.48,2,ASK
2020-10-30 10:45:56,DIS,119.45,2,BID
2020-10-30 10:45:55,DIS,119.5,20,ASK
2020-10-30 10:45:58,DIS,119.45,2,BID
2020-10-30 10:45:58,DIS,119.5,19,ASK
2020-10-30 10:45:59,DIS,119.45,1,BID
2020-10-30 10:45:59,DIS,119.48,2,ASK
2020-10-30 10:46:00,DIS,119.42,16,BID
2020-10-30 10:46:00,DIS,119.48,11,ASK
2020-10-30 10:46:01,DIS,119.4,4,BID
2020-10-30 10:46:01,DIS,119.46,1,ASK
2020-10-30 10:46:02,DIS,119.42,1,BID
2020-10-30 10:46:02,DIS,119.47,21,ASK
2020-10-30 10:46:03,DIS,119.42,2,BID
2020-10-30 10:46:03,DIS,119.47,21,ASK
2020-10-30 10:46:04,DIS,119.42,3,BID
2020-10-30 10:46:04,DIS,119.46,3,ASK
2020-10-30 10:46:05,DIS,119.4,10,BID
2020-10-30 10:46:05,DIS,119.46,25,ASK
2020-10-30 10:46:07,DIS,119.41,5,BID
2020-10-30 10:46:07,DIS,119.46,23,ASK
2020-10-30 10:46:08,DIS,119.41,6,BID
2020-10-30 10:46:07,DIS,119.46,23,ASK
2020-10-30 10:46:09,DIS,119.42,17,BID
2020-10-30 10:46:07,DIS,119.46,24,ASK
2020-10-30 10:46:10,DIS,119.42,17,BID
2020-10-30 10:46:07,DIS,119.46,24,ASK
2020-10-30 10:46:10,DIS,119.42,17,BID
2020-10-30 10:46:07,DIS,119.46,24,ASK
2020-10-30 10:46:12,DIS,119.45,14,BID
2020-10-30 10:46:12,DIS,119.5,2,ASK
2020-10-30 10:46:12,DIS,119.45,13,BID
2020-10-30 10:46:12,DIS,119.49,2,ASK
2020-10-30 10:46:13,DIS,119.44,2,BID
2020-10-30 10:46:13,DIS,119.49,4,ASK
2020-10-30 10:46:14,DIS,119.45,2,BID
2020-10-30 10:46:14,DIS,119.5,3,ASK
2020-10-30 10:46:15,DIS,119.46,4,BID
2020-10-30 10:46:15,DIS,119.5,3,ASK
2020-10-30 10:46:15,DIS,119.46,4,BID
2020-10-30 10:46:15,DIS,119.5,3,ASK
2020-10-30 10:46:17,DIS,119.52,1,BID
2020-10-30 10:46:17,DIS,119.57,7,ASK
2020-10-30 10:46:17,DIS,119.51,13,BID
2020-10-30 10:46:17,DIS,119.57,11,ASK
2020-10-30 10:46:18,DIS,119.51,14,BID
2020-10-30 10:46:18,DIS,119.57,16,ASK
2020-10-30 10:46:19,DIS,119.48,11,BID
2020-10-30 10:46:19,DIS,119.53,14,ASK
2020-10-30 10:46:19,DIS,119.42,3,BID
2020-10-30 10:46:19,DIS,119.49,2,ASK
2020-10-30 10:46:19,DIS,119.41,13,BID
2020-10-30 10:46:19,DIS,119.49,2,ASK
2020-10-30 10:46:19,DIS,119.43,3,BID
2020-10-30 10:46:19,DIS,119.5,4,ASK
2020-10-30 10:46:19,DIS,119.43,3,BID
2020-10-30 10:46:19,DIS,119.51,14,ASK
2020-10-30 10:46:21,DIS,119.43,3,BID
2020-10-30 10:46:21,DIS,119.52,3,ASK
2020-10-30 10:46:21,DIS,119.43,3,BID
2020-10-30 10:46:21,DIS,119.52,3,ASK
2020-10-30 10:46:23,DIS,119.43,6,BID
2020-10-30 10:46:23,DIS,119.49,3,ASK
2020-10-30 10:46:23,DIS,119.43,6,BID
2020-10-30 10:46:23,DIS,119.49,3,ASK
2020-10-30 10:46:25,DIS,119.34,7,BID
2020-10-30 10:46:25,DIS,119.43,6,ASK
2020-10-30 10:46:25,DIS,119.33,2,BID
2020-10-30 10:46:25,DIS,119.42,6,ASK
2020-10-30 10:46:26,DIS,119.35,3,BID
2020-10-30 10:46:26,DIS,119.42,10,ASK
2020-10-30 10:46:27,DIS,119.37,2,BID
2020-10-30 10:46:27,DIS,119.43,21,ASK
2020-10-30 10:46:28,DIS,119.36,4,BID
2020-10-30 10:46:28,DIS,119.43,2,ASK
2020-10-30 10:46:29,DIS,119.36,2,BID
2020-10-30 10:46:29,DIS,119.43,25,ASK
2020-10-30 10:46:30,DIS,119.37,3,BID
2020-10-30 10:46:29,DIS,119.43,24,ASK
2020-10-30 10:46:31,DIS,119.4,1,BID
2020-10-30 10:46:29,DIS,119.43,24,ASK
2020-10-30 10:46:32,DIS,119.4,1,BID
2020-10-30 10:46:29,DIS,119.43,24,ASK
2020-10-30 10:46:33,DIS,119.4,3,BID
2020-10-30 10:46:29,DIS,119.43,24,ASK
2020-10-30 10:46:34,DIS,119.37,5,BID
2020-10-30 10:46:34,DIS,119.41,3,ASK
2020-10-30 10:46:35,DIS,119.37,10,BID
2020-10-30 10:46:35,DIS,119.41,3,ASK
2020-10-30 10:46:37,DIS,119.37,8,BID
2020-10-30 10:46:37,DIS,119.41,9,ASK
2020-10-30 10:46:38,DIS,119.35,1,BID
2020-10-30 10:46:38,DIS,119.41,9,ASK
2020-10-30 10:46:38,DIS,119.38,3,BID
2020-10-30 10:46:38,DIS,119.41,9,ASK
2020-10-30 10:46:39,DIS,119.38,1,BID
2020-10-30 10:46:39,DIS,119.4,2,ASK
2020-10-30 10:46:41,DIS,119.37,2,BID
2020-10-30 10:46:41,DIS,119.4,19,ASK
2020-10-30 10:46:41,DIS,119.37,2,BID
2020-10-30 10:46:41,DIS,119.41,25,ASK
2020-10-30 10:46:42,DIS,119.37,1,BID
2020-10-30 10:46:42,DIS,119.4,9,ASK
2020-10-30 10:46:44,DIS,119.33,9,BID
2020-10-30 10:46:44,DIS,119.39,21,ASK
2020-10-30 10:46:45,DIS,119.33,9,BID
2020-10-30 10:46:45,DIS,119.39,1,ASK
2020-10-30 10:46:45,DIS,119.33,9,BID
2020-10-30 10:46:45,DIS,119.39,4,ASK
2020-10-30 10:46:47,DIS,119.33,9,BID
2020-10-30 10:46:47,DIS,119.39,4,ASK
2020-10-30 10:46:48,DIS,119.36,4,BID
2020-10-30 10:46:48,DIS,119.39,7,ASK
2020-10-30 10:46:47,DIS,119.33,11,BID
2020-10-30 10:46:49,DIS,119.39,6,ASK
2020-10-30 10:46:49,DIS,119.34,4,BID
2020-10-30 10:46:50,DIS,119.39,6,ASK
2020-10-30 10:46:51,DIS,119.35,19,BID
2020-10-30 10:46:50,DIS,119.39,4,ASK
2020-10-30 10:46:51,DIS,119.35,19,BID
2020-10-30 10:46:50,DIS,119.39,4,ASK
2020-10-30 10:46:51,DIS,119.35,19,BID
2020-10-30 10:46:50,DIS,119.39,4,ASK
2020-10-30 10:46:51,DIS,119.35,19,BID
2020-10-30 10:46:50,DIS,119.39,4,ASK
2020-10-30 10:46:51,DIS,119.35,19,BID
2020-10-30 10:46:50,DIS,119.39,4,ASK
2020-10-30 10:46:51,DIS,119.35,19,BID
2020-10-30 10:46:50,DIS,119.39,4,ASK
2020-10-30 10:46:51,DIS,119.35,19,BID
2020-10-30 10:46:50,DIS,119.39,4,ASK
2020-10-30 10:46:51,DIS,119.35,19,BID
2020-10-30 10:46:50,DIS,119.39,4,ASK
2020-10-30 10:46:51,DIS,119.35,19,BID
2020-10-30 10:46:50,DIS,119.39,4,ASK
2020-10-30 10:46:51,DIS,119.35,19,BID
2020-10-30 10:46:50,DIS,119.39,4,ASK
2020-10-30 10:46:51,DIS,119.35,19,BID
2020-10-30 10:46:50,DIS,119.39,4,ASK
2020-10-30 10:46:51,DIS,119.35,19,BID
2020-10-30 10:46:50,DIS,119.39,4,ASK
2020-10-30 10:46:51,DIS,119.35,19,BID
2020-10-30 10:46:50,DIS,119.39,4,ASK
2020-10-30 10:46:51,DIS,119.35,19,BID
2020-10-30 10:46:50,DIS,119.39,4,ASK
2020-10-30 10:46:51,DIS,119.35,19,BID
2020-10-30 10:46:50,DIS,119.39,4,ASK
2020-10-30 10:46:51,DIS,119.35,19,BID
2020-10-30 10:46:50,DIS,119.39,4,ASK
2020-10-30 10:46:51,DIS,119.35,19,BID
2020-10-30 10:46:50,DIS,119.39,4,ASK
2020-10-30 10:46:51,DIS,119.35,19,BID
2020-10-30 10:46:50,DIS,119.39,4,ASK
2020-10-30 10:46:51,DIS,119.35,19,BID
2020-10-30 10:46:50,DIS,119.39,4,ASK
2020-10-30 10:46:51,DIS,119.35,19,BID
2020-10-30 10:46:50,DIS,119.39,4,ASK
2020-10-30 10:46:51,DIS,119.35,19,BID
2020-10-30 10:46:50,DIS,119.39,4,ASK
2020-10-30 10:46:51,DIS,119.35,19,BID
2020-10-30 10:46:50,DIS,119.39,4,ASK
2020-10-30 10:46:51,DIS,119.35,19,BID
2020-10-30 10:46:50,DIS,119.39,4,ASK
2020-10-30 10:46:51,DIS,119.35,19,BID
2020-10-30 10:46:50,DIS,119.39,4,ASK
2020-10-30 10:46:51,DIS,119.35,19,BID
2020-10-30 10:46:50,DIS,119.39,4,ASK
2020-10-30 10:46:51,DIS,119.35,19,BID
2020-10-30 10:46:50,DIS,119.39,4,ASK
2020-10-30 10:46:51,DIS,119.35,19,BID
2020-10-30 10:46:50,DIS,119.39,4,ASK
2020-10-30 10:46:58,DIS,119.3,12,BID
2020-10-30 10:46:58,DIS,119.37,13,ASK
2020-10-30 10:46:59,DIS,119.33,22,BID
2020-10-30 10:46:59,DIS,119.37,7,ASK
2020-10-30 10:47:01,DIS,119.37,3,BID
2020-10-30 10:46:45,DIS,119.4,15,ASK
2020-10-30 10:47:02,DIS,119.37,3,BID
2020-10-30 10:46:45,DIS,119.4,16,ASK
2020-10-30 10:47:02,DIS,119.37,3,BID
2020-10-30 10:46:45,DIS,119.4,16,ASK
2020-10-30 10:47:02,DIS,119.37,3,BID
2020-10-30 10:47:02,DIS,119.4,11,ASK
2020-10-30 10:47:02,DIS,119.37,3,BID
2020-10-30 10:47:02,DIS,119.4,11,ASK
2020-10-30 10:47:02,DIS,119.37,3,BID
2020-10-30 10:47:02,DIS,119.4,11,ASK
2020-10-30 10:47:02,DIS,119.37,3,BID
2020-10-30 10:47:02,DIS,119.4,11,ASK
2020-10-30 10:47:02,DIS,119.37,3,BID
2020-10-30 10:47:02,DIS,119.4,11,ASK
2020-10-30 10:47:02,DIS,119.37,3,BID
2020-10-30 10:47:02,DIS,119.4,11,ASK
2020-10-30 10:47:07,DIS,119.34,2,BID
2020-10-30 10:47:07,DIS,119.4,18,ASK
2020-10-30 10:47:07,DIS,119.32,10,BID
2020-10-30 10:47:07,DIS,119.38,16,ASK
2020-10-30 10:47:07,DIS,119.32,11,BID
2020-10-30 10:47:07,DIS,119.38,16,ASK
2020-10-30 10:47:07,DIS,119.32,11,BID
2020-10-30 10:47:07,DIS,119.38,16,ASK
2020-10-30 10:47:07,DIS,119.32,11,BID
2020-10-30 10:47:07,DIS,119.38,16,ASK
2020-10-30 10:47:07,DIS,119.32,11,BID
2020-10-30 10:47:07,DIS,119.38,16,ASK
2020-10-30 10:47:08,DIS,119.32,11,BID
2020-10-30 10:47:07,DIS,119.38,16,ASK
2020-10-30 10:47:08,DIS,119.32,11,BID
2020-10-30 10:47:07,DIS,119.38,16,ASK
2020-10-30 10:47:08,DIS,119.32,11,BID
2020-10-30 10:47:07,DIS,119.38,16,ASK
2020-10-30 10:47:08,DIS,119.32,11,BID
2020-10-30 10:47:07,DIS,119.38,17,ASK
2020-10-30 10:47:09,DIS,119.32,11,BID
2020-10-30 10:47:07,DIS,119.38,17,ASK
2020-10-30 10:47:09,DIS,119.32,11,BID
2020-10-30 10:47:07,DIS,119.38,17,ASK
2020-10-30 10:47:10,DIS,119.32,12,BID
2020-10-30 10:47:10,DIS,119.38,18,ASK
2020-10-30 10:47:10,DIS,119.32,12,BID
2020-10-30 10:47:10,DIS,119.38,18,ASK
2020-10-30 10:47:12,DIS,119.32,11,BID
2020-10-30 10:47:12,DIS,119.37,2,ASK
2020-10-30 10:47:12,DIS,119.32,11,BID
2020-10-30 10:47:12,DIS,119.38,16,ASK
2020-10-30 10:47:12,DIS,119.32,14,BID
2020-10-30 10:47:12,DIS,119.38,16,ASK
2020-10-30 10:47:12,DIS,119.32,14,BID
2020-10-30 10:47:12,DIS,119.38,16,ASK
2020-10-30 10:47:17,DIS,119.3,11,BID
2020-10-30 10:47:17,DIS,119.34,12,ASK
2020-10-30 10:47:18,DIS,119.28,2,BID
2020-10-30 10:47:18,DIS,119.31,8,ASK
2020-10-30 10:47:20,DIS,119.28,2,BID
2020-10-30 10:47:20,DIS,119.3,12,ASK
2020-10-30 10:47:21,DIS,119.25,4,BID
2020-10-30 10:47:21,DIS,119.29,3,ASK
2020-10-30 10:47:22,DIS,119.27,1,BID
2020-10-30 10:47:22,DIS,119.3,13,ASK
2020-10-30 10:47:23,DIS,119.28,1,BID
2020-10-30 10:47:23,DIS,119.31,2,ASK
2020-10-30 10:47:24,DIS,119.28,18,BID
2020-10-30 10:47:24,DIS,119.34,19,ASK
2020-10-30 10:47:24,DIS,119.28,21,BID
2020-10-30 10:47:24,DIS,119.35,15,ASK
2020-10-30 10:47:24,DIS,119.3,6,BID
2020-10-30 10:47:24,DIS,119.35,14,ASK
2020-10-30 10:47:25,DIS,119.31,15,BID
2020-10-30 10:47:25,DIS,119.38,16,ASK
2020-10-30 10:47:26,DIS,119.32,4,BID
2020-10-30 10:47:25,DIS,119.38,16,ASK
2020-10-30 10:47:26,DIS,119.32,4,BID
2020-10-30 10:47:25,DIS,119.38,16,ASK
2020-10-30 10:47:25,DIS,119.3,18,BID
2020-10-30 10:47:25,DIS,119.38,15,ASK
2020-10-30 10:47:30,DIS,119.3,19,BID
2020-10-30 10:47:25,DIS,119.38,15,ASK
2020-10-30 10:47:32,DIS,119.32,6,BID
2020-10-30 10:47:25,DIS,119.38,15,ASK
2020-10-30 10:47:33,DIS,119.31,5,BID
2020-10-30 10:47:33,DIS,119.37,1,ASK
2020-10-30 10:47:35,DIS,119.32,6,BID
2020-10-30 10:47:35,DIS,119.38,1,ASK
2020-10-30 10:47:35,DIS,119.32,9,BID
2020-10-30 10:47:35,DIS,119.37,4,ASK
2020-10-30 10:47:37,DIS,119.32,10,BID
2020-10-30 10:47:37,DIS,119.35,3,ASK
2020-10-30 10:47:37,DIS,119.32,9,BID
2020-10-30 10:47:37,DIS,119.35,7,ASK
2020-10-30 10:47:37,DIS,119.28,18,BID
2020-10-30 10:47:37,DIS,119.33,3,ASK
2020-10-30 10:47:38,DIS,119.3,2,BID
2020-10-30 10:47:38,DIS,119.33,6,ASK
2020-10-30 10:47:37,DIS,119.28,18,BID
2020-10-30 10:47:39,DIS,119.33,6,ASK
2020-10-30 10:47:37,DIS,119.28,16,BID
2020-10-30 10:47:41,DIS,119.36,13,ASK
2020-10-30 10:47:41,DIS,119.3,13,BID
2020-10-30 10:47:41,DIS,119.38,1,ASK
2020-10-30 10:47:42,DIS,119.31,26,BID
2020-10-30 10:47:42,DIS,119.37,2,ASK
2020-10-30 10:47:42,DIS,119.31,20,BID
2020-10-30 10:47:43,DIS,119.38,3,ASK
2020-10-30 10:47:44,DIS,119.31,15,BID
2020-10-30 10:47:45,DIS,119.38,1,ASK
2020-10-30 10:47:45,DIS,119.33,2,BID
2020-10-30 10:47:45,DIS,119.37,4,ASK
2020-10-30 10:47:46,DIS,119.32,15,BID
2020-10-30 10:47:46,DIS,119.37,5,ASK
2020-10-30 10:47:47,DIS,119.31,26,BID
2020-10-30 10:47:46,DIS,119.37,6,ASK
2020-10-30 10:47:48,DIS,119.31,26,BID
2020-10-30 10:47:46,DIS,119.37,6,ASK
2020-10-30 10:47:49,DIS,119.28,19,BID
2020-10-30 10:47:49,DIS,119.35,3,ASK
2020-10-30 10:47:50,DIS,119.31,1,BID
2020-10-30 10:47:50,DIS,119.35,3,ASK
2020-10-30 10:47:49,DIS,119.28,18,BID
2020-10-30 10:47:51,DIS,119.35,3,ASK
2020-10-30 10:47:51,DIS,119.28,14,BID
2020-10-30 10:47:52,DIS,119.32,3,ASK
2020-10-30 10:47:52,DIS,119.22,7,BID
2020-10-30 10:47:52,DIS,119.27,1,ASK
2020-10-30 10:47:52,DIS,119.22,9,BID
2020-10-30 10:47:52,DIS,119.29,4,ASK
2020-10-30 10:47:54,DIS,119.23,23,BID
2020-10-30 10:47:54,DIS,119.29,5,ASK
2020-10-30 10:47:55,DIS,119.23,25,BID
2020-10-30 10:47:55,DIS,119.29,5,ASK
2020-10-30 10:47:55,DIS,119.23,18,BID
2020-10-30 10:47:56,DIS,119.28,3,ASK
2020-10-30 10:47:55,DIS,119.23,18,BID
2020-10-30 10:47:57,DIS,119.29,14,ASK
2020-10-30 10:47:58,DIS,119.22,18,BID
2020-10-30 10:47:58,DIS,119.28,2,ASK
2020-10-30 10:47:58,DIS,119.23,2,BID
2020-10-30 10:47:58,DIS,119.28,2,ASK
2020-10-30 10:47:59,DIS,119.23,5,BID
2020-10-30 10:47:59,DIS,119.28,2,ASK
2020-10-30 10:48:00,DIS,119.21,5,BID
2020-10-30 10:48:00,DIS,119.26,4,ASK
2020-10-30 10:48:01,DIS,119.22,2,BID
2020-10-30 10:48:01,DIS,119.27,1,ASK
2020-10-30 10:48:01,DIS,119.21,8,BID
2020-10-30 10:48:01,DIS,119.27,2,ASK
2020-10-30 10:48:02,DIS,119.21,11,BID
2020-10-30 10:48:02,DIS,119.27,2,ASK
2020-10-30 10:48:02,DIS,119.21,15,BID
2020-10-30 10:48:03,DIS,119.27,10,ASK
2020-10-30 10:48:02,DIS,119.21,15,BID
2020-10-30 10:48:03,DIS,119.27,10,ASK
2020-10-30 10:48:06,DIS,119.23,3,BID
2020-10-30 10:48:06,DIS,119.29,1,ASK
2020-10-30 10:48:07,DIS,119.23,4,BID
2020-10-30 10:48:07,DIS,119.3,21,ASK
2020-10-30 10:48:08,DIS,119.24,2,BID
2020-10-30 10:48:08,DIS,119.31,2,ASK
2020-10-30 10:48:09,DIS,119.26,4,BID
2020-10-30 10:48:09,DIS,119.32,5,ASK
2020-10-30 10:48:10,DIS,119.25,4,BID
2020-10-30 10:48:10,DIS,119.32,21,ASK
2020-10-30 10:48:11,DIS,119.27,1,BID
2020-10-30 10:48:11,DIS,119.32,9,ASK
2020-10-30 10:48:13,DIS,119.24,5,BID
2020-10-30 10:48:13,DIS,119.3,3,ASK
2020-10-30 10:48:15,DIS,119.27,3,BID
2020-10-30 10:48:15,DIS,119.32,20,ASK
2020-10-30 10:48:15,DIS,119.27,5,BID
2020-10-30 10:48:15,DIS,119.32,22,ASK
2020-10-30 10:48:17,DIS,119.25,3,BID
2020-10-30 10:48:17,DIS,119.31,3,ASK
2020-10-30 10:48:18,DIS,119.27,1,BID
2020-10-30 10:48:18,DIS,119.31,2,ASK
2020-10-30 10:48:19,DIS,119.23,14,BID
2020-10-30 10:48:19,DIS,119.29,19,ASK
2020-10-30 10:48:19,DIS,119.23,15,BID
2020-10-30 10:48:20,DIS,119.28,18,ASK
2020-10-30 10:48:19,DIS,119.23,13,BID
2020-10-30 10:48:21,DIS,119.28,15,ASK
2020-10-30 10:48:19,DIS,119.23,12,BID
2020-10-30 10:48:22,DIS,119.27,4,ASK
2020-10-30 10:48:19,DIS,119.23,12,BID
2020-10-30 10:48:23,DIS,119.27,11,ASK
2020-10-30 10:48:19,DIS,119.23,13,BID
2020-10-30 10:48:24,DIS,119.26,6,ASK
2020-10-30 10:48:25,DIS,119.24,7,BID
2020-10-30 10:48:25,DIS,119.28,16,ASK
2020-10-30 10:48:26,DIS,119.26,3,BID
2020-10-30 10:48:26,DIS,119.31,7,ASK
2020-10-30 10:48:28,DIS,119.24,6,BID
2020-10-30 10:48:29,DIS,119.28,23,ASK
2020-10-30 10:48:30,DIS,119.22,2,BID
2020-10-30 10:48:29,DIS,119.28,6,ASK
2020-10-30 10:48:31,DIS,119.24,2,BID
2020-10-30 10:48:31,DIS,119.29,1,ASK
2020-10-30 10:48:33,DIS,119.24,1,BID
2020-10-30 10:48:33,DIS,119.29,3,ASK
2020-10-30 10:48:33,DIS,119.24,3,BID
2020-10-30 10:48:33,DIS,119.29,3,ASK
2020-10-30 10:48:35,DIS,119.24,4,BID
2020-10-30 10:48:35,DIS,119.29,3,ASK
2020-10-30 10:48:37,DIS,119.24,4,BID
2020-10-30 10:48:37,DIS,119.29,3,ASK
2020-10-30 10:48:40,DIS,119.24,5,BID
2020-10-30 10:48:40,DIS,119.28,1,ASK
2020-10-30 10:48:41,DIS,119.24,5,BID
2020-10-30 10:48:40,DIS,119.29,21,ASK
2020-10-30 10:48:43,DIS,119.23,1,BID
2020-10-30 10:48:43,DIS,119.26,9,ASK
2020-10-30 10:48:02,DIS,119.21,11,BID
2020-10-30 10:48:43,DIS,119.25,3,ASK
2020-10-30 10:48:45,DIS,119.15,1,BID
2020-10-30 10:48:45,DIS,119.2,3,ASK
2020-10-30 10:48:45,DIS,119.15,1,BID
2020-10-30 10:48:45,DIS,119.2,3,ASK
2020-10-30 10:48:47,DIS,119.18,5,BID
2020-10-30 10:48:47,DIS,119.2,3,ASK
2020-10-30 10:48:49,DIS,119.2,9,BID
2020-10-30 10:48:49,DIS,119.23,13,ASK
2020-10-30 10:48:51,DIS,119.18,5,BID
2020-10-30 10:48:50,DIS,119.22,4,ASK
2020-10-30 10:48:52,DIS,119.19,4,BID
2020-10-30 10:48:49,DIS,119.23,13,ASK
2020-10-30 10:48:53,DIS,119.22,4,BID
2020-10-30 10:48:53,DIS,119.28,3,ASK
2020-10-30 10:48:55,DIS,119.23,5,BID
2020-10-30 10:48:55,DIS,119.27,16,ASK
2020-10-30 10:48:52,DIS,119.18,14,BID
2020-10-30 10:48:57,DIS,119.25,1,ASK
2020-10-30 10:48:57,DIS,119.18,19,BID
2020-10-30 10:48:58,DIS,119.24,3,ASK
2020-10-30 10:48:57,DIS,119.18,19,BID
2020-10-30 10:48:58,DIS,119.24,3,ASK
2020-10-30 10:49:00,DIS,119.19,2,BID
2020-10-30 10:49:00,DIS,119.24,3,ASK
2020-10-30 10:49:00,DIS,119.19,4,BID
2020-10-30 10:49:00,DIS,119.24,3,ASK
2020-10-30 10:49:01,DIS,119.19,8,BID
2020-10-30 10:49:01,DIS,119.24,3,ASK
2020-10-30 10:49:01,DIS,119.19,8,BID
2020-10-30 10:49:01,DIS,119.24,3,ASK
2020-10-30 10:49:01,DIS,119.19,8,BID
2020-10-30 10:49:01,DIS,119.24,3,ASK
2020-10-30 10:49:01,DIS,119.19,8,BID
2020-10-30 10:49:01,DIS,119.24,3,ASK
2020-10-30 10:49:01,DIS,119.19,8,BID
2020-10-30 10:49:01,DIS,119.24,3,ASK
2020-10-30 10:49:01,DIS,119.19,8,BID
2020-10-30 10:49:01,DIS,119.24,3,ASK
2020-10-30 10:49:01,DIS,119.19,8,BID
2020-10-30 10:49:01,DIS,119.24,3,ASK
2020-10-30 10:49:01,DIS,119.19,8,BID
2020-10-30 10:49:01,DIS,119.24,3,ASK
2020-10-30 10:49:01,DIS,119.19,8,BID
2020-10-30 10:49:01,DIS,119.24,3,ASK
2020-10-30 10:49:01,DIS,119.19,8,BID
2020-10-30 10:49:01,DIS,119.24,3,ASK
2020-10-30 10:49:01,DIS,119.19,8,BID
2020-10-30 10:49:01,DIS,119.24,3,ASK
2020-10-30 10:49:01,DIS,119.19,8,BID
2020-10-30 10:49:01,DIS,119.24,3,ASK
2020-10-30 10:49:01,DIS,119.19,8,BID
2020-10-30 10:49:01,DIS,119.24,3,ASK
2020-10-30 10:49:01,DIS,119.19,8,BID
2020-10-30 10:49:01,DIS,119.24,3,ASK
2020-10-30 10:49:01,DIS,119.19,8,BID
2020-10-30 10:49:01,DIS,119.24,3,ASK
2020-10-30 10:49:01,DIS,119.19,8,BID
2020-10-30 10:49:01,DIS,119.24,3,ASK
2020-10-30 10:49:01,DIS,119.19,8,BID
2020-10-30 10:49:01,DIS,119.24,3,ASK
2020-10-30 10:49:01,DIS,119.19,8,BID
2020-10-30 10:49:01,DIS,119.24,3,ASK
2020-10-30 10:49:01,DIS,119.19,8,BID
2020-10-30 10:49:01,DIS,119.24,3,ASK
2020-10-30 10:49:01,DIS,119.19,8,BID
2020-10-30 10:49:01,DIS,119.24,3,ASK
2020-10-30 10:49:01,DIS,119.19,8,BID
2020-10-30 10:49:01,DIS,119.24,3,ASK
2020-10-30 10:49:01,DIS,119.19,8,BID
2020-10-30 10:49:01,DIS,119.24,3,ASK
2020-10-30 10:49:01,DIS,119.19,8,BID
2020-10-30 10:49:01,DIS,119.24,3,ASK
2020-10-30 10:49:01,DIS,119.19,8,BID
2020-10-30 10:49:01,DIS,119.24,3,ASK
2020-10-30 10:49:01,DIS,119.19,8,BID
2020-10-30 10:49:01,DIS,119.24,3,ASK
2020-10-30 10:49:01,DIS,119.19,8,BID
2020-10-30 10:49:01,DIS,119.24,3,ASK
2020-10-30 10:49:08,DIS,119.22,6,BID
2020-10-30 10:49:09,DIS,119.29,23,ASK
2020-10-30 10:49:10,DIS,119.22,2,BID
2020-10-30 10:49:10,DIS,119.28,15,ASK
2020-10-30 10:49:11,DIS,119.22,3,BID
2020-10-30 10:49:11,DIS,119.27,1,ASK
2020-10-30 10:49:12,DIS,119.22,9,BID
2020-10-30 10:49:09,DIS,119.29,28,ASK
2020-10-30 10:49:13,DIS,119.2,1,BID
2020-10-30 10:49:13,DIS,119.25,3,ASK
2020-10-30 10:49:14,DIS,119.2,1,BID
2020-10-30 10:49:14,DIS,119.25,6,ASK
2020-10-30 10:49:14,DIS,119.2,1,BID
2020-10-30 10:49:14,DIS,119.25,6,ASK
2020-10-30 10:49:01,DIS,119.19,10,BID
2020-10-30 10:49:16,DIS,119.23,4,ASK
2020-10-30 10:49:01,DIS,119.19,10,BID
2020-10-30 10:49:17,DIS,119.24,3,ASK
2020-10-30 10:49:17,DIS,119.19,10,BID
2020-10-30 10:49:17,DIS,119.24,2,ASK
2020-10-30 10:49:17,DIS,119.19,11,BID
2020-10-30 10:49:19,DIS,119.27,1,ASK
2020-10-30 10:49:17,DIS,119.19,11,BID
2020-10-30 10:49:19,DIS,119.25,3,ASK
2020-10-30 10:49:17,DIS,119.19,12,BID
2020-10-30 10:49:22,DIS,119.25,3,ASK
2020-10-30 10:49:22,DIS,119.19,11,BID
2020-10-30 10:49:23,DIS,119.27,1,ASK
2020-10-30 10:49:22,DIS,119.19,11,BID
2020-10-30 10:49:24,DIS,119.25,3,ASK
2020-10-30 10:49:26,DIS,119.2,3,BID
2020-10-30 10:49:26,DIS,119.25,5,ASK
2020-10-30 10:49:27,DIS,119.22,2,BID
2020-10-30 10:49:27,DIS,119.28,26,ASK
2020-10-30 10:49:29,DIS,119.27,2,BID
2020-10-30 10:49:29,DIS,119.28,20,ASK
2020-10-30 10:49:29,DIS,119.24,12,BID
2020-10-30 10:49:31,DIS,119.31,19,ASK
2020-10-30 10:49:31,DIS,119.24,8,BID
2020-10-30 10:49:31,DIS,119.29,22,ASK
2020-10-30 10:49:31,DIS,119.24,8,BID
2020-10-30 10:49:31,DIS,119.29,22,ASK
2020-10-30 10:49:32,DIS,119.24,8,BID
2020-10-30 10:49:32,DIS,119.29,22,ASK
2020-10-30 10:49:32,DIS,119.24,8,BID
2020-10-30 10:49:32,DIS,119.29,22,ASK
2020-10-30 10:49:32,DIS,119.24,8,BID
2020-10-30 10:49:32,DIS,119.29,22,ASK
2020-10-30 10:49:32,DIS,119.24,8,BID
2020-10-30 10:49:32,DIS,119.29,22,ASK
2020-10-30 10:49:32,DIS,119.24,8,BID
2020-10-30 10:49:32,DIS,119.29,22,ASK
2020-10-30 10:49:37,DIS,119.21,18,BID
2020-10-30 10:49:37,DIS,119.27,11,ASK
2020-10-30 10:49:32,DIS,119.19,15,BID
2020-10-30 10:49:37,DIS,119.25,15,ASK
2020-10-30 10:49:32,DIS,119.19,15,BID
2020-10-30 10:49:37,DIS,119.25,15,ASK
2020-10-30 10:49:32,DIS,119.19,15,BID
2020-10-30 10:49:37,DIS,119.25,15,ASK
2020-10-30 10:49:32,DIS,119.19,15,BID
2020-10-30 10:49:39,DIS,119.25,19,ASK
2020-10-30 10:49:32,DIS,119.19,15,BID
2020-10-30 10:49:40,DIS,119.23,5,ASK
2020-10-30 10:49:42,DIS,119.16,11,BID
2020-10-30 10:49:42,DIS,119.2,2,ASK
2020-10-30 10:49:44,DIS,119.19,4,BID
2020-10-30 10:49:44,DIS,119.23,4,ASK
2020-10-30 10:49:45,DIS,119.16,13,BID
2020-10-30 10:49:45,DIS,119.22,12,ASK
2020-10-30 10:49:48,DIS,119.17,9,BID
2020-10-30 10:49:48,DIS,119.22,14,ASK
2020-10-30 10:49:49,DIS,119.19,10,BID
2020-10-30 10:49:49,DIS,119.26,2,ASK
2020-10-30 10:49:50,DIS,119.19,16,BID
2020-10-30 10:49:49,DIS,119.26,4,ASK
2020-10-30 10:49:50,DIS,119.17,10,BID
2020-10-30 10:49:50,DIS,119.24,4,ASK
2020-10-30 10:49:51,DIS,119.18,3,BID
2020-10-30 10:49:51,DIS,119.24,4,ASK
2020-10-30 10:49:53,DIS,119.18,5,BID
2020-10-30 10:49:53,DIS,119.23,3,ASK
2020-10-30 10:49:53,DIS,119.18,5,BID
2020-10-30 10:49:53,DIS,119.23,3,ASK
2020-10-30 10:49:55,DIS,119.18,4,BID
2020-10-30 10:49:55,DIS,119.21,12,ASK
2020-10-30 10:49:57,DIS,119.18,3,BID
2020-10-30 10:49:57,DIS,119.21,1,ASK
2020-10-30 10:49:57,DIS,119.18,3,BID
2020-10-30 10:49:59,DIS,119.21,3,ASK
2020-10-30 10:50:00,DIS,119.17,9,BID
2020-10-30 10:50:00,DIS,119.21,3,ASK
2020-10-30 10:50:01,DIS,119.18,3,BID
2020-10-30 10:50:01,DIS,119.22,3,ASK
2020-10-30 10:50:02,DIS,119.18,6,BID
2020-10-30 10:50:02,DIS,119.22,2,ASK
2020-10-30 10:50:02,DIS,119.17,9,BID
2020-10-30 10:50:02,DIS,119.22,2,ASK
2020-10-30 10:50:03,DIS,119.17,9,BID
2020-10-30 10:50:03,DIS,119.22,8,ASK
2020-10-30 10:50:04,DIS,119.17,9,BID
2020-10-30 10:50:04,DIS,119.21,6,ASK
2020-10-30 10:50:04,DIS,119.11,3,BID
2020-10-30 10:50:04,DIS,119.16,21,ASK
2020-10-30 10:50:05,DIS,119.13,1,BID
2020-10-30 10:50:05,DIS,119.16,17,ASK
2020-10-30 10:50:07,DIS,119.1,4,BID
2020-10-30 10:50:05,DIS,119.16,17,ASK
2020-10-30 10:50:07,DIS,119.1,4,BID
2020-10-30 10:50:05,DIS,119.16,17,ASK
2020-10-30 10:50:07,DIS,119.1,11,BID
2020-10-30 10:50:05,DIS,119.16,17,ASK
2020-10-30 10:50:08,DIS,119.1,11,BID
2020-10-30 10:50:05,DIS,119.16,17,ASK
2020-10-30 10:50:09,DIS,119.1,10,BID
2020-10-30 10:50:09,DIS,119.16,18,ASK
2020-10-30 10:50:09,DIS,119.11,26,BID
2020-10-30 10:50:10,DIS,119.16,18,ASK
2020-10-30 10:50:12,DIS,119.13,4,BID
2020-10-30 10:50:12,DIS,119.16,18,ASK
2020-10-30 10:50:12,DIS,119.13,7,BID
2020-10-30 10:50:13,DIS,119.21,7,ASK
2020-10-30 10:50:14,DIS,119.15,2,BID
2020-10-30 10:50:14,DIS,119.21,7,ASK
2020-10-30 10:50:14,DIS,119.17,1,BID
2020-10-30 10:50:14,DIS,119.23,8,ASK
2020-10-30 10:50:16,DIS,119.17,5,BID
2020-10-30 10:50:15,DIS,119.22,1,ASK
2020-10-30 10:50:16,DIS,119.17,12,BID
2020-10-30 10:50:16,DIS,119.22,1,ASK
2020-10-30 10:50:17,DIS,119.17,18,BID
2020-10-30 10:50:17,DIS,119.22,1,ASK
2020-10-30 10:50:19,DIS,119.17,18,BID
2020-10-30 10:50:18,DIS,119.22,5,ASK
2020-10-30 10:50:21,DIS,119.17,18,BID
2020-10-30 10:50:21,DIS,119.23,11,ASK
2020-10-30 10:50:22,DIS,119.17,18,BID
2020-10-30 10:50:22,DIS,119.22,5,ASK
2020-10-30 10:50:24,DIS,119.17,18,BID
2020-10-30 10:50:24,DIS,119.22,11,ASK
2020-10-30 10:50:26,DIS,119.14,2,BID
2020-10-30 10:50:26,DIS,119.21,11,ASK
2020-10-30 10:50:26,DIS,119.14,3,BID
2020-10-30 10:50:26,DIS,119.19,8,ASK
2020-10-30 10:50:26,DIS,119.14,3,BID
2020-10-30 10:50:26,DIS,119.19,8,ASK
2020-10-30 10:50:26,DIS,119.14,3,BID
2020-10-30 10:50:26,DIS,119.19,8,ASK
2020-10-30 10:50:30,DIS,119.13,2,BID
2020-10-30 10:50:30,DIS,119.19,9,ASK
2020-10-30 10:50:31,DIS,119.14,4,BID
2020-10-30 10:50:31,DIS,119.19,13,ASK
2020-10-30 10:50:33,DIS,119.14,2,BID
2020-10-30 10:50:33,DIS,119.19,13,ASK
2020-10-30 10:50:33,DIS,119.16,2,BID
2020-10-30 10:50:33,DIS,119.19,11,ASK
2020-10-30 10:50:34,DIS,119.17,1,BID
2020-10-30 10:50:34,DIS,119.22,2,ASK
2020-10-30 10:50:34,DIS,119.17,3,BID
2020-10-30 10:50:34,DIS,119.22,2,ASK
2020-10-30 10:50:36,DIS,119.17,4,BID
2020-10-30 10:50:36,DIS,119.22,4,ASK
2020-10-30 10:50:37,DIS,119.16,1,BID
2020-10-30 10:50:37,DIS,119.19,12,ASK
2020-10-30 10:50:37,DIS,119.14,6,BID
2020-10-30 10:50:38,DIS,119.19,4,ASK
2020-10-30 10:50:39,DIS,119.14,7,BID
2020-10-30 10:50:39,DIS,119.2,14,ASK
2020-10-30 10:50:41,DIS,119.13,3,BID
2020-10-30 10:50:41,DIS,119.19,20,ASK
2020-10-30 10:50:43,DIS,119.14,5,BID
2020-10-30 10:50:43,DIS,119.19,21,ASK
2020-10-30 10:50:43,DIS,119.14,4,BID
2020-10-30 10:50:44,DIS,119.19,21,ASK
2020-10-30 10:50:45,DIS,119.14,6,BID
2020-10-30 10:50:45,DIS,119.19,21,ASK
2020-10-30 10:50:47,DIS,119.16,2,BID
2020-10-30 10:50:46,DIS,119.19,20,ASK
2020-10-30 10:50:49,DIS,119.14,7,BID
2020-10-30 10:50:46,DIS,119.19,17,ASK
2020-10-30 10:50:51,DIS,119.14,7,BID
2020-10-30 10:50:51,DIS,119.18,2,ASK
2020-10-30 10:50:53,DIS,119.15,1,BID
2020-10-30 10:50:53,DIS,119.18,1,ASK
2020-10-30 10:50:55,DIS,119.11,14,BID
2020-10-30 10:50:55,DIS,119.15,6,ASK
2020-10-30 10:50:56,DIS,119.12,1,BID
2020-10-30 10:50:56,DIS,119.16,12,ASK
2020-10-30 10:50:57,DIS,119.11,15,BID
2020-10-30 10:50:57,DIS,119.16,4,ASK
2020-10-30 10:50:57,DIS,119.12,2,BID
2020-10-30 10:50:57,DIS,119.16,10,ASK
2020-10-30 10:50:58,DIS,119.12,2,BID
2020-10-30 10:50:58,DIS,119.16,14,ASK
2020-10-30 10:50:59,DIS,119.17,3,BID
2020-10-30 10:50:59,DIS,119.19,24,ASK
2020-10-30 10:51:00,DIS,119.14,1,BID
2020-10-30 10:51:00,DIS,119.19,19,ASK
2020-10-30 10:51:01,DIS,119.15,3,BID
2020-10-30 10:51:00,DIS,119.19,20,ASK
2020-10-30 10:51:02,DIS,119.15,1,BID
2020-10-30 10:51:02,DIS,119.19,16,ASK
2020-10-30 10:51:03,DIS,119.17,4,BID
2020-10-30 10:51:03,DIS,119.24,9,ASK
2020-10-30 10:51:03,DIS,119.17,4,BID
2020-10-30 10:51:03,DIS,119.24,10,ASK
2020-10-30 10:51:04,DIS,119.2,3,BID
2020-10-30 10:51:04,DIS,119.25,7,ASK
2020-10-30 10:51:05,DIS,119.21,1,BID
2020-10-30 10:51:05,DIS,119.25,12,ASK
2020-10-30 10:51:06,DIS,119.17,15,BID
2020-10-30 10:51:05,DIS,119.25,20,ASK
2020-10-30 10:51:06,DIS,119.14,7,BID
2020-10-30 10:51:06,DIS,119.22,5,ASK
2020-10-30 10:51:07,DIS,119.17,4,BID
2020-10-30 10:51:08,DIS,119.23,13,ASK
2020-10-30 10:51:09,DIS,119.17,5,BID
2020-10-30 10:51:09,DIS,119.24,16,ASK
2020-10-30 10:51:10,DIS,119.17,7,BID
2020-10-30 10:51:11,DIS,119.22,5,ASK
