timestamp,ticker,price,volume,bid_ask
2020-10-30 10:31:25,GS,186.7,1,BID
2020-10-30 10:31:25,GS,186.86,2,ASK
2020-10-30 10:31:25,GS,186.7,1,BID
2020-10-30 10:31:25,GS,186.86,2,ASK
2020-10-30 10:31:28,GS,186.71,1,BID
2020-10-30 10:31:25,GS,186.86,2,ASK
2020-10-30 10:31:30,GS,186.71,1,BID
2020-10-30 10:31:25,GS,186.86,2,ASK
2020-10-30 10:31:30,GS,186.71,1,BID
2020-10-30 10:31:25,GS,186.86,2,ASK
2020-10-30 10:31:32,GS,186.67,14,BID
2020-10-30 10:31:32,GS,186.84,3,ASK
2020-10-30 10:31:32,GS,186.67,14,BID
2020-10-30 10:31:32,GS,186.83,3,ASK
2020-10-30 10:31:33,GS,186.61,8,BID
2020-10-30 10:31:33,GS,186.81,3,ASK
2020-10-30 10:31:35,GS,186.57,3,BID
2020-10-30 10:31:34,GS,186.79,3,ASK
2020-10-30 10:31:35,GS,186.61,1,BID
2020-10-30 10:31:35,GS,186.79,3,ASK
2020-10-30 10:31:37,GS,186.61,1,BID
2020-10-30 10:31:37,GS,186.78,2,ASK
2020-10-30 10:31:37,GS,186.61,1,BID
2020-10-30 10:31:37,GS,186.78,2,ASK
2020-10-30 10:31:38,GS,186.61,1,BID
2020-10-30 10:31:38,GS,186.78,3,ASK
2020-10-30 10:31:38,GS,186.61,1,BID
2020-10-30 10:31:38,GS,186.78,3,ASK
2020-10-30 10:31:38,GS,186.61,1,BID
2020-10-30 10:31:38,GS,186.78,3,ASK
2020-10-30 10:31:41,GS,186.61,1,BID
2020-10-30 10:31:41,GS,186.78,5,ASK
2020-10-30 10:31:41,GS,186.61,1,BID
2020-10-30 10:31:41,GS,186.78,5,ASK
2020-10-30 10:31:41,GS,186.61,1,BID
2020-10-30 10:31:41,GS,186.78,5,ASK
2020-10-30 10:31:44,GS,186.61,1,BID
2020-10-30 10:31:44,GS,186.78,5,ASK
2020-10-30 10:31:44,GS,186.61,1,BID
2020-10-30 10:31:44,GS,186.78,5,ASK
2020-10-30 10:31:47,GS,186.61,2,BID
2020-10-30 10:31:47,GS,186.77,1,ASK
2020-10-30 10:31:47,GS,186.61,2,BID
2020-10-30 10:31:47,GS,186.77,1,ASK
2020-10-30 10:31:48,GS,186.65,1,BID
2020-10-30 10:31:48,GS,186.77,1,ASK
2020-10-30 10:31:48,GS,186.65,1,BID
2020-10-30 10:31:48,GS,186.77,1,ASK
2020-10-30 10:31:48,GS,186.65,1,BID
2020-10-30 10:31:48,GS,186.77,1,ASK
2020-10-30 10:31:48,GS,186.65,1,BID
2020-10-30 10:31:48,GS,186.77,1,ASK
2020-10-30 10:31:48,GS,186.65,1,BID
2020-10-30 10:31:48,GS,186.77,1,ASK
2020-10-30 10:31:53,GS,186.61,3,BID
2020-10-30 10:31:53,GS,186.72,5,ASK
2020-10-30 10:31:53,GS,186.61,3,BID
2020-10-30 10:31:53,GS,186.72,5,ASK
2020-10-30 10:31:53,GS,186.61,3,BID
2020-10-30 10:31:53,GS,186.72,5,ASK
2020-10-30 10:31:56,GS,186.55,7,BID
2020-10-30 10:31:56,GS,186.72,4,ASK
2020-10-30 10:31:58,GS,186.55,6,BID
2020-10-30 10:31:58,GS,186.72,5,ASK
2020-10-30 10:31:59,GS,186.55,6,BID
2020-10-30 10:31:59,GS,186.67,1,ASK
2020-10-30 10:32:00,GS,186.55,6,BID
2020-10-30 10:32:00,GS,186.67,1,ASK
2020-10-30 10:32:00,GS,186.55,6,BID
2020-10-30 10:32:00,GS,186.67,1,ASK
2020-10-30 10:32:00,GS,186.55,6,BID
2020-10-30 10:32:00,GS,186.67,1,ASK
2020-10-30 10:32:00,GS,186.55,6,BID
2020-10-30 10:32:00,GS,186.67,1,ASK
2020-10-30 10:32:01,GS,186.5,1,BID
2020-10-30 10:32:01,GS,186.65,4,ASK
2020-10-30 10:32:01,GS,186.44,2,BID
2020-10-30 10:32:01,GS,186.57,2,ASK
2020-10-30 10:32:02,GS,186.5,1,BID
2020-10-30 10:32:02,GS,186.58,2,ASK
2020-10-30 10:32:03,GS,186.44,2,BID
2020-10-30 10:32:03,GS,186.64,3,ASK
2020-10-30 10:32:03,GS,186.44,4,BID
2020-10-30 10:32:03,GS,186.64,3,ASK
2020-10-30 10:32:03,GS,186.44,4,BID
2020-10-30 10:32:03,GS,186.64,3,ASK
2020-10-30 10:32:05,GS,186.44,4,BID
2020-10-30 10:32:05,GS,186.64,3,ASK
2020-10-30 10:32:05,GS,186.44,4,BID
2020-10-30 10:32:05,GS,186.64,3,ASK
2020-10-30 10:32:07,GS,186.5,1,BID
2020-10-30 10:32:07,GS,186.64,4,ASK
2020-10-30 10:32:08,GS,186.46,1,BID
2020-10-30 10:32:08,GS,186.64,4,ASK
2020-10-30 10:32:09,GS,186.46,1,BID
2020-10-30 10:32:09,GS,186.64,4,ASK
2020-10-30 10:32:10,GS,186.46,1,BID
2020-10-30 10:32:10,GS,186.64,4,ASK
2020-10-30 10:32:10,GS,186.46,1,BID
2020-10-30 10:32:10,GS,186.64,4,ASK
2020-10-30 10:32:10,GS,186.46,1,BID
2020-10-30 10:32:10,GS,186.64,4,ASK
2020-10-30 10:32:12,GS,186.5,1,BID
2020-10-30 10:32:12,GS,186.64,4,ASK
2020-10-30 10:32:14,GS,186.5,1,BID
2020-10-30 10:32:12,GS,186.64,5,ASK
2020-10-30 10:32:14,GS,186.5,1,BID
2020-10-30 10:32:12,GS,186.64,5,ASK
2020-10-30 10:32:16,GS,186.46,1,BID
2020-10-30 10:32:12,GS,186.64,5,ASK
2020-10-30 10:32:19,GS,186.5,1,BID
2020-10-30 10:32:12,GS,186.64,5,ASK
2020-10-30 10:32:19,GS,186.41,3,BID
2020-10-30 10:32:19,GS,186.56,2,ASK
2020-10-30 10:32:19,GS,186.41,2,BID
2020-10-30 10:32:19,GS,186.56,2,ASK
2020-10-30 10:32:20,GS,186.44,1,BID
2020-10-30 10:32:20,GS,186.56,5,ASK
2020-10-30 10:32:20,GS,186.44,1,BID
2020-10-30 10:32:20,GS,186.56,5,ASK
2020-10-30 10:32:20,GS,186.44,1,BID
2020-10-30 10:32:20,GS,186.56,5,ASK
2020-10-30 10:32:20,GS,186.44,1,BID
2020-10-30 10:32:20,GS,186.56,5,ASK
2020-10-30 10:32:22,GS,186.45,1,BID
2020-10-30 10:32:22,GS,186.63,6,ASK
2020-10-30 10:32:22,GS,186.45,1,BID
2020-10-30 10:32:22,GS,186.63,6,ASK
2020-10-30 10:32:22,GS,186.45,1,BID
2020-10-30 10:32:22,GS,186.63,6,ASK
2020-10-30 10:32:24,GS,186.4,1,BID
2020-10-30 10:32:24,GS,186.51,1,ASK
2020-10-30 10:32:24,GS,186.26,2,BID
2020-10-30 10:32:24,GS,186.37,1,ASK
2020-10-30 10:32:24,GS,186.25,2,BID
2020-10-30 10:32:24,GS,186.37,2,ASK
2020-10-30 10:32:25,GS,186.25,2,BID
2020-10-30 10:32:25,GS,186.37,2,ASK
2020-10-30 10:32:25,GS,186.25,2,BID
2020-10-30 10:32:25,GS,186.37,2,ASK
2020-10-30 10:32:26,GS,186.25,3,BID
2020-10-30 10:32:25,GS,186.37,2,ASK
2020-10-30 10:32:26,GS,186.25,3,BID
2020-10-30 10:32:26,GS,186.36,1,ASK
2020-10-30 10:32:26,GS,186.25,2,BID
2020-10-30 10:32:27,GS,186.36,1,ASK
2020-10-30 10:32:26,GS,186.25,2,BID
2020-10-30 10:32:27,GS,186.37,3,ASK
2020-10-30 10:32:27,GS,186.25,2,BID
2020-10-30 10:32:27,GS,186.37,3,ASK
2020-10-30 10:32:27,GS,186.25,2,BID
2020-10-30 10:32:27,GS,186.37,3,ASK
2020-10-30 10:32:27,GS,186.25,2,BID
2020-10-30 10:32:27,GS,186.37,3,ASK
2020-10-30 10:32:30,GS,186.27,1,BID
2020-10-30 10:32:30,GS,186.43,4,ASK
2020-10-30 10:32:30,GS,186.27,1,BID
2020-10-30 10:32:30,GS,186.43,4,ASK
2020-10-30 10:32:31,GS,186.27,1,BID
2020-10-30 10:32:31,GS,186.43,5,ASK
2020-10-30 10:32:31,GS,186.27,1,BID
2020-10-30 10:32:31,GS,186.43,5,ASK
2020-10-30 10:32:31,GS,186.27,1,BID
2020-10-30 10:32:31,GS,186.43,5,ASK
2020-10-30 10:32:33,GS,186.27,1,BID
2020-10-30 10:32:33,GS,186.43,8,ASK
2020-10-30 10:32:34,GS,186.27,1,BID
2020-10-30 10:32:34,GS,186.43,8,ASK
2020-10-30 10:32:34,GS,186.26,4,BID
2020-10-30 10:32:34,GS,186.43,7,ASK
2020-10-30 10:32:34,GS,186.26,4,BID
2020-10-30 10:32:34,GS,186.43,7,ASK
2020-10-30 10:32:37,GS,186.26,4,BID
2020-10-30 10:32:37,GS,186.43,7,ASK
2020-10-30 10:32:37,GS,186.26,4,BID
2020-10-30 10:32:37,GS,186.43,7,ASK
2020-10-30 10:32:38,GS,186.26,4,BID
2020-10-30 10:32:38,GS,186.43,11,ASK
2020-10-30 10:32:38,GS,186.26,4,BID
2020-10-30 10:32:38,GS,186.43,11,ASK
2020-10-30 10:32:38,GS,186.26,4,BID
2020-10-30 10:32:38,GS,186.43,11,ASK
2020-10-30 10:32:38,GS,186.26,4,BID
2020-10-30 10:32:38,GS,186.43,11,ASK
2020-10-30 10:32:38,GS,186.26,4,BID
2020-10-30 10:32:42,GS,186.42,1,ASK
2020-10-30 10:32:38,GS,186.26,4,BID
2020-10-30 10:32:42,GS,186.42,1,ASK
2020-10-30 10:32:38,GS,186.26,4,BID
2020-10-30 10:32:42,GS,186.42,1,ASK
2020-10-30 10:32:38,GS,186.26,4,BID
2020-10-30 10:32:42,GS,186.42,1,ASK
2020-10-30 10:32:45,GS,186.29,1,BID
2020-10-30 10:32:45,GS,186.42,1,ASK
2020-10-30 10:32:45,GS,186.29,1,BID
2020-10-30 10:32:45,GS,186.42,1,ASK
2020-10-30 10:32:45,GS,186.29,1,BID
2020-10-30 10:32:45,GS,186.42,1,ASK
2020-10-30 10:32:48,GS,186.29,1,BID
2020-10-30 10:32:48,GS,186.43,12,ASK
2020-10-30 10:32:49,GS,186.29,1,BID
2020-10-30 10:32:48,GS,186.43,10,ASK
2020-10-30 10:32:51,GS,186.29,1,BID
2020-10-30 10:32:51,GS,186.42,1,ASK
2020-10-30 10:32:51,GS,186.29,1,BID
2020-10-30 10:32:51,GS,186.42,1,ASK
2020-10-30 10:32:55,GS,186.3,4,BID
2020-10-30 10:32:55,GS,186.42,2,ASK
2020-10-30 10:32:55,GS,186.3,4,BID
2020-10-30 10:32:55,GS,186.42,2,ASK
2020-10-30 10:32:57,GS,186.34,3,BID
2020-10-30 10:32:57,GS,186.42,2,ASK
2020-10-30 10:32:57,GS,186.34,3,BID
2020-10-30 10:32:57,GS,186.42,2,ASK
2020-10-30 10:32:58,GS,186.34,3,BID
2020-10-30 10:32:58,GS,186.42,1,ASK
2020-10-30 10:32:59,GS,186.34,4,BID
2020-10-30 10:32:59,GS,186.42,1,ASK
2020-10-30 10:33:00,GS,186.35,1,BID
2020-10-30 10:33:00,GS,186.42,1,ASK
2020-10-30 10:33:00,GS,186.35,1,BID
2020-10-30 10:33:00,GS,186.42,1,ASK
2020-10-30 10:33:02,GS,186.45,3,BID
2020-10-30 10:33:02,GS,186.58,2,ASK
2020-10-30 10:33:02,GS,186.45,3,BID
2020-10-30 10:33:02,GS,186.58,2,ASK
2020-10-30 10:33:02,GS,186.45,5,BID
2020-10-30 10:33:02,GS,186.58,2,ASK
2020-10-30 10:33:02,GS,186.45,5,BID
2020-10-30 10:33:04,GS,186.58,2,ASK
2020-10-30 10:33:04,GS,186.45,5,BID
2020-10-30 10:33:02,GS,186.58,2,ASK
2020-10-30 10:33:04,GS,186.45,5,BID
2020-10-30 10:33:02,GS,186.58,2,ASK
2020-10-30 10:33:04,GS,186.45,5,BID
2020-10-30 10:33:02,GS,186.58,2,ASK
2020-10-30 10:33:04,GS,186.45,5,BID
2020-10-30 10:33:02,GS,186.58,2,ASK
2020-10-30 10:33:04,GS,186.45,5,BID
2020-10-30 10:33:02,GS,186.58,2,ASK
2020-10-30 10:33:04,GS,186.45,5,BID
2020-10-30 10:33:02,GS,186.58,2,ASK
2020-10-30 10:33:04,GS,186.45,5,BID
2020-10-30 10:33:02,GS,186.58,2,ASK
2020-10-30 10:33:12,GS,186.5,1,BID
2020-10-30 10:33:02,GS,186.58,2,ASK
2020-10-30 10:33:12,GS,186.5,1,BID
2020-10-30 10:33:02,GS,186.58,2,ASK
2020-10-30 10:33:14,GS,186.4,1,BID
2020-10-30 10:33:14,GS,186.51,2,ASK
2020-10-30 10:33:15,GS,186.4,1,BID
2020-10-30 10:33:15,GS,186.5,2,ASK
2020-10-30 10:33:15,GS,186.4,1,BID
2020-10-30 10:33:15,GS,186.5,2,ASK
2020-10-30 10:33:17,GS,186.42,5,BID
2020-10-30 10:33:17,GS,186.58,3,ASK
2020-10-30 10:33:19,GS,186.42,5,BID
2020-10-30 10:33:19,GS,186.58,4,ASK
2020-10-30 10:33:19,GS,186.42,5,BID
2020-10-30 10:33:20,GS,186.58,4,ASK
2020-10-30 10:33:19,GS,186.42,5,BID
2020-10-30 10:33:20,GS,186.58,4,ASK
2020-10-30 10:33:21,GS,186.45,1,BID
2020-10-30 10:33:21,GS,186.58,4,ASK
2020-10-30 10:33:23,GS,186.4,1,BID
2020-10-30 10:33:23,GS,186.58,8,ASK
2020-10-30 10:33:23,GS,186.4,1,BID
2020-10-30 10:33:23,GS,186.58,8,ASK
2020-10-30 10:33:25,GS,186.4,1,BID
2020-10-30 10:33:25,GS,186.58,8,ASK
2020-10-30 10:33:27,GS,186.4,1,BID
2020-10-30 10:33:27,GS,186.58,8,ASK
2020-10-30 10:33:28,GS,186.42,1,BID
2020-10-30 10:33:28,GS,186.58,8,ASK
2020-10-30 10:33:30,GS,186.42,1,BID
2020-10-30 10:33:30,GS,186.58,8,ASK
2020-10-30 10:33:30,GS,186.42,1,BID
2020-10-30 10:33:30,GS,186.58,8,ASK
2020-10-30 10:33:32,GS,186.49,6,BID
2020-10-30 10:33:32,GS,186.7,5,ASK
2020-10-30 10:33:33,GS,186.5,1,BID
2020-10-30 10:33:33,GS,186.69,2,ASK
2020-10-30 10:33:33,GS,186.57,1,BID
2020-10-30 10:33:32,GS,186.7,5,ASK
2020-10-30 10:33:34,GS,186.6,3,BID
2020-10-30 10:33:32,GS,186.7,5,ASK
2020-10-30 10:33:35,GS,186.63,1,BID
2020-10-30 10:33:35,GS,186.7,5,ASK
2020-10-30 10:33:36,GS,186.57,2,BID
2020-10-30 10:33:36,GS,186.7,5,ASK
2020-10-30 10:33:36,GS,186.52,1,BID
2020-10-30 10:33:36,GS,186.7,8,ASK
2020-10-30 10:33:36,GS,186.52,1,BID
2020-10-30 10:33:36,GS,186.7,8,ASK
2020-10-30 10:33:37,GS,186.52,1,BID
2020-10-30 10:33:36,GS,186.7,8,ASK
2020-10-30 10:33:38,GS,186.52,1,BID
2020-10-30 10:33:36,GS,186.7,7,ASK
2020-10-30 10:33:39,GS,186.52,1,BID
2020-10-30 10:33:36,GS,186.7,7,ASK
2020-10-30 10:33:41,GS,186.52,4,BID
2020-10-30 10:33:36,GS,186.7,7,ASK
2020-10-30 10:33:42,GS,186.52,4,BID
2020-10-30 10:33:36,GS,186.7,7,ASK
2020-10-30 10:33:43,GS,186.57,2,BID
2020-10-30 10:33:43,GS,186.75,1,ASK
2020-10-30 10:33:44,GS,186.53,2,BID
2020-10-30 10:33:44,GS,186.71,2,ASK
2020-10-30 10:33:45,GS,186.54,1,BID
2020-10-30 10:33:44,GS,186.71,2,ASK
2020-10-30 10:33:46,GS,186.55,1,BID
2020-10-30 10:33:44,GS,186.71,2,ASK
2020-10-30 10:33:47,GS,186.54,1,BID
2020-10-30 10:33:46,GS,186.75,2,ASK
2020-10-30 10:33:48,GS,186.54,1,BID
2020-10-30 10:33:48,GS,186.75,3,ASK
2020-10-30 10:33:48,GS,186.67,3,BID
2020-10-30 10:33:48,GS,186.82,6,ASK
2020-10-30 10:33:49,GS,186.67,3,BID
2020-10-30 10:33:49,GS,186.82,6,ASK
2020-10-30 10:33:49,GS,186.69,2,BID
2020-10-30 10:33:49,GS,186.82,7,ASK
2020-10-30 10:33:50,GS,186.7,1,BID
2020-10-30 10:33:49,GS,186.82,7,ASK
2020-10-30 10:33:51,GS,186.66,4,BID
2020-10-30 10:30:56,GS,186.9,10,ASK
2020-10-30 10:33:52,GS,186.65,2,BID
2020-10-30 10:30:56,GS,186.9,12,ASK
2020-10-30 10:33:52,GS,186.65,2,BID
2020-10-30 10:33:54,GS,186.88,1,ASK
2020-10-30 10:33:52,GS,186.65,2,BID
2020-10-30 10:33:55,GS,186.89,1,ASK
2020-10-30 10:33:52,GS,186.65,2,BID
2020-10-30 10:33:57,GS,186.89,1,ASK
2020-10-30 10:33:52,GS,186.65,2,BID
2020-10-30 10:33:58,GS,186.89,1,ASK
2020-10-30 10:34:00,GS,186.71,1,BID
2020-10-30 10:30:56,GS,186.9,12,ASK
2020-10-30 10:34:00,GS,186.71,1,BID
2020-10-30 10:30:56,GS,186.9,12,ASK
2020-10-30 10:34:01,GS,186.65,6,BID
2020-10-30 10:30:56,GS,186.9,12,ASK
2020-10-30 10:34:01,GS,186.65,6,BID
2020-10-30 10:30:56,GS,186.9,12,ASK
2020-10-30 10:34:01,GS,186.65,6,BID
2020-10-30 10:34:02,GS,186.86,1,ASK
2020-10-30 10:34:03,GS,186.65,9,BID
2020-10-30 10:30:56,GS,186.9,10,ASK
2020-10-30 10:34:03,GS,186.65,9,BID
2020-10-30 10:30:56,GS,186.9,10,ASK
2020-10-30 10:33:52,GS,186.65,9,BID
2020-10-30 10:30:56,GS,186.9,10,ASK
2020-10-30 10:33:52,GS,186.65,9,BID
2020-10-30 10:30:56,GS,186.9,10,ASK
2020-10-30 10:34:07,GS,186.67,5,BID
2020-10-30 10:34:07,GS,187.0,2,ASK
2020-10-30 10:34:08,GS,186.67,5,BID
2020-10-30 10:34:08,GS,186.96,3,ASK
2020-10-30 10:34:09,GS,186.68,3,BID
2020-10-30 10:34:08,GS,186.96,3,ASK
2020-10-30 10:34:09,GS,186.68,3,BID
2020-10-30 10:34:08,GS,186.96,3,ASK
2020-10-30 10:34:09,GS,186.68,3,BID
2020-10-30 10:34:08,GS,186.96,3,ASK
2020-10-30 10:34:09,GS,186.68,3,BID
2020-10-30 10:34:08,GS,186.96,3,ASK
2020-10-30 10:34:09,GS,186.68,3,BID
2020-10-30 10:34:08,GS,186.96,3,ASK
2020-10-30 10:34:12,GS,186.7,2,BID
2020-10-30 10:34:12,GS,186.96,4,ASK
2020-10-30 10:34:12,GS,186.68,4,BID
2020-10-30 10:34:12,GS,186.96,4,ASK
2020-10-30 10:34:13,GS,186.68,4,BID
2020-10-30 10:34:13,GS,186.95,3,ASK
2020-10-30 10:34:14,GS,186.7,1,BID
2020-10-30 10:34:14,GS,186.95,3,ASK
2020-10-30 10:34:14,GS,186.68,4,BID
2020-10-30 10:34:14,GS,186.95,3,ASK
2020-10-30 10:34:15,GS,186.68,4,BID
2020-10-30 10:34:15,GS,186.95,3,ASK
2020-10-30 10:34:15,GS,186.68,4,BID
2020-10-30 10:34:15,GS,186.76,1,ASK
2020-10-30 10:34:18,GS,186.68,4,BID
2020-10-30 10:34:18,GS,186.76,1,ASK
2020-10-30 10:34:19,GS,186.68,4,BID
2020-10-30 10:34:19,GS,186.84,3,ASK
2020-10-30 10:34:19,GS,186.68,4,BID
2020-10-30 10:34:19,GS,186.84,3,ASK
2020-10-30 10:34:22,GS,186.68,4,BID
2020-10-30 10:34:22,GS,186.84,3,ASK
2020-10-30 10:34:22,GS,186.68,4,BID
2020-10-30 10:34:22,GS,186.84,3,ASK
2020-10-30 10:34:22,GS,186.68,4,BID
2020-10-30 10:34:22,GS,186.84,3,ASK
2020-10-30 10:34:24,GS,186.7,1,BID
2020-10-30 10:34:24,GS,186.83,1,ASK
2020-10-30 10:34:24,GS,186.7,1,BID
2020-10-30 10:34:24,GS,186.83,1,ASK
2020-10-30 10:34:24,GS,186.7,1,BID
2020-10-30 10:34:24,GS,186.83,1,ASK
2020-10-30 10:34:24,GS,186.7,1,BID
2020-10-30 10:34:24,GS,186.83,1,ASK
2020-10-30 10:34:24,GS,186.7,1,BID
2020-10-30 10:34:24,GS,186.83,1,ASK
2020-10-30 10:34:31,GS,186.7,5,BID
2020-10-30 10:34:31,GS,186.83,1,ASK
2020-10-30 10:34:32,GS,186.7,5,BID
2020-10-30 10:34:32,GS,186.93,2,ASK
2020-10-30 10:34:32,GS,186.7,5,BID
2020-10-30 10:34:32,GS,186.93,2,ASK
2020-10-30 10:34:35,GS,186.7,5,BID
2020-10-30 10:34:35,GS,186.84,1,ASK
2020-10-30 10:34:35,GS,186.7,5,BID
2020-10-30 10:34:35,GS,186.84,2,ASK
2020-10-30 10:34:35,GS,186.7,5,BID
2020-10-30 10:34:37,GS,186.84,3,ASK
2020-10-30 10:34:35,GS,186.7,5,BID
2020-10-30 10:34:37,GS,186.84,3,ASK
2020-10-30 10:34:35,GS,186.7,5,BID
2020-10-30 10:34:37,GS,186.84,3,ASK
2020-10-30 10:34:35,GS,186.7,5,BID
2020-10-30 10:34:41,GS,186.84,3,ASK
2020-10-30 10:34:44,GS,186.78,2,BID
2020-10-30 10:34:44,GS,186.93,5,ASK
2020-10-30 10:34:44,GS,186.78,2,BID
2020-10-30 10:34:44,GS,186.93,5,ASK
2020-10-30 10:34:46,GS,186.72,2,BID
2020-10-30 10:34:44,GS,186.93,6,ASK
2020-10-30 10:34:48,GS,186.78,1,BID
2020-10-30 10:34:44,GS,186.93,6,ASK
2020-10-30 10:34:49,GS,186.78,2,BID
2020-10-30 10:34:44,GS,186.93,6,ASK
2020-10-30 10:34:50,GS,186.78,4,BID
2020-10-30 10:34:44,GS,186.93,6,ASK
2020-10-30 10:34:50,GS,186.78,4,BID
2020-10-30 10:34:44,GS,186.93,6,ASK
2020-10-30 10:34:50,GS,186.78,4,BID
2020-10-30 10:34:44,GS,186.93,6,ASK
2020-10-30 10:34:50,GS,186.78,4,BID
2020-10-30 10:34:44,GS,186.93,6,ASK
2020-10-30 10:34:50,GS,186.78,4,BID
2020-10-30 10:34:44,GS,186.93,6,ASK
2020-10-30 10:34:50,GS,186.78,4,BID
2020-10-30 10:34:44,GS,186.93,6,ASK
2020-10-30 10:34:50,GS,186.78,4,BID
2020-10-30 10:34:44,GS,186.93,6,ASK
2020-10-30 10:34:50,GS,186.78,4,BID
2020-10-30 10:34:44,GS,186.93,6,ASK
2020-10-30 10:34:50,GS,186.78,4,BID
2020-10-30 10:34:44,GS,186.93,6,ASK
2020-10-30 10:34:50,GS,186.78,4,BID
2020-10-30 10:34:44,GS,186.93,6,ASK
2020-10-30 10:34:50,GS,186.78,4,BID
2020-10-30 10:34:44,GS,186.93,6,ASK
2020-10-30 10:34:50,GS,186.78,4,BID
2020-10-30 10:34:44,GS,186.93,6,ASK
2020-10-30 10:34:54,GS,186.71,3,BID
2020-10-30 10:34:54,GS,186.86,1,ASK
2020-10-30 10:34:58,GS,186.71,5,BID
2020-10-30 10:34:58,GS,186.86,2,ASK
2020-10-30 10:34:35,GS,186.7,4,BID
2020-10-30 10:35:00,GS,186.86,7,ASK
2020-10-30 10:35:03,GS,186.41,4,BID
2020-10-30 10:35:03,GS,186.72,3,ASK
2020-10-30 10:35:04,GS,186.41,4,BID
2020-10-30 10:35:04,GS,186.71,2,ASK
2020-10-30 10:35:05,GS,186.42,1,BID
2020-10-30 10:35:05,GS,186.7,1,ASK
2020-10-30 10:35:05,GS,186.41,4,BID
2020-10-30 10:35:05,GS,186.7,2,ASK
2020-10-30 10:35:05,GS,186.41,4,BID
2020-10-30 10:35:05,GS,186.7,2,ASK
2020-10-30 10:35:05,GS,186.41,4,BID
2020-10-30 10:35:05,GS,186.7,2,ASK
2020-10-30 10:35:02,GS,186.4,4,BID
2020-10-30 10:35:05,GS,186.54,4,ASK
2020-10-30 10:35:02,GS,186.4,4,BID
2020-10-30 10:35:05,GS,186.53,1,ASK
2020-10-30 10:35:02,GS,186.4,4,BID
2020-10-30 10:35:05,GS,186.53,1,ASK
2020-10-30 10:35:02,GS,186.4,4,BID
2020-10-30 10:35:05,GS,186.53,1,ASK
2020-10-30 10:35:02,GS,186.4,4,BID
2020-10-30 10:35:05,GS,186.53,1,ASK
2020-10-30 10:35:02,GS,186.4,4,BID
2020-10-30 10:35:05,GS,186.53,1,ASK
2020-10-30 10:35:02,GS,186.4,4,BID
2020-10-30 10:35:05,GS,186.53,1,ASK
2020-10-30 10:35:05,GS,186.4,4,BID
2020-10-30 10:35:05,GS,186.53,1,ASK
2020-10-30 10:35:05,GS,186.4,4,BID
2020-10-30 10:35:05,GS,186.53,1,ASK
2020-10-30 10:35:05,GS,186.4,4,BID
2020-10-30 10:35:05,GS,186.52,4,ASK
2020-10-30 10:35:08,GS,186.4,4,BID
2020-10-30 10:35:08,GS,186.51,5,ASK
2020-10-30 10:35:08,GS,186.4,4,BID
2020-10-30 10:35:08,GS,186.51,1,ASK
2020-10-30 10:35:08,GS,186.4,4,BID
2020-10-30 10:35:08,GS,186.51,1,ASK
2020-10-30 10:35:08,GS,186.4,4,BID
2020-10-30 10:35:08,GS,186.51,1,ASK
2020-10-30 10:35:08,GS,186.4,4,BID
2020-10-30 10:35:08,GS,186.51,1,ASK
2020-10-30 10:35:09,GS,186.4,4,BID
2020-10-30 10:35:09,GS,186.53,3,ASK
2020-10-30 10:35:11,GS,186.41,3,BID
2020-10-30 10:35:11,GS,186.53,6,ASK
2020-10-30 10:35:12,GS,186.42,4,BID
2020-10-30 10:35:12,GS,186.6,1,ASK
2020-10-30 10:35:16,GS,186.46,4,BID
2020-10-30 10:35:14,GS,186.75,5,ASK
2020-10-30 10:35:18,GS,186.46,5,BID
2020-10-30 10:35:14,GS,186.75,5,ASK
2020-10-30 10:35:18,GS,186.46,5,BID
2020-10-30 10:35:14,GS,186.75,5,ASK
2020-10-30 10:35:18,GS,186.46,5,BID
2020-10-30 10:35:14,GS,186.75,5,ASK
2020-10-30 10:35:18,GS,186.46,5,BID
2020-10-30 10:35:14,GS,186.75,5,ASK
2020-10-30 10:35:18,GS,186.46,5,BID
2020-10-30 10:35:14,GS,186.75,5,ASK
2020-10-30 10:35:21,GS,186.46,6,BID
2020-10-30 10:35:21,GS,186.75,8,ASK
2020-10-30 10:35:21,GS,186.46,6,BID
2020-10-30 10:35:21,GS,186.74,6,ASK
2020-10-30 10:35:22,GS,186.46,6,BID
2020-10-30 10:35:22,GS,186.73,7,ASK
2020-10-30 10:35:22,GS,186.46,6,BID
2020-10-30 10:35:22,GS,186.73,7,ASK
2020-10-30 10:35:22,GS,186.46,6,BID
2020-10-30 10:35:22,GS,186.72,5,ASK
2020-10-30 10:35:22,GS,186.46,6,BID
2020-10-30 10:35:23,GS,186.7,5,ASK
2020-10-30 10:35:22,GS,186.46,6,BID
2020-10-30 10:35:23,GS,186.7,5,ASK
2020-10-30 10:35:22,GS,186.46,5,BID
2020-10-30 10:35:23,GS,186.7,5,ASK
2020-10-30 10:35:22,GS,186.46,5,BID
2020-10-30 10:35:24,GS,186.68,5,ASK
2020-10-30 10:35:22,GS,186.46,5,BID
2020-10-30 10:35:24,GS,186.68,5,ASK
2020-10-30 10:35:22,GS,186.46,5,BID
2020-10-30 10:35:24,GS,186.68,5,ASK
2020-10-30 10:35:22,GS,186.46,5,BID
2020-10-30 10:35:24,GS,186.68,5,ASK
2020-10-30 10:35:22,GS,186.46,3,BID
2020-10-30 10:35:24,GS,186.68,5,ASK
2020-10-30 10:35:22,GS,186.46,3,BID
2020-10-30 10:35:29,GS,186.66,5,ASK
2020-10-30 10:35:22,GS,186.46,3,BID
2020-10-30 10:35:29,GS,186.66,5,ASK
2020-10-30 10:35:30,GS,186.4,2,BID
2020-10-30 10:35:30,GS,186.56,1,ASK
2020-10-30 10:35:30,GS,186.31,1,BID
2020-10-30 10:35:30,GS,186.51,6,ASK
2020-10-30 10:35:31,GS,186.29,3,BID
2020-10-30 10:35:30,GS,186.51,6,ASK
2020-10-30 10:35:31,GS,186.29,3,BID
2020-10-30 10:35:30,GS,186.51,6,ASK
2020-10-30 10:35:31,GS,186.29,3,BID
2020-10-30 10:35:30,GS,186.51,6,ASK
2020-10-30 10:35:31,GS,186.29,3,BID
2020-10-30 10:35:30,GS,186.51,6,ASK
2020-10-30 10:35:33,GS,186.35,1,BID
2020-10-30 10:35:33,GS,186.51,6,ASK
2020-10-30 10:35:34,GS,186.35,1,BID
2020-10-30 10:35:34,GS,186.51,5,ASK
2020-10-30 10:35:36,GS,186.29,3,BID
2020-10-30 10:35:36,GS,186.52,4,ASK
2020-10-30 10:35:37,GS,186.35,1,BID
2020-10-30 10:35:37,GS,186.52,5,ASK
2020-10-30 10:35:37,GS,186.35,1,BID
2020-10-30 10:35:37,GS,186.52,5,ASK
2020-10-30 10:35:37,GS,186.35,1,BID
2020-10-30 10:35:37,GS,186.52,5,ASK
2020-10-30 10:35:41,GS,186.35,1,BID
2020-10-30 10:35:41,GS,186.52,5,ASK
2020-10-30 10:35:41,GS,186.35,1,BID
2020-10-30 10:35:41,GS,186.52,5,ASK
2020-10-30 10:35:43,GS,186.35,1,BID
2020-10-30 10:35:43,GS,186.52,5,ASK
2020-10-30 10:35:44,GS,186.35,3,BID
2020-10-30 10:35:44,GS,186.56,2,ASK
2020-10-30 10:35:44,GS,186.46,2,BID
2020-10-30 10:35:44,GS,186.8,1,ASK
2020-10-30 10:35:44,GS,186.46,2,BID
2020-10-30 10:35:44,GS,186.8,1,ASK
2020-10-30 10:35:44,GS,186.46,2,BID
2020-10-30 10:35:44,GS,186.8,1,ASK
2020-10-30 10:35:44,GS,186.46,2,BID
2020-10-30 10:35:44,GS,186.8,1,ASK
2020-10-30 10:35:45,GS,186.47,4,BID
2020-10-30 10:35:45,GS,186.76,2,ASK
2020-10-30 10:35:46,GS,186.47,4,BID
2020-10-30 10:35:46,GS,186.76,4,ASK
2020-10-30 10:35:46,GS,186.47,4,BID
2020-10-30 10:35:48,GS,186.76,6,ASK
2020-10-30 10:35:46,GS,186.47,5,BID
2020-10-30 10:35:50,GS,186.77,2,ASK
2020-10-30 10:35:51,GS,186.48,8,BID
2020-10-30 10:35:51,GS,186.8,1,ASK
2020-10-30 10:35:51,GS,186.48,8,BID
2020-10-30 10:35:51,GS,186.77,2,ASK
2020-10-30 10:35:51,GS,186.48,8,BID
2020-10-30 10:35:51,GS,186.77,2,ASK
2020-10-30 10:35:54,GS,186.5,3,BID
2020-10-30 10:35:54,GS,186.76,2,ASK
2020-10-30 10:35:55,GS,186.47,6,BID
2020-10-30 10:35:55,GS,186.75,2,ASK
2020-10-30 10:35:55,GS,186.47,6,BID
2020-10-30 10:35:55,GS,186.75,2,ASK
2020-10-30 10:35:56,GS,186.46,9,BID
2020-10-30 10:35:56,GS,186.74,2,ASK
2020-10-30 10:35:56,GS,186.46,9,BID
2020-10-30 10:35:56,GS,186.74,2,ASK
2020-10-30 10:35:56,GS,186.46,9,BID
2020-10-30 10:35:56,GS,186.74,2,ASK
2020-10-30 10:35:56,GS,186.46,9,BID
2020-10-30 10:35:56,GS,186.74,2,ASK
2020-10-30 10:35:56,GS,186.46,9,BID
2020-10-30 10:35:56,GS,186.74,2,ASK
2020-10-30 10:35:56,GS,186.46,9,BID
2020-10-30 10:35:56,GS,186.74,2,ASK
2020-10-30 10:35:56,GS,186.46,11,BID
2020-10-30 10:35:57,GS,186.74,2,ASK
2020-10-30 10:36:01,GS,186.6,4,BID
2020-10-30 10:36:01,GS,186.74,6,ASK
2020-10-30 10:36:01,GS,186.6,4,BID
2020-10-30 10:36:01,GS,186.74,6,ASK
2020-10-30 10:36:01,GS,186.6,4,BID
2020-10-30 10:36:01,GS,186.74,6,ASK
2020-10-30 10:36:03,GS,186.6,4,BID
2020-10-30 10:36:03,GS,186.74,6,ASK
2020-10-30 10:36:04,GS,186.6,4,BID
2020-10-30 10:36:03,GS,186.74,6,ASK
2020-10-30 10:36:05,GS,186.6,4,BID
2020-10-30 10:36:05,GS,186.74,7,ASK
2020-10-30 10:36:05,GS,186.6,4,BID
2020-10-30 10:36:05,GS,186.74,7,ASK
2020-10-30 10:36:05,GS,186.6,4,BID
2020-10-30 10:36:05,GS,186.74,7,ASK
2020-10-30 10:36:05,GS,186.6,4,BID
2020-10-30 10:36:05,GS,186.74,7,ASK
2020-10-30 10:36:05,GS,186.6,4,BID
2020-10-30 10:36:05,GS,186.74,7,ASK
2020-10-30 10:36:05,GS,186.6,4,BID
2020-10-30 10:36:05,GS,186.74,7,ASK
2020-10-30 10:36:14,GS,186.6,4,BID
2020-10-30 10:36:05,GS,186.74,7,ASK
2020-10-30 10:36:14,GS,186.6,4,BID
2020-10-30 10:36:05,GS,186.74,7,ASK
2020-10-30 10:36:14,GS,186.6,4,BID
2020-10-30 10:36:05,GS,186.74,7,ASK
2020-10-30 10:36:14,GS,186.6,4,BID
2020-10-30 10:36:05,GS,186.74,7,ASK
2020-10-30 10:36:14,GS,186.6,4,BID
2020-10-30 10:36:05,GS,186.74,7,ASK
2020-10-30 10:36:14,GS,186.6,4,BID
2020-10-30 10:36:05,GS,186.74,7,ASK
2020-10-30 10:36:17,GS,186.46,12,BID
2020-10-30 10:36:17,GS,186.66,3,ASK
2020-10-30 10:36:17,GS,186.46,11,BID
2020-10-30 10:36:19,GS,186.66,3,ASK
2020-10-30 10:36:17,GS,186.46,11,BID
2020-10-30 10:36:20,GS,186.66,3,ASK
2020-10-30 10:36:17,GS,186.46,11,BID
2020-10-30 10:36:20,GS,186.66,3,ASK
2020-10-30 10:36:21,GS,186.5,2,BID
2020-10-30 10:36:21,GS,186.66,3,ASK
2020-10-30 10:36:21,GS,186.5,2,BID
2020-10-30 10:36:21,GS,186.66,3,ASK
2020-10-30 10:36:22,GS,186.45,1,BID
2020-10-30 10:36:22,GS,186.66,3,ASK
2020-10-30 10:36:23,GS,186.46,1,BID
2020-10-30 10:36:23,GS,186.66,3,ASK
2020-10-30 10:36:23,GS,186.5,2,BID
2020-10-30 10:36:23,GS,186.66,3,ASK
2020-10-30 10:36:23,GS,186.5,2,BID
2020-10-30 10:36:23,GS,186.66,3,ASK
2020-10-30 10:36:23,GS,186.5,2,BID
2020-10-30 10:36:23,GS,186.66,3,ASK
2020-10-30 10:36:23,GS,186.5,2,BID
2020-10-30 10:36:23,GS,186.66,3,ASK
2020-10-30 10:36:23,GS,186.5,2,BID
2020-10-30 10:36:23,GS,186.66,5,ASK
2020-10-30 10:36:23,GS,186.5,2,BID
2020-10-30 10:36:23,GS,186.66,5,ASK
2020-10-30 10:36:23,GS,186.5,2,BID
2020-10-30 10:36:23,GS,186.66,5,ASK
2020-10-30 10:36:23,GS,186.5,2,BID
2020-10-30 10:36:23,GS,186.66,5,ASK
2020-10-30 10:36:31,GS,186.44,2,BID
2020-10-30 10:36:23,GS,186.66,5,ASK
2020-10-30 10:36:31,GS,186.5,1,BID
2020-10-30 10:36:23,GS,186.66,5,ASK
2020-10-30 10:36:31,GS,186.36,9,BID
2020-10-30 10:36:31,GS,186.64,3,ASK
2020-10-30 10:36:32,GS,186.41,1,BID
2020-10-30 10:36:32,GS,186.64,4,ASK
2020-10-30 10:36:32,GS,186.41,1,BID
2020-10-30 10:36:32,GS,186.64,4,ASK
2020-10-30 10:36:32,GS,186.41,1,BID
2020-10-30 10:36:32,GS,186.64,4,ASK
2020-10-30 10:36:32,GS,186.41,1,BID
2020-10-30 10:36:32,GS,186.64,4,ASK
2020-10-30 10:36:36,GS,186.41,2,BID
2020-10-30 10:36:36,GS,186.64,4,ASK
2020-10-30 10:36:37,GS,186.46,1,BID
2020-10-30 10:36:37,GS,186.64,4,ASK
2020-10-30 10:36:37,GS,186.46,1,BID
2020-10-30 10:36:37,GS,186.64,4,ASK
2020-10-30 10:36:39,GS,186.41,3,BID
2020-10-30 10:36:39,GS,186.64,4,ASK
2020-10-30 10:36:40,GS,186.41,3,BID
2020-10-30 10:36:39,GS,186.64,5,ASK
2020-10-30 10:36:40,GS,186.41,3,BID
2020-10-30 10:36:39,GS,186.64,5,ASK
2020-10-30 10:36:40,GS,186.41,3,BID
2020-10-30 10:36:43,GS,186.63,2,ASK
2020-10-30 10:36:40,GS,186.41,3,BID
2020-10-30 10:36:44,GS,186.62,4,ASK
2020-10-30 10:36:45,GS,186.41,3,BID
2020-10-30 10:36:45,GS,186.6,4,ASK
2020-10-30 10:36:32,GS,186.36,9,BID
2020-10-30 10:36:46,GS,186.52,4,ASK
2020-10-30 10:36:46,GS,186.37,1,BID
2020-10-30 10:36:46,GS,186.52,4,ASK
2020-10-30 10:36:47,GS,186.37,1,BID
2020-10-30 10:36:47,GS,186.51,4,ASK
2020-10-30 10:36:47,GS,186.34,1,BID
2020-10-30 10:36:47,GS,186.51,4,ASK
2020-10-30 10:36:48,GS,186.32,1,BID
2020-10-30 10:36:48,GS,186.51,5,ASK
2020-10-30 10:36:49,GS,186.37,2,BID
2020-10-30 10:36:46,GS,186.52,4,ASK
2020-10-30 10:36:50,GS,186.37,1,BID
2020-10-30 10:36:46,GS,186.52,4,ASK
2020-10-30 10:36:50,GS,186.37,1,BID
2020-10-30 10:36:46,GS,186.52,4,ASK
2020-10-30 10:36:51,GS,186.37,1,BID
2020-10-30 10:36:46,GS,186.52,4,ASK
2020-10-30 10:36:53,GS,186.37,1,BID
2020-10-30 10:36:52,GS,186.52,6,ASK
2020-10-30 10:36:54,GS,186.31,2,BID
2020-10-30 10:36:54,GS,186.51,3,ASK
2020-10-30 10:36:54,GS,186.37,2,BID
2020-10-30 10:36:54,GS,186.52,7,ASK
2020-10-30 10:36:54,GS,186.37,2,BID
2020-10-30 10:36:54,GS,186.52,7,ASK
2020-10-30 10:36:54,GS,186.37,2,BID
2020-10-30 10:36:54,GS,186.52,7,ASK
2020-10-30 10:36:54,GS,186.37,2,BID
2020-10-30 10:36:54,GS,186.52,7,ASK
2020-10-30 10:36:54,GS,186.37,2,BID
2020-10-30 10:36:54,GS,186.52,7,ASK
2020-10-30 10:36:54,GS,186.37,2,BID
2020-10-30 10:36:54,GS,186.52,7,ASK
2020-10-30 10:36:58,GS,186.31,2,BID
2020-10-30 10:36:58,GS,186.51,3,ASK
2020-10-30 10:37:00,GS,186.37,1,BID
2020-10-30 10:37:00,GS,186.51,3,ASK
2020-10-30 10:37:01,GS,186.37,1,BID
2020-10-30 10:37:01,GS,186.51,3,ASK
2020-10-30 10:37:01,GS,186.37,1,BID
2020-10-30 10:37:01,GS,186.51,4,ASK
2020-10-30 10:37:02,GS,186.37,1,BID
2020-10-30 10:37:02,GS,186.52,9,ASK
2020-10-30 10:37:02,GS,186.37,1,BID
2020-10-30 10:37:02,GS,186.52,9,ASK
2020-10-30 10:37:02,GS,186.37,1,BID
2020-10-30 10:37:02,GS,186.52,9,ASK
2020-10-30 10:37:02,GS,186.37,1,BID
2020-10-30 10:37:02,GS,186.52,9,ASK
2020-10-30 10:37:02,GS,186.37,1,BID
2020-10-30 10:37:02,GS,186.52,9,ASK
2020-10-30 10:37:02,GS,186.37,1,BID
2020-10-30 10:37:02,GS,186.52,9,ASK
2020-10-30 10:37:06,GS,186.37,1,BID
2020-10-30 10:37:06,GS,186.51,3,ASK
2020-10-30 10:37:06,GS,186.37,1,BID
2020-10-30 10:37:06,GS,186.51,3,ASK
2020-10-30 10:37:06,GS,186.37,1,BID
2020-10-30 10:37:06,GS,186.51,3,ASK
2020-10-30 10:37:09,GS,186.4,2,BID
2020-10-30 10:37:09,GS,186.51,4,ASK
2020-10-30 10:37:11,GS,186.44,3,BID
2020-10-30 10:37:11,GS,186.62,2,ASK
2020-10-30 10:37:11,GS,186.44,3,BID
2020-10-30 10:37:11,GS,186.62,2,ASK
2020-10-30 10:37:11,GS,186.44,3,BID
2020-10-30 10:37:11,GS,186.62,2,ASK
2020-10-30 10:37:13,GS,186.4,2,BID
2020-10-30 10:37:13,GS,186.61,4,ASK
2020-10-30 10:37:13,GS,186.4,2,BID
2020-10-30 10:37:13,GS,186.61,4,ASK
2020-10-30 10:37:13,GS,186.4,2,BID
2020-10-30 10:37:13,GS,186.61,4,ASK
2020-10-30 10:37:13,GS,186.4,2,BID
2020-10-30 10:37:13,GS,186.61,4,ASK
2020-10-30 10:37:17,GS,186.4,2,BID
2020-10-30 10:37:17,GS,186.61,4,ASK
2020-10-30 10:37:17,GS,186.4,2,BID
2020-10-30 10:37:17,GS,186.61,4,ASK
2020-10-30 10:37:17,GS,186.4,2,BID
2020-10-30 10:37:17,GS,186.61,4,ASK
2020-10-30 10:37:20,GS,186.4,2,BID
2020-10-30 10:37:20,GS,186.61,5,ASK
2020-10-30 10:37:21,GS,186.41,1,BID
2020-10-30 10:37:20,GS,186.61,5,ASK
2020-10-30 10:37:22,GS,186.42,1,BID
2020-10-30 10:37:22,GS,186.62,3,ASK
2020-10-30 10:37:22,GS,186.41,1,BID
2020-10-30 10:37:22,GS,186.62,5,ASK
2020-10-30 10:37:22,GS,186.41,1,BID
2020-10-30 10:37:22,GS,186.62,5,ASK
2020-10-30 10:37:22,GS,186.41,1,BID
2020-10-30 10:37:22,GS,186.62,5,ASK
2020-10-30 10:37:22,GS,186.41,1,BID
2020-10-30 10:37:22,GS,186.62,5,ASK
2020-10-30 10:37:26,GS,186.41,1,BID
2020-10-30 10:37:26,GS,186.62,6,ASK
2020-10-30 10:37:27,GS,186.52,1,BID
2020-10-30 10:37:27,GS,186.62,6,ASK
2020-10-30 10:37:27,GS,186.52,1,BID
2020-10-30 10:37:27,GS,186.62,6,ASK
2020-10-30 10:37:30,GS,186.52,1,BID
2020-10-30 10:37:29,GS,186.62,6,ASK
2020-10-30 10:37:30,GS,186.57,2,BID
2020-10-30 10:37:30,GS,186.75,3,ASK
2020-10-30 10:37:31,GS,186.54,3,BID
2020-10-30 10:37:30,GS,186.75,4,ASK
2020-10-30 10:37:31,GS,186.54,3,BID
2020-10-30 10:37:30,GS,186.75,4,ASK
2020-10-30 10:37:33,GS,186.54,3,BID
2020-10-30 10:37:33,GS,186.76,2,ASK
2020-10-30 10:37:33,GS,186.55,3,BID
2020-10-30 10:37:33,GS,186.71,2,ASK
2020-10-30 10:37:34,GS,186.55,3,BID
2020-10-30 10:37:34,GS,186.71,2,ASK
2020-10-30 10:37:34,GS,186.55,3,BID
2020-10-30 10:37:34,GS,186.71,2,ASK
2020-10-30 10:37:35,GS,186.55,3,BID
2020-10-30 10:37:35,GS,186.71,2,ASK
2020-10-30 10:37:35,GS,186.55,3,BID
2020-10-30 10:37:35,GS,186.71,2,ASK
2020-10-30 10:37:36,GS,186.55,3,BID
2020-10-30 10:37:36,GS,186.7,2,ASK
2020-10-30 10:37:37,GS,186.55,6,BID
2020-10-30 10:37:34,GS,186.8,5,ASK
2020-10-30 10:37:37,GS,186.55,6,BID
2020-10-30 10:37:34,GS,186.8,5,ASK
2020-10-30 10:37:37,GS,186.55,6,BID
2020-10-30 10:37:34,GS,186.8,5,ASK
2020-10-30 10:37:39,GS,186.55,5,BID
2020-10-30 10:37:34,GS,186.8,5,ASK
2020-10-30 10:37:39,GS,186.55,5,BID
2020-10-30 10:37:34,GS,186.8,5,ASK
2020-10-30 10:37:41,GS,186.55,5,BID
2020-10-30 10:37:34,GS,186.8,5,ASK
2020-10-30 10:37:42,GS,186.55,5,BID
2020-10-30 10:37:34,GS,186.8,5,ASK
2020-10-30 10:37:42,GS,186.55,5,BID
2020-10-30 10:37:34,GS,186.8,5,ASK
2020-10-30 10:37:44,GS,186.55,5,BID
2020-10-30 10:37:34,GS,186.8,5,ASK
2020-10-30 10:37:44,GS,186.55,5,BID
2020-10-30 10:37:34,GS,186.8,5,ASK
2020-10-30 10:37:44,GS,186.55,5,BID
2020-10-30 10:37:34,GS,186.8,5,ASK
2020-10-30 10:37:44,GS,186.55,5,BID
2020-10-30 10:37:34,GS,186.8,5,ASK
2020-10-30 10:37:47,GS,186.67,5,BID
2020-10-30 10:37:47,GS,186.93,10,ASK
2020-10-30 10:37:48,GS,186.67,6,BID
2020-10-30 10:37:48,GS,186.96,1,ASK
2020-10-30 10:37:48,GS,186.67,8,BID
2020-10-30 10:37:48,GS,186.96,1,ASK
2020-10-30 10:37:48,GS,186.67,8,BID
2020-10-30 10:37:50,GS,186.96,1,ASK
2020-10-30 10:37:48,GS,186.67,8,BID
2020-10-30 10:37:51,GS,186.96,1,ASK
2020-10-30 10:37:48,GS,186.67,8,BID
2020-10-30 10:37:51,GS,186.96,1,ASK
2020-10-30 10:37:48,GS,186.67,8,BID
2020-10-30 10:37:51,GS,186.96,1,ASK
2020-10-30 10:37:48,GS,186.67,8,BID
2020-10-30 10:37:51,GS,186.96,1,ASK
2020-10-30 10:37:48,GS,186.67,8,BID
2020-10-30 10:37:51,GS,186.96,1,ASK
2020-10-30 10:37:48,GS,186.67,9,BID
2020-10-30 10:37:53,GS,186.96,1,ASK
2020-10-30 10:37:48,GS,186.67,9,BID
2020-10-30 10:37:53,GS,186.96,1,ASK
2020-10-30 10:37:48,GS,186.67,9,BID
2020-10-30 10:37:53,GS,186.96,1,ASK
2020-10-30 10:37:48,GS,186.67,9,BID
2020-10-30 10:37:53,GS,186.96,1,ASK
2020-10-30 10:37:48,GS,186.67,9,BID
2020-10-30 10:37:53,GS,186.96,1,ASK
2020-10-30 10:37:48,GS,186.67,9,BID
2020-10-30 10:37:53,GS,186.96,1,ASK
2020-10-30 10:37:48,GS,186.67,9,BID
2020-10-30 10:37:53,GS,186.96,1,ASK
2020-10-30 10:38:00,GS,186.68,3,BID
2020-10-30 10:38:00,GS,186.96,3,ASK
2020-10-30 10:38:00,GS,186.68,3,BID
2020-10-30 10:38:00,GS,186.96,2,ASK
2020-10-30 10:38:00,GS,186.68,3,BID
2020-10-30 10:38:00,GS,186.96,2,ASK
2020-10-30 10:38:00,GS,186.68,3,BID
2020-10-30 10:38:00,GS,186.96,2,ASK
2020-10-30 10:38:02,GS,186.69,6,BID
2020-10-30 10:38:00,GS,186.96,2,ASK
2020-10-30 10:38:03,GS,186.69,11,BID
2020-10-30 10:38:00,GS,186.96,2,ASK
2020-10-30 10:38:03,GS,186.69,11,BID
2020-10-30 10:38:00,GS,186.96,2,ASK
2020-10-30 10:38:04,GS,186.69,11,BID
2020-10-30 10:38:04,GS,186.89,10,ASK
2020-10-30 10:38:05,GS,186.79,7,BID
2020-10-30 10:38:05,GS,187.05,4,ASK
2020-10-30 10:38:05,GS,186.79,7,BID
2020-10-30 10:38:06,GS,187.0,1,ASK
2020-10-30 10:38:07,GS,186.7,1,BID
2020-10-30 10:38:07,GS,187.0,1,ASK
2020-10-30 10:38:07,GS,186.7,1,BID
2020-10-30 10:38:07,GS,187.0,1,ASK
2020-10-30 10:38:09,GS,186.73,2,BID
2020-10-30 10:38:09,GS,187.0,2,ASK
2020-10-30 10:38:09,GS,186.73,2,BID
2020-10-30 10:38:09,GS,187.0,2,ASK
2020-10-30 10:38:09,GS,186.73,2,BID
2020-10-30 10:38:09,GS,187.0,2,ASK
2020-10-30 10:38:12,GS,186.73,3,BID
2020-10-30 10:38:12,GS,187.0,2,ASK
2020-10-30 10:38:12,GS,186.73,3,BID
2020-10-30 10:38:12,GS,187.0,2,ASK
2020-10-30 10:38:12,GS,186.73,3,BID
2020-10-30 10:38:12,GS,187.0,2,ASK
2020-10-30 10:38:14,GS,186.74,1,BID
2020-10-30 10:38:14,GS,187.0,2,ASK
2020-10-30 10:38:16,GS,186.74,1,BID
2020-10-30 10:38:16,GS,186.99,2,ASK
2020-10-30 10:38:16,GS,186.74,1,BID
2020-10-30 10:38:16,GS,186.99,3,ASK
2020-10-30 10:38:16,GS,186.74,1,BID
2020-10-30 10:38:16,GS,186.99,3,ASK
2020-10-30 10:38:18,GS,186.74,1,BID
2020-10-30 10:38:18,GS,186.98,4,ASK
2020-10-30 10:38:19,GS,186.74,1,BID
2020-10-30 10:38:19,GS,186.97,2,ASK
2020-10-30 10:38:19,GS,186.74,1,BID
2020-10-30 10:38:19,GS,186.97,2,ASK
2020-10-30 10:38:21,GS,186.74,3,BID
2020-10-30 10:38:21,GS,186.97,2,ASK
2020-10-30 10:38:22,GS,186.74,4,BID
2020-10-30 10:38:22,GS,186.97,2,ASK
2020-10-30 10:38:22,GS,186.74,3,BID
2020-10-30 10:38:24,GS,186.97,2,ASK
2020-10-30 10:38:22,GS,186.74,3,BID
2020-10-30 10:38:24,GS,186.97,2,ASK
2020-10-30 10:38:22,GS,186.74,3,BID
2020-10-30 10:38:26,GS,186.97,3,ASK
2020-10-30 10:38:27,GS,186.8,3,BID
2020-10-30 10:38:27,GS,186.97,4,ASK
2020-10-30 10:38:28,GS,186.82,1,BID
2020-10-30 10:38:28,GS,186.97,4,ASK
2020-10-30 10:38:30,GS,186.82,2,BID
2020-10-30 10:38:30,GS,186.97,4,ASK
2020-10-30 10:38:31,GS,186.82,1,BID
2020-10-30 10:38:31,GS,186.92,1,ASK
2020-10-30 10:38:31,GS,186.82,1,BID
2020-10-30 10:38:31,GS,186.92,1,ASK
2020-10-30 10:38:14,GS,186.73,3,BID
2020-10-30 10:38:33,GS,186.86,2,ASK
2020-10-30 10:38:35,GS,186.73,4,BID
2020-10-30 10:38:35,GS,186.9,3,ASK
2020-10-30 10:37:48,GS,186.67,9,BID
2020-10-30 10:38:35,GS,186.82,2,ASK
2020-10-30 10:38:36,GS,186.64,1,BID
2020-10-30 10:38:36,GS,186.82,2,ASK
2020-10-30 10:38:36,GS,186.64,1,BID
2020-10-30 10:38:36,GS,186.82,2,ASK
2020-10-30 10:38:37,GS,186.64,2,BID
2020-10-30 10:38:37,GS,186.9,3,ASK
2020-10-30 10:38:38,GS,186.69,1,BID
2020-10-30 10:38:38,GS,186.9,3,ASK
2020-10-30 10:38:40,GS,186.7,2,BID
2020-10-30 10:38:40,GS,186.9,3,ASK
2020-10-30 10:38:40,GS,186.7,2,BID
2020-10-30 10:38:40,GS,186.9,3,ASK
2020-10-30 10:38:40,GS,186.7,2,BID
2020-10-30 10:38:40,GS,186.9,3,ASK
2020-10-30 10:38:43,GS,186.7,2,BID
2020-10-30 10:38:43,GS,186.9,3,ASK
2020-10-30 10:38:43,GS,186.7,2,BID
2020-10-30 10:38:43,GS,186.9,3,ASK
2020-10-30 10:38:43,GS,186.7,2,BID
2020-10-30 10:38:43,GS,186.9,3,ASK
2020-10-30 10:38:43,GS,186.7,2,BID
2020-10-30 10:38:46,GS,186.9,3,ASK
2020-10-30 10:38:48,GS,186.7,2,BID
2020-10-30 10:38:48,GS,186.9,3,ASK
2020-10-30 10:38:48,GS,186.71,1,BID
2020-10-30 10:38:48,GS,186.9,3,ASK
2020-10-30 10:38:48,GS,186.71,1,BID
2020-10-30 10:38:48,GS,186.9,3,ASK
2020-10-30 10:38:48,GS,186.71,1,BID
2020-10-30 10:38:48,GS,186.9,3,ASK
2020-10-30 10:38:48,GS,186.71,1,BID
2020-10-30 10:38:48,GS,186.9,3,ASK
2020-10-30 10:38:51,GS,186.8,1,BID
2020-10-30 10:38:51,GS,186.9,4,ASK
2020-10-30 10:38:51,GS,186.8,1,BID
2020-10-30 10:38:51,GS,186.9,4,ASK
2020-10-30 10:38:51,GS,186.8,1,BID
2020-10-30 10:38:51,GS,186.9,4,ASK
2020-10-30 10:38:53,GS,186.73,5,BID
2020-10-30 10:38:53,GS,186.99,4,ASK
2020-10-30 10:38:54,GS,186.74,5,BID
2020-10-30 10:38:54,GS,187.04,2,ASK
2020-10-30 10:38:55,GS,186.74,4,BID
2020-10-30 10:38:55,GS,187.03,3,ASK
2020-10-30 10:38:57,GS,186.74,4,BID
2020-10-30 10:38:57,GS,187.02,1,ASK
2020-10-30 10:38:57,GS,186.74,9,BID
2020-10-30 10:38:57,GS,187.03,3,ASK
2020-10-30 10:38:58,GS,186.8,3,BID
2020-10-30 10:38:58,GS,187.0,1,ASK
2020-10-30 10:39:00,GS,186.8,3,BID
2020-10-30 10:39:00,GS,187.0,1,ASK
2020-10-30 10:39:00,GS,186.8,3,BID
2020-10-30 10:39:00,GS,187.0,1,ASK
2020-10-30 10:39:02,GS,186.8,3,BID
2020-10-30 10:39:02,GS,187.0,2,ASK
2020-10-30 10:39:02,GS,186.8,3,BID
2020-10-30 10:39:02,GS,187.0,2,ASK
2020-10-30 10:39:03,GS,186.8,3,BID
2020-10-30 10:39:03,GS,187.01,1,ASK
2020-10-30 10:39:04,GS,186.8,3,BID
2020-10-30 10:39:04,GS,187.0,1,ASK
2020-10-30 10:39:04,GS,186.8,3,BID
2020-10-30 10:39:04,GS,187.0,1,ASK
2020-10-30 10:39:05,GS,186.8,3,BID
2020-10-30 10:39:05,GS,186.98,2,ASK
2020-10-30 10:39:06,GS,186.81,4,BID
2020-10-30 10:39:06,GS,186.98,3,ASK
2020-10-30 10:39:07,GS,186.9,4,BID
2020-10-30 10:38:05,GS,187.05,6,ASK
2020-10-30 10:39:07,GS,186.9,4,BID
2020-10-30 10:38:05,GS,187.05,6,ASK
2020-10-30 10:39:10,GS,186.89,1,BID
2020-10-30 10:39:10,GS,187.0,1,ASK
2020-10-30 10:39:10,GS,186.89,1,BID
2020-10-30 10:39:10,GS,187.0,1,ASK
2020-10-30 10:39:10,GS,186.8,2,BID
2020-10-30 10:39:10,GS,186.98,1,ASK
2020-10-30 10:39:12,GS,186.81,1,BID
2020-10-30 10:39:12,GS,186.97,2,ASK
2020-10-30 10:39:12,GS,186.8,2,BID
2020-10-30 10:39:12,GS,186.97,2,ASK
2020-10-30 10:39:14,GS,186.8,2,BID
2020-10-30 10:39:14,GS,186.96,2,ASK
2020-10-30 10:39:15,GS,186.8,2,BID
2020-10-30 10:39:15,GS,186.95,3,ASK
2020-10-30 10:39:17,GS,186.8,2,BID
2020-10-30 10:39:13,GS,186.97,3,ASK
2020-10-30 10:39:17,GS,186.8,2,BID
2020-10-30 10:39:13,GS,186.97,3,ASK
2020-10-30 10:39:17,GS,186.8,2,BID
2020-10-30 10:39:13,GS,186.97,3,ASK
2020-10-30 10:39:23,GS,186.8,5,BID
2020-10-30 10:39:23,GS,186.97,5,ASK
2020-10-30 10:39:23,GS,186.8,5,BID
2020-10-30 10:39:26,GS,186.97,5,ASK
2020-10-30 10:39:23,GS,186.8,5,BID
2020-10-30 10:39:26,GS,186.97,5,ASK
2020-10-30 10:39:23,GS,186.8,5,BID
2020-10-30 10:39:26,GS,186.97,5,ASK
2020-10-30 10:39:23,GS,186.8,5,BID
2020-10-30 10:39:26,GS,186.97,5,ASK
2020-10-30 10:39:23,GS,186.8,5,BID
2020-10-30 10:39:30,GS,186.97,5,ASK
2020-10-30 10:39:32,GS,186.8,4,BID
2020-10-30 10:39:32,GS,186.97,5,ASK
2020-10-30 10:39:32,GS,186.8,4,BID
2020-10-30 10:39:32,GS,186.97,5,ASK
2020-10-30 10:39:32,GS,186.8,4,BID
2020-10-30 10:39:32,GS,186.97,5,ASK
2020-10-30 10:39:32,GS,186.8,4,BID
2020-10-30 10:39:32,GS,186.97,5,ASK
2020-10-30 10:39:35,GS,186.81,1,BID
2020-10-30 10:39:35,GS,186.97,5,ASK
2020-10-30 10:39:35,GS,186.81,1,BID
2020-10-30 10:39:35,GS,186.97,5,ASK
2020-10-30 10:39:38,GS,186.71,2,BID
2020-10-30 10:39:38,GS,186.89,2,ASK
2020-10-30 10:39:38,GS,186.71,2,BID
2020-10-30 10:39:39,GS,186.88,1,ASK
2020-10-30 10:39:38,GS,186.71,2,BID
2020-10-30 10:39:40,GS,186.88,2,ASK
2020-10-30 10:39:41,GS,186.71,2,BID
2020-10-30 10:39:41,GS,186.88,2,ASK
2020-10-30 10:39:42,GS,186.71,2,BID
2020-10-30 10:39:39,GS,186.89,3,ASK
2020-10-30 10:39:44,GS,186.71,2,BID
2020-10-30 10:39:44,GS,186.89,3,ASK
2020-10-30 10:39:44,GS,186.71,2,BID
2020-10-30 10:39:44,GS,186.89,3,ASK
2020-10-30 10:39:44,GS,186.71,2,BID
2020-10-30 10:39:44,GS,186.89,3,ASK
2020-10-30 10:39:44,GS,186.71,2,BID
2020-10-30 10:39:44,GS,186.89,3,ASK
2020-10-30 10:39:44,GS,186.71,2,BID
2020-10-30 10:39:44,GS,186.89,3,ASK
2020-10-30 10:39:44,GS,186.71,2,BID
2020-10-30 10:39:44,GS,186.89,3,ASK
2020-10-30 10:39:48,GS,186.71,2,BID
2020-10-30 10:39:44,GS,186.89,4,ASK
2020-10-30 10:39:49,GS,186.71,2,BID
2020-10-30 10:39:49,GS,186.89,4,ASK
2020-10-30 10:39:53,GS,186.8,1,BID
2020-10-30 10:39:53,GS,186.95,2,ASK
2020-10-30 10:39:53,GS,186.8,1,BID
2020-10-30 10:39:53,GS,186.95,2,ASK
2020-10-30 10:39:53,GS,186.8,1,BID
2020-10-30 10:39:53,GS,186.95,2,ASK
2020-10-30 10:39:53,GS,186.8,1,BID
2020-10-30 10:39:53,GS,186.95,2,ASK
2020-10-30 10:39:53,GS,186.8,1,BID
2020-10-30 10:39:53,GS,186.95,2,ASK
2020-10-30 10:40:00,GS,186.71,3,BID
2020-10-30 10:40:00,GS,186.94,4,ASK
2020-10-30 10:40:00,GS,186.71,3,BID
2020-10-30 10:40:00,GS,186.94,4,ASK
2020-10-30 10:40:00,GS,186.71,3,BID
2020-10-30 10:40:00,GS,186.94,4,ASK
2020-10-30 10:40:00,GS,186.71,3,BID
2020-10-30 10:40:00,GS,186.94,4,ASK
2020-10-30 10:40:00,GS,186.71,3,BID
2020-10-30 10:40:00,GS,186.94,4,ASK
2020-10-30 10:40:00,GS,186.71,3,BID
2020-10-30 10:40:00,GS,186.94,4,ASK
2020-10-30 10:40:00,GS,186.71,3,BID
2020-10-30 10:40:00,GS,186.94,4,ASK
2020-10-30 10:40:00,GS,186.71,3,BID
2020-10-30 10:40:00,GS,186.94,4,ASK
2020-10-30 10:40:00,GS,186.71,3,BID
2020-10-30 10:40:00,GS,186.94,4,ASK
2020-10-30 10:40:01,GS,186.71,4,BID
2020-10-30 10:40:01,GS,186.95,6,ASK
2020-10-30 10:40:01,GS,186.71,4,BID
2020-10-30 10:40:01,GS,186.95,6,ASK
2020-10-30 10:40:01,GS,186.71,4,BID
2020-10-30 10:40:01,GS,186.95,6,ASK
2020-10-30 10:40:03,GS,186.65,1,BID
2020-10-30 10:40:03,GS,186.8,3,ASK
2020-10-30 10:40:05,GS,186.55,7,BID
2020-10-30 10:40:05,GS,186.77,4,ASK
2020-10-30 10:40:06,GS,186.44,2,BID
2020-10-30 10:40:06,GS,186.76,3,ASK
2020-10-30 10:40:07,GS,186.45,2,BID
2020-10-30 10:40:07,GS,186.76,3,ASK
2020-10-30 10:40:07,GS,186.45,2,BID
2020-10-30 10:40:07,GS,186.76,3,ASK
2020-10-30 10:40:10,GS,186.55,1,BID
2020-10-30 10:40:10,GS,186.76,4,ASK
2020-10-30 10:40:10,GS,186.55,1,BID
2020-10-30 10:40:10,GS,186.76,5,ASK
2020-10-30 10:40:11,GS,186.45,2,BID
2020-10-30 10:40:10,GS,186.76,5,ASK
2020-10-30 10:40:12,GS,186.5,2,BID
2020-10-30 10:40:12,GS,186.75,4,ASK
2020-10-30 10:40:12,GS,186.5,2,BID
2020-10-30 10:40:12,GS,186.75,4,ASK
2020-10-30 10:40:13,GS,186.45,1,BID
2020-10-30 10:40:13,GS,186.64,3,ASK
2020-10-30 10:40:14,GS,186.42,2,BID
2020-10-30 10:40:14,GS,186.64,3,ASK
2020-10-30 10:40:14,GS,186.4,2,BID
2020-10-30 10:40:14,GS,186.64,3,ASK
2020-10-30 10:40:17,GS,186.45,1,BID
2020-10-30 10:40:17,GS,186.64,1,ASK
2020-10-30 10:40:17,GS,186.45,1,BID
2020-10-30 10:40:17,GS,186.64,1,ASK
2020-10-30 10:40:17,GS,186.45,1,BID
2020-10-30 10:40:17,GS,186.64,1,ASK
2020-10-30 10:40:17,GS,186.45,1,BID
2020-10-30 10:40:17,GS,186.64,1,ASK
2020-10-30 10:40:17,GS,186.45,1,BID
2020-10-30 10:40:17,GS,186.64,1,ASK
2020-10-30 10:40:17,GS,186.45,1,BID
2020-10-30 10:40:17,GS,186.64,1,ASK
2020-10-30 10:40:17,GS,186.45,1,BID
2020-10-30 10:40:17,GS,186.64,1,ASK
2020-10-30 10:40:17,GS,186.45,1,BID
2020-10-30 10:40:17,GS,186.64,1,ASK
2020-10-30 10:40:19,GS,186.41,2,BID
2020-10-30 10:40:19,GS,186.64,1,ASK
2020-10-30 10:40:19,GS,186.41,2,BID
2020-10-30 10:40:19,GS,186.64,1,ASK
2020-10-30 10:40:28,GS,186.55,1,BID
2020-10-30 10:40:28,GS,186.71,1,ASK
2020-10-30 10:40:30,GS,186.55,1,BID
2020-10-30 10:40:30,GS,186.71,2,ASK
2020-10-30 10:40:31,GS,186.55,1,BID
2020-10-30 10:40:31,GS,186.7,2,ASK
2020-10-30 10:40:31,GS,186.55,1,BID
2020-10-30 10:40:31,GS,186.7,2,ASK
2020-10-30 10:40:32,GS,186.46,6,BID
2020-10-30 10:40:32,GS,186.68,3,ASK
2020-10-30 10:40:33,GS,186.46,6,BID
2020-10-30 10:40:33,GS,186.67,4,ASK
2020-10-30 10:40:34,GS,186.46,6,BID
2020-10-30 10:40:34,GS,186.67,4,ASK
2020-10-30 10:40:34,GS,186.46,6,BID
2020-10-30 10:40:34,GS,186.66,2,ASK
2020-10-30 10:40:34,GS,186.46,6,BID
2020-10-30 10:40:36,GS,186.65,3,ASK
2020-10-30 10:40:37,GS,186.46,7,BID
2020-10-30 10:40:37,GS,186.65,3,ASK
2020-10-30 10:40:37,GS,186.46,8,BID
2020-10-30 10:40:38,GS,186.66,2,ASK
2020-10-30 10:40:37,GS,186.46,8,BID
2020-10-30 10:40:39,GS,186.66,2,ASK
2020-10-30 10:40:37,GS,186.46,8,BID
2020-10-30 10:40:39,GS,186.66,2,ASK
2020-10-30 10:40:37,GS,186.46,8,BID
2020-10-30 10:40:39,GS,186.66,2,ASK
2020-10-30 10:40:37,GS,186.46,7,BID
2020-10-30 10:40:43,GS,186.66,2,ASK
2020-10-30 10:40:37,GS,186.46,7,BID
2020-10-30 10:40:45,GS,186.66,2,ASK
2020-10-30 10:40:46,GS,186.5,1,BID
2020-10-30 10:40:46,GS,186.66,4,ASK
2020-10-30 10:40:46,GS,186.5,1,BID
2020-10-30 10:40:46,GS,186.66,3,ASK
2020-10-30 10:40:46,GS,186.5,1,BID
2020-10-30 10:40:46,GS,186.66,3,ASK
2020-10-30 10:40:49,GS,186.5,3,BID
2020-10-30 10:40:50,GS,186.71,6,ASK
2020-10-30 10:40:49,GS,186.5,4,BID
2020-10-30 10:40:50,GS,186.71,4,ASK
2020-10-30 10:40:49,GS,186.5,4,BID
2020-10-30 10:40:50,GS,186.71,4,ASK
2020-10-30 10:40:49,GS,186.5,4,BID
2020-10-30 10:40:50,GS,186.71,4,ASK
2020-10-30 10:40:49,GS,186.5,4,BID
2020-10-30 10:40:53,GS,186.7,3,ASK
2020-10-30 10:40:49,GS,186.5,4,BID
2020-10-30 10:40:54,GS,186.7,3,ASK
2020-10-30 10:40:49,GS,186.5,4,BID
2020-10-30 10:40:54,GS,186.7,3,ASK
2020-10-30 10:40:49,GS,186.5,4,BID
2020-10-30 10:40:56,GS,186.7,3,ASK
2020-10-30 10:40:49,GS,186.5,4,BID
2020-10-30 10:40:57,GS,186.7,3,ASK
2020-10-30 10:40:49,GS,186.5,4,BID
2020-10-30 10:40:57,GS,186.7,3,ASK
2020-10-30 10:40:49,GS,186.5,4,BID
2020-10-30 10:40:58,GS,186.7,5,ASK
2020-10-30 10:40:49,GS,186.5,4,BID
2020-10-30 10:40:58,GS,186.7,5,ASK
2020-10-30 10:40:49,GS,186.5,4,BID
2020-10-30 10:40:58,GS,186.7,5,ASK
2020-10-30 10:40:49,GS,186.5,4,BID
2020-10-30 10:40:58,GS,186.7,5,ASK
2020-10-30 10:40:49,GS,186.5,4,BID
2020-10-30 10:40:58,GS,186.7,5,ASK
2020-10-30 10:40:49,GS,186.5,4,BID
2020-10-30 10:40:58,GS,186.7,5,ASK
2020-10-30 10:41:05,GS,186.59,1,BID
2020-10-30 10:41:05,GS,186.7,6,ASK
2020-10-30 10:41:05,GS,186.59,1,BID
2020-10-30 10:41:05,GS,186.7,6,ASK
2020-10-30 10:41:07,GS,186.53,2,BID
2020-10-30 10:41:07,GS,186.7,6,ASK
2020-10-30 10:41:07,GS,186.59,1,BID
2020-10-30 10:41:07,GS,186.7,6,ASK
2020-10-30 10:41:07,GS,186.59,1,BID
2020-10-30 10:41:07,GS,186.7,6,ASK
2020-10-30 10:41:07,GS,186.59,1,BID
2020-10-30 10:41:07,GS,186.7,6,ASK
2020-10-30 10:41:07,GS,186.59,1,BID
2020-10-30 10:41:07,GS,186.7,6,ASK
2020-10-30 10:41:07,GS,186.59,1,BID
2020-10-30 10:41:07,GS,186.7,6,ASK
2020-10-30 10:41:07,GS,186.59,1,BID
2020-10-30 10:41:07,GS,186.7,6,ASK
2020-10-30 10:40:49,GS,186.5,6,BID
2020-10-30 10:41:15,GS,186.69,3,ASK
2020-10-30 10:40:49,GS,186.5,6,BID
2020-10-30 10:41:15,GS,186.69,3,ASK
2020-10-30 10:40:49,GS,186.5,6,BID
2020-10-30 10:41:17,GS,186.69,5,ASK
2020-10-30 10:40:49,GS,186.5,6,BID
2020-10-30 10:41:17,GS,186.69,5,ASK
2020-10-30 10:40:49,GS,186.5,6,BID
2020-10-30 10:41:17,GS,186.69,5,ASK
2020-10-30 10:40:49,GS,186.5,6,BID
2020-10-30 10:41:17,GS,186.69,5,ASK
2020-10-30 10:40:49,GS,186.5,6,BID
2020-10-30 10:41:17,GS,186.69,6,ASK
2020-10-30 10:40:49,GS,186.5,6,BID
2020-10-30 10:41:22,GS,186.68,4,ASK
2020-10-30 10:40:49,GS,186.5,6,BID
2020-10-30 10:41:22,GS,186.68,4,ASK
2020-10-30 10:40:49,GS,186.5,6,BID
2020-10-30 10:41:22,GS,186.68,4,ASK
2020-10-30 10:41:23,GS,186.5,6,BID
2020-10-30 10:41:23,GS,186.64,4,ASK
2020-10-30 10:41:23,GS,186.5,6,BID
2020-10-30 10:41:23,GS,186.64,4,ASK
2020-10-30 10:41:23,GS,186.5,6,BID
2020-10-30 10:41:23,GS,186.64,4,ASK
2020-10-30 10:41:25,GS,186.5,6,BID
2020-10-30 10:41:25,GS,186.58,1,ASK
2020-10-30 10:41:25,GS,186.5,6,BID
2020-10-30 10:41:25,GS,186.64,4,ASK
2020-10-30 10:41:25,GS,186.5,6,BID
2020-10-30 10:41:25,GS,186.64,4,ASK
2020-10-30 10:41:25,GS,186.5,6,BID
2020-10-30 10:41:25,GS,186.64,4,ASK
2020-10-30 10:41:25,GS,186.5,6,BID
2020-10-30 10:41:25,GS,186.64,4,ASK
2020-10-30 10:41:25,GS,186.5,6,BID
2020-10-30 10:41:25,GS,186.64,4,ASK
2020-10-30 10:41:30,GS,186.5,6,BID
2020-10-30 10:41:30,GS,186.64,4,ASK
2020-10-30 10:41:30,GS,186.5,6,BID
2020-10-30 10:41:30,GS,186.64,4,ASK
2020-10-30 10:41:31,GS,186.5,6,BID
2020-10-30 10:41:31,GS,186.64,3,ASK
2020-10-30 10:41:34,GS,186.5,6,BID
2020-10-30 10:41:33,GS,186.64,5,ASK
2020-10-30 10:41:34,GS,186.5,6,BID
2020-10-30 10:41:33,GS,186.64,5,ASK
2020-10-30 10:41:36,GS,186.5,6,BID
2020-10-30 10:41:36,GS,186.63,2,ASK
2020-10-30 10:41:37,GS,186.4,2,BID
2020-10-30 10:41:37,GS,186.55,3,ASK
2020-10-30 10:41:37,GS,186.4,2,BID
2020-10-30 10:41:37,GS,186.55,3,ASK
2020-10-30 10:41:37,GS,186.4,2,BID
2020-10-30 10:41:37,GS,186.55,3,ASK
2020-10-30 10:41:37,GS,186.4,2,BID
2020-10-30 10:41:37,GS,186.55,3,ASK
2020-10-30 10:41:41,GS,186.3,2,BID
2020-10-30 10:41:41,GS,186.48,3,ASK
2020-10-30 10:41:42,GS,186.3,2,BID
2020-10-30 10:41:42,GS,186.47,3,ASK
2020-10-30 10:41:43,GS,186.4,1,BID
2020-10-30 10:41:43,GS,186.57,1,ASK
2020-10-30 10:41:44,GS,186.4,1,BID
2020-10-30 10:41:44,GS,186.57,1,ASK
2020-10-30 10:41:44,GS,186.4,1,BID
2020-10-30 10:41:44,GS,186.57,1,ASK
2020-10-30 10:41:44,GS,186.4,1,BID
2020-10-30 10:41:44,GS,186.57,1,ASK
2020-10-30 10:41:44,GS,186.4,1,BID
2020-10-30 10:41:44,GS,186.57,1,ASK
2020-10-30 10:41:46,GS,186.4,1,BID
2020-10-30 10:41:46,GS,186.58,2,ASK
2020-10-30 10:41:47,GS,186.4,2,BID
2020-10-30 10:41:47,GS,186.58,1,ASK
2020-10-30 10:41:49,GS,186.39,1,BID
2020-10-30 10:41:49,GS,186.57,1,ASK
2020-10-30 10:41:50,GS,186.39,1,BID
2020-10-30 10:41:50,GS,186.56,2,ASK
2020-10-30 10:41:50,GS,186.39,1,BID
2020-10-30 10:41:50,GS,186.57,2,ASK
2020-10-30 10:41:50,GS,186.39,1,BID
2020-10-30 10:41:50,GS,186.57,2,ASK
2020-10-30 10:41:51,GS,186.39,1,BID
2020-10-30 10:41:51,GS,186.57,3,ASK
2020-10-30 10:41:51,GS,186.39,1,BID
2020-10-30 10:41:51,GS,186.57,5,ASK
2020-10-30 10:41:52,GS,186.39,1,BID
2020-10-30 10:41:51,GS,186.57,5,ASK
2020-10-30 10:41:53,GS,186.39,1,BID
2020-10-30 10:41:53,GS,186.57,5,ASK
2020-10-30 10:41:54,GS,186.39,3,BID
2020-10-30 10:41:53,GS,186.57,5,ASK
2020-10-30 10:41:55,GS,186.39,5,BID
2020-10-30 10:41:55,GS,186.6,2,ASK
2020-10-30 10:41:55,GS,186.39,5,BID
2020-10-30 10:41:57,GS,186.6,1,ASK
2020-10-30 10:41:57,GS,186.39,5,BID
2020-10-30 10:41:57,GS,186.6,1,ASK
2020-10-30 10:41:57,GS,186.39,5,BID
2020-10-30 10:41:57,GS,186.6,1,ASK
2020-10-30 10:41:59,GS,186.41,3,BID
2020-10-30 10:41:59,GS,186.6,2,ASK
2020-10-30 10:42:00,GS,186.39,5,BID
2020-10-30 10:42:00,GS,186.6,4,ASK
2020-10-30 10:42:00,GS,186.3,2,BID
2020-10-30 10:42:00,GS,186.51,1,ASK
2020-10-30 10:42:01,GS,186.35,1,BID
2020-10-30 10:42:01,GS,186.51,4,ASK
2020-10-30 10:42:02,GS,186.31,2,BID
2020-10-30 10:42:02,GS,186.51,6,ASK
2020-10-30 10:42:02,GS,186.31,2,BID
2020-10-30 10:42:02,GS,186.51,6,ASK
2020-10-30 10:42:03,GS,186.3,2,BID
2020-10-30 10:42:03,GS,186.48,4,ASK
2020-10-30 10:42:03,GS,186.3,2,BID
2020-10-30 10:42:03,GS,186.48,5,ASK
2020-10-30 10:42:03,GS,186.3,2,BID
2020-10-30 10:42:03,GS,186.48,5,ASK
2020-10-30 10:42:05,GS,186.25,4,BID
2020-10-30 10:42:05,GS,186.47,3,ASK
2020-10-30 10:42:05,GS,186.25,4,BID
2020-10-30 10:42:05,GS,186.47,4,ASK
2020-10-30 10:42:05,GS,186.25,4,BID
2020-10-30 10:42:05,GS,186.47,4,ASK
2020-10-30 10:42:06,GS,186.25,4,BID
2020-10-30 10:42:06,GS,186.47,4,ASK
2020-10-30 10:42:07,GS,186.25,4,BID
2020-10-30 10:42:06,GS,186.47,4,ASK
2020-10-30 10:42:07,GS,186.25,4,BID
2020-10-30 10:42:06,GS,186.47,4,ASK
2020-10-30 10:42:07,GS,186.25,4,BID
2020-10-30 10:42:06,GS,186.47,4,ASK
2020-10-30 10:42:11,GS,186.27,1,BID
2020-10-30 10:42:11,GS,186.47,6,ASK
2020-10-30 10:42:11,GS,186.27,1,BID
2020-10-30 10:42:11,GS,186.47,6,ASK
2020-10-30 10:42:11,GS,186.27,1,BID
2020-10-30 10:42:11,GS,186.47,6,ASK
2020-10-30 10:42:11,GS,186.27,1,BID
2020-10-30 10:42:11,GS,186.47,6,ASK
2020-10-30 10:42:14,GS,186.27,1,BID
2020-10-30 10:42:11,GS,186.47,6,ASK
2020-10-30 10:42:15,GS,186.27,4,BID
2020-10-30 10:42:04,GS,186.48,7,ASK
2020-10-30 10:42:17,GS,186.27,4,BID
2020-10-30 10:42:04,GS,186.48,7,ASK
2020-10-30 10:42:17,GS,186.27,4,BID
2020-10-30 10:42:04,GS,186.48,7,ASK
2020-10-30 10:42:17,GS,186.27,4,BID
2020-10-30 10:42:04,GS,186.48,7,ASK
2020-10-30 10:42:17,GS,186.27,4,BID
2020-10-30 10:42:04,GS,186.48,7,ASK
2020-10-30 10:42:20,GS,186.27,4,BID
2020-10-30 10:42:20,GS,186.48,8,ASK
2020-10-30 10:42:22,GS,186.36,1,BID
2020-10-30 10:42:22,GS,186.52,2,ASK
2020-10-30 10:42:23,GS,186.29,2,BID
2020-10-30 10:42:23,GS,186.52,2,ASK
2020-10-30 10:42:24,GS,186.29,2,BID
2020-10-30 10:42:24,GS,186.52,2,ASK
2020-10-30 10:42:24,GS,186.29,2,BID
2020-10-30 10:42:24,GS,186.52,2,ASK
2020-10-30 10:42:27,GS,186.29,6,BID
2020-10-30 10:42:27,GS,186.52,1,ASK
2020-10-30 10:42:28,GS,186.29,5,BID
2020-10-30 10:42:28,GS,186.52,1,ASK
2020-10-30 10:42:28,GS,186.29,5,BID
2020-10-30 10:42:28,GS,186.52,1,ASK
2020-10-30 10:42:30,GS,186.3,1,BID
2020-10-30 10:42:30,GS,186.52,4,ASK
2020-10-30 10:42:31,GS,186.3,1,BID
2020-10-30 10:42:31,GS,186.52,4,ASK
2020-10-30 10:42:33,GS,186.28,3,BID
2020-10-30 10:42:33,GS,186.52,5,ASK
2020-10-30 10:42:33,GS,186.28,3,BID
2020-10-30 10:42:34,GS,186.49,1,ASK
2020-10-30 10:42:33,GS,186.28,3,BID
2020-10-30 10:42:35,GS,186.49,3,ASK
2020-10-30 10:42:37,GS,186.28,4,BID
2020-10-30 10:42:35,GS,186.49,3,ASK
2020-10-30 10:42:38,GS,186.28,4,BID
2020-10-30 10:42:38,GS,186.49,3,ASK
2020-10-30 10:42:38,GS,186.28,4,BID
2020-10-30 10:42:38,GS,186.49,3,ASK
2020-10-30 10:42:39,GS,186.28,4,BID
2020-10-30 10:42:38,GS,186.49,3,ASK
2020-10-30 10:42:41,GS,186.25,3,BID
2020-10-30 10:42:41,GS,186.37,1,ASK
2020-10-30 10:42:42,GS,186.3,1,BID
2020-10-30 10:42:42,GS,186.45,1,ASK
2020-10-30 10:42:43,GS,186.3,2,BID
2020-10-30 10:42:43,GS,186.45,2,ASK
2020-10-30 10:42:44,GS,186.33,1,BID
2020-10-30 10:42:44,GS,186.45,4,ASK
2020-10-30 10:42:45,GS,186.35,1,BID
2020-10-30 10:42:38,GS,186.49,3,ASK
2020-10-30 10:42:46,GS,186.35,1,BID
2020-10-30 10:42:46,GS,186.49,5,ASK
2020-10-30 10:42:46,GS,186.35,1,BID
2020-10-30 10:42:46,GS,186.49,5,ASK
2020-10-30 10:42:49,GS,186.35,1,BID
2020-10-30 10:42:49,GS,186.48,2,ASK
2020-10-30 10:42:50,GS,186.33,2,BID
2020-10-30 10:42:50,GS,186.48,6,ASK
2020-10-30 10:42:51,GS,186.33,2,BID
2020-10-30 10:42:51,GS,186.48,5,ASK
2020-10-30 10:42:52,GS,186.33,2,BID
2020-10-30 10:42:52,GS,186.48,4,ASK
2020-10-30 10:42:53,GS,186.38,9,BID
2020-10-30 10:42:53,GS,186.48,5,ASK
2020-10-30 10:42:54,GS,186.4,1,BID
2020-10-30 10:42:54,GS,186.49,4,ASK
2020-10-30 10:42:55,GS,186.38,9,BID
2020-10-30 10:42:55,GS,186.49,4,ASK
2020-10-30 10:42:55,GS,186.38,9,BID
2020-10-30 10:42:55,GS,186.49,4,ASK
2020-10-30 10:42:55,GS,186.38,9,BID
2020-10-30 10:42:55,GS,186.49,4,ASK
2020-10-30 10:42:55,GS,186.38,9,BID
2020-10-30 10:42:55,GS,186.49,4,ASK
2020-10-30 10:42:55,GS,186.38,9,BID
2020-10-30 10:42:55,GS,186.49,4,ASK
2020-10-30 10:42:55,GS,186.38,9,BID
2020-10-30 10:42:55,GS,186.49,4,ASK
2020-10-30 10:43:00,GS,186.38,9,BID
2020-10-30 10:43:00,GS,186.49,4,ASK
2020-10-30 10:43:00,GS,186.44,1,BID
2020-10-30 10:43:00,GS,186.54,2,ASK
2020-10-30 10:43:00,GS,186.45,3,BID
2020-10-30 10:43:00,GS,186.61,2,ASK
2020-10-30 10:43:00,GS,186.45,3,BID
2020-10-30 10:43:00,GS,186.61,2,ASK
2020-10-30 10:43:01,GS,186.45,3,BID
2020-10-30 10:43:00,GS,186.61,3,ASK
2020-10-30 10:43:01,GS,186.45,4,BID
2020-10-30 10:43:00,GS,186.61,2,ASK
2020-10-30 10:43:02,GS,186.46,2,BID
2020-10-30 10:43:00,GS,186.61,2,ASK
2020-10-30 10:43:02,GS,186.46,2,BID
2020-10-30 10:43:00,GS,186.61,2,ASK
2020-10-30 10:43:03,GS,186.54,1,BID
2020-10-30 10:43:03,GS,186.69,5,ASK
2020-10-30 10:43:03,GS,186.54,1,BID
2020-10-30 10:43:03,GS,186.72,2,ASK
2020-10-30 10:43:03,GS,186.54,1,BID
2020-10-30 10:43:03,GS,186.74,4,ASK
2020-10-30 10:43:03,GS,186.54,1,BID
2020-10-30 10:43:03,GS,186.74,4,ASK
2020-10-30 10:43:03,GS,186.54,1,BID
2020-10-30 10:43:03,GS,186.74,4,ASK
2020-10-30 10:43:03,GS,186.46,6,BID
2020-10-30 10:43:04,GS,186.69,1,ASK
2020-10-30 10:43:05,GS,186.45,5,BID
2020-10-30 10:43:05,GS,186.68,1,ASK
2020-10-30 10:43:05,GS,186.45,5,BID
2020-10-30 10:43:05,GS,186.68,3,ASK
2020-10-30 10:43:05,GS,186.45,6,BID
2020-10-30 10:43:06,GS,186.69,1,ASK
2020-10-30 10:43:05,GS,186.45,6,BID
2020-10-30 10:43:06,GS,186.69,1,ASK
2020-10-30 10:43:05,GS,186.45,6,BID
2020-10-30 10:43:06,GS,186.69,1,ASK
2020-10-30 10:43:08,GS,186.45,6,BID
2020-10-30 10:43:08,GS,186.68,1,ASK
2020-10-30 10:43:09,GS,186.45,5,BID
2020-10-30 10:43:09,GS,186.68,3,ASK
2020-10-30 10:43:09,GS,186.45,5,BID
2020-10-30 10:43:09,GS,186.68,3,ASK
2020-10-30 10:43:09,GS,186.45,5,BID
2020-10-30 10:43:09,GS,186.68,3,ASK
2020-10-30 10:43:11,GS,186.44,3,BID
2020-10-30 10:43:11,GS,186.68,2,ASK
2020-10-30 10:43:12,GS,186.44,4,BID
2020-10-30 10:43:12,GS,186.6,1,ASK
2020-10-30 10:43:12,GS,186.44,4,BID
2020-10-30 10:43:13,GS,186.57,1,ASK
2020-10-30 10:43:14,GS,186.45,3,BID
2020-10-30 10:43:14,GS,186.65,1,ASK
2020-10-30 10:43:14,GS,186.45,4,BID
2020-10-30 10:43:15,GS,186.65,1,ASK
2020-10-30 10:43:15,GS,186.45,5,BID
2020-10-30 10:43:15,GS,186.65,1,ASK
2020-10-30 10:43:16,GS,186.45,5,BID
2020-10-30 10:43:16,GS,186.63,1,ASK
2020-10-30 10:43:16,GS,186.45,5,BID
2020-10-30 10:43:16,GS,186.61,1,ASK
2020-10-30 10:43:18,GS,186.45,5,BID
2020-10-30 10:43:18,GS,186.58,1,ASK
2020-10-30 10:43:14,GS,186.44,3,BID
2020-10-30 10:43:18,GS,186.56,1,ASK
2020-10-30 10:43:14,GS,186.44,3,BID
2020-10-30 10:43:19,GS,186.55,1,ASK
2020-10-30 10:43:20,GS,186.38,9,BID
2020-10-30 10:43:20,GS,186.52,1,ASK
2020-10-30 10:43:21,GS,186.38,9,BID
2020-10-30 10:43:21,GS,186.52,3,ASK
2020-10-30 10:43:21,GS,186.38,9,BID
2020-10-30 10:43:21,GS,186.52,3,ASK
2020-10-30 10:43:22,GS,186.33,3,BID
2020-10-30 10:43:22,GS,186.51,5,ASK
2020-10-30 10:43:22,GS,186.25,4,BID
2020-10-30 10:43:22,GS,186.37,2,ASK
2020-10-30 10:43:22,GS,186.25,4,BID
2020-10-30 10:43:22,GS,186.36,1,ASK
2020-10-30 10:43:23,GS,186.2,2,BID
2020-10-30 10:43:23,GS,186.34,3,ASK
2020-10-30 10:43:23,GS,186.19,5,BID
2020-10-30 10:43:23,GS,186.32,2,ASK
2020-10-30 10:43:23,GS,186.19,5,BID
2020-10-30 10:43:23,GS,186.32,1,ASK
2020-10-30 10:43:24,GS,186.19,5,BID
2020-10-30 10:43:24,GS,186.32,1,ASK
2020-10-30 10:43:24,GS,186.19,5,BID
2020-10-30 10:43:24,GS,186.3,1,ASK
2020-10-30 10:43:25,GS,186.19,5,BID
2020-10-30 10:43:25,GS,186.29,1,ASK
2020-10-30 10:43:26,GS,186.19,5,BID
2020-10-30 10:43:26,GS,186.28,6,ASK
2020-10-30 10:43:27,GS,186.19,5,BID
2020-10-30 10:43:27,GS,186.28,5,ASK
2020-10-30 10:43:28,GS,186.19,5,BID
2020-10-30 10:43:28,GS,186.28,5,ASK
2020-10-30 10:43:30,GS,186.2,1,BID
2020-10-30 10:43:30,GS,186.27,2,ASK
2020-10-30 10:43:30,GS,186.21,1,BID
2020-10-30 10:43:30,GS,186.28,1,ASK
2020-10-30 10:43:30,GS,186.21,1,BID
2020-10-30 10:43:30,GS,186.28,1,ASK
2020-10-30 10:43:32,GS,186.26,1,BID
2020-10-30 10:43:32,GS,186.36,4,ASK
2020-10-30 10:43:32,GS,186.26,1,BID
2020-10-30 10:43:32,GS,186.36,4,ASK
2020-10-30 10:43:34,GS,186.2,1,BID
2020-10-30 10:43:34,GS,186.33,3,ASK
2020-10-30 10:43:35,GS,186.22,1,BID
2020-10-30 10:43:35,GS,186.38,2,ASK
2020-10-30 10:43:36,GS,186.22,2,BID
2020-10-30 10:43:36,GS,186.38,2,ASK
2020-10-30 10:43:38,GS,186.22,2,BID
2020-10-30 10:43:37,GS,186.36,2,ASK
2020-10-30 10:43:39,GS,186.19,4,BID
2020-10-30 10:43:39,GS,186.28,1,ASK
2020-10-30 10:43:40,GS,186.14,3,BID
2020-10-30 10:43:40,GS,186.25,1,ASK
2020-10-30 10:43:40,GS,186.14,3,BID
2020-10-30 10:43:40,GS,186.25,1,ASK
2020-10-30 10:43:40,GS,186.14,3,BID
2020-10-30 10:43:40,GS,186.25,1,ASK
2020-10-30 10:43:43,GS,186.14,3,BID
2020-10-30 10:43:43,GS,186.22,3,ASK
2020-10-30 10:43:44,GS,186.14,3,BID
2020-10-30 10:43:44,GS,186.22,2,ASK
2020-10-30 10:43:45,GS,186.1,3,BID
2020-10-30 10:43:45,GS,186.22,4,ASK
2020-10-30 10:43:45,GS,186.1,3,BID
2020-10-30 10:43:45,GS,186.22,4,ASK
2020-10-30 10:43:46,GS,186.14,1,BID
2020-10-30 10:43:46,GS,186.22,4,ASK
2020-10-30 10:43:47,GS,186.06,2,BID
2020-10-30 10:43:47,GS,186.17,2,ASK
2020-10-30 10:43:47,GS,186.01,1,BID
2020-10-30 10:43:47,GS,186.13,2,ASK
2020-10-30 10:43:47,GS,186.01,1,BID
2020-10-30 10:43:47,GS,186.17,2,ASK
2020-10-30 10:43:47,GS,186.01,1,BID
2020-10-30 10:43:47,GS,186.17,2,ASK
2020-10-30 10:43:48,GS,186.02,1,BID
2020-10-30 10:43:48,GS,186.16,4,ASK
2020-10-30 10:43:48,GS,186.02,1,BID
2020-10-30 10:43:48,GS,186.16,4,ASK
2020-10-30 10:43:49,GS,186.02,1,BID
2020-10-30 10:43:49,GS,186.11,1,ASK
2020-10-30 10:43:49,GS,186.02,1,BID
2020-10-30 10:43:49,GS,186.11,1,ASK
2020-10-30 10:43:49,GS,186.02,1,BID
2020-10-30 10:43:49,GS,186.11,1,ASK
2020-10-30 10:43:49,GS,186.02,1,BID
2020-10-30 10:43:49,GS,186.11,1,ASK
2020-10-30 10:43:50,GS,186.0,32,BID
2020-10-30 10:43:50,GS,186.07,3,ASK
2020-10-30 10:43:50,GS,185.96,2,BID
2020-10-30 10:43:50,GS,186.06,3,ASK
2020-10-30 10:43:51,GS,185.95,1,BID
2020-10-30 10:43:51,GS,186.04,1,ASK
2020-10-30 10:43:51,GS,185.8,2,BID
2020-10-30 10:43:51,GS,185.94,3,ASK
2020-10-30 10:43:51,GS,185.87,5,BID
2020-10-30 10:43:51,GS,186.11,4,ASK
2020-10-30 10:43:52,GS,185.92,2,BID
2020-10-30 10:43:52,GS,186.11,4,ASK
2020-10-30 10:43:52,GS,185.95,2,BID
2020-10-30 10:43:52,GS,186.12,1,ASK
2020-10-30 10:43:52,GS,185.95,2,BID
2020-10-30 10:43:52,GS,186.12,1,ASK
2020-10-30 10:43:52,GS,185.95,2,BID
2020-10-30 10:43:52,GS,186.12,1,ASK
2020-10-30 10:43:52,GS,185.95,2,BID
2020-10-30 10:43:52,GS,186.12,1,ASK
2020-10-30 10:43:52,GS,185.95,2,BID
2020-10-30 10:43:52,GS,186.12,1,ASK
2020-10-30 10:43:52,GS,185.95,2,BID
2020-10-30 10:43:52,GS,186.12,1,ASK
2020-10-30 10:43:54,GS,185.95,2,BID
2020-10-30 10:43:54,GS,186.11,2,ASK
2020-10-30 10:43:54,GS,185.94,1,BID
2020-10-30 10:43:54,GS,186.11,2,ASK
2020-10-30 10:43:55,GS,185.94,1,BID
2020-10-30 10:43:55,GS,186.22,6,ASK
2020-10-30 10:43:55,GS,185.94,1,BID
2020-10-30 10:43:55,GS,186.15,2,ASK
2020-10-30 10:43:55,GS,185.94,1,BID
2020-10-30 10:43:55,GS,186.17,3,ASK
2020-10-30 10:43:56,GS,185.94,1,BID
2020-10-30 10:43:56,GS,186.17,5,ASK
2020-10-30 10:43:56,GS,185.94,1,BID
2020-10-30 10:43:56,GS,186.17,5,ASK
2020-10-30 10:43:56,GS,185.95,3,BID
2020-10-30 10:43:56,GS,186.18,1,ASK
2020-10-30 10:43:56,GS,185.95,3,BID
2020-10-30 10:43:56,GS,186.18,1,ASK
2020-10-30 10:43:57,GS,185.95,3,BID
2020-10-30 10:43:57,GS,186.17,1,ASK
2020-10-30 10:43:58,GS,185.94,5,BID
2020-10-30 10:43:58,GS,186.16,4,ASK
2020-10-30 10:43:58,GS,185.94,5,BID
2020-10-30 10:43:58,GS,186.16,9,ASK
2020-10-30 10:43:59,GS,185.95,2,BID
2020-10-30 10:43:59,GS,186.15,3,ASK
2020-10-30 10:44:00,GS,185.95,2,BID
2020-10-30 10:44:00,GS,186.15,4,ASK
2020-10-30 10:44:00,GS,185.95,2,BID
2020-10-30 10:44:00,GS,186.15,4,ASK
2020-10-30 10:44:01,GS,185.98,1,BID
2020-10-30 10:44:00,GS,186.15,3,ASK
2020-10-30 10:44:01,GS,185.98,2,BID
2020-10-30 10:44:00,GS,186.15,3,ASK
2020-10-30 10:44:01,GS,185.98,2,BID
2020-10-30 10:44:00,GS,186.15,3,ASK
2020-10-30 10:44:03,GS,186.16,2,BID
2020-10-30 10:44:03,GS,186.22,5,ASK
2020-10-30 10:44:03,GS,186.16,4,BID
2020-10-30 10:44:03,GS,186.28,1,ASK
2020-10-30 10:44:03,GS,186.16,4,BID
2020-10-30 10:44:03,GS,186.28,1,ASK
2020-10-30 10:44:03,GS,186.16,3,BID
2020-10-30 10:44:04,GS,186.27,1,ASK
2020-10-30 10:44:03,GS,186.16,3,BID
2020-10-30 10:44:04,GS,186.27,1,ASK
2020-10-30 10:44:05,GS,186.02,4,BID
2020-10-30 10:44:05,GS,186.27,1,ASK
2020-10-30 10:44:05,GS,185.98,2,BID
2020-10-30 10:44:05,GS,186.27,1,ASK
2020-10-30 10:44:06,GS,185.98,4,BID
2020-10-30 10:44:06,GS,186.26,5,ASK
2020-10-30 10:44:06,GS,186.01,3,BID
2020-10-30 10:44:06,GS,186.26,5,ASK
2020-10-30 10:44:07,GS,186.01,4,BID
2020-10-30 10:44:07,GS,186.26,4,ASK
2020-10-30 10:44:07,GS,186.01,4,BID
2020-10-30 10:44:07,GS,186.26,4,ASK
2020-10-30 10:44:09,GS,186.01,3,BID
2020-10-30 10:44:09,GS,186.24,8,ASK
2020-10-30 10:44:09,GS,186.01,4,BID
2020-10-30 10:44:09,GS,186.24,8,ASK
2020-10-30 10:44:10,GS,186.01,4,BID
2020-10-30 10:44:10,GS,186.24,8,ASK
2020-10-30 10:44:10,GS,186.01,5,BID
2020-10-30 10:44:10,GS,186.22,1,ASK
2020-10-30 10:44:12,GS,185.97,3,BID
2020-10-30 10:44:12,GS,186.2,3,ASK
2020-10-30 10:44:12,GS,185.97,3,BID
2020-10-30 10:44:12,GS,186.2,3,ASK
2020-10-30 10:44:12,GS,185.98,4,BID
2020-10-30 10:44:12,GS,186.22,8,ASK
2020-10-30 10:44:14,GS,185.98,4,BID
2020-10-30 10:44:14,GS,186.22,8,ASK
2020-10-30 10:44:15,GS,185.98,4,BID
2020-10-30 10:44:14,GS,186.22,8,ASK
2020-10-30 10:44:17,GS,186.0,4,BID
2020-10-30 10:44:17,GS,186.22,8,ASK
2020-10-30 10:44:19,GS,186.0,4,BID
2020-10-30 10:44:19,GS,186.22,8,ASK
2020-10-30 10:44:21,GS,186.0,4,BID
2020-10-30 10:44:21,GS,186.21,2,ASK
2020-10-30 10:44:21,GS,186.0,6,BID
2020-10-30 10:44:22,GS,186.22,8,ASK
2020-10-30 10:44:23,GS,186.08,3,BID
2020-10-30 10:44:23,GS,186.32,1,ASK
2020-10-30 10:44:24,GS,186.1,3,BID
2020-10-30 10:44:24,GS,186.34,5,ASK
2020-10-30 10:44:24,GS,186.1,5,BID
2020-10-30 10:44:24,GS,186.34,5,ASK
2020-10-30 10:44:25,GS,186.1,6,BID
2020-10-30 10:44:25,GS,186.39,1,ASK
2020-10-30 10:44:25,GS,186.1,6,BID
2020-10-30 10:44:26,GS,186.38,1,ASK
2020-10-30 10:44:25,GS,186.1,6,BID
2020-10-30 10:44:27,GS,186.38,1,ASK
2020-10-30 10:44:25,GS,186.1,5,BID
2020-10-30 10:44:28,GS,186.37,1,ASK
2020-10-30 10:44:25,GS,186.1,5,BID
2020-10-30 10:44:30,GS,186.37,1,ASK
2020-10-30 10:44:25,GS,186.1,5,BID
2020-10-30 10:44:31,GS,186.34,1,ASK
2020-10-30 10:44:32,GS,186.1,4,BID
2020-10-30 10:44:33,GS,186.35,1,ASK
2020-10-30 10:44:34,GS,186.16,7,BID
2020-10-30 10:44:34,GS,186.45,3,ASK
2020-10-30 10:44:35,GS,186.16,10,BID
2020-10-30 10:44:35,GS,186.44,1,ASK
2020-10-30 10:44:37,GS,186.11,5,BID
2020-10-30 10:44:37,GS,186.38,7,ASK
2020-10-30 10:44:37,GS,186.11,5,BID
2020-10-30 10:44:38,GS,186.38,5,ASK
2020-10-30 10:44:39,GS,186.11,7,BID
2020-10-30 10:44:39,GS,186.37,4,ASK
2020-10-30 10:44:40,GS,186.03,1,BID
2020-10-30 10:44:40,GS,186.22,7,ASK
2020-10-30 10:44:40,GS,186.0,8,BID
2020-10-30 10:44:40,GS,186.22,6,ASK
2020-10-30 10:44:40,GS,186.01,2,BID
2020-10-30 10:44:40,GS,186.22,6,ASK
2020-10-30 10:44:40,GS,186.01,2,BID
2020-10-30 10:44:40,GS,186.22,6,ASK
2020-10-30 10:44:40,GS,186.01,2,BID
2020-10-30 10:44:40,GS,186.22,6,ASK
2020-10-30 10:44:42,GS,186.02,1,BID
2020-10-30 10:44:42,GS,186.21,6,ASK
2020-10-30 10:44:42,GS,186.02,1,BID
2020-10-30 10:44:42,GS,186.21,6,ASK
2020-10-30 10:44:42,GS,186.02,1,BID
2020-10-30 10:44:42,GS,186.21,6,ASK
2020-10-30 10:44:46,GS,186.02,1,BID
2020-10-30 10:44:46,GS,186.21,5,ASK
2020-10-30 10:44:46,GS,186.02,1,BID
2020-10-30 10:44:46,GS,186.21,5,ASK
2020-10-30 10:44:47,GS,186.02,1,BID
2020-10-30 10:44:47,GS,186.21,4,ASK
2020-10-30 10:44:47,GS,186.02,1,BID
2020-10-30 10:44:47,GS,186.21,4,ASK
2020-10-30 10:44:47,GS,186.02,1,BID
2020-10-30 10:44:47,GS,186.21,4,ASK
2020-10-30 10:44:50,GS,186.02,5,BID
2020-10-30 10:44:50,GS,186.21,4,ASK
2020-10-30 10:44:50,GS,186.02,5,BID
2020-10-30 10:44:50,GS,186.21,6,ASK
2020-10-30 10:44:51,GS,186.06,2,BID
2020-10-30 10:44:51,GS,186.21,8,ASK
2020-10-30 10:44:52,GS,186.06,2,BID
2020-10-30 10:44:51,GS,186.21,8,ASK
2020-10-30 10:44:52,GS,186.06,2,BID
2020-10-30 10:44:51,GS,186.21,8,ASK
2020-10-30 10:44:54,GS,186.06,3,BID
2020-10-30 10:44:54,GS,186.2,3,ASK
2020-10-30 10:44:54,GS,186.06,3,BID
2020-10-30 10:44:54,GS,186.2,3,ASK
2020-10-30 10:44:54,GS,186.06,3,BID
2020-10-30 10:44:54,GS,186.2,3,ASK
2020-10-30 10:44:54,GS,186.08,9,BID
2020-10-30 10:44:54,GS,186.2,3,ASK
2020-10-30 10:44:54,GS,186.08,9,BID
2020-10-30 10:44:54,GS,186.2,3,ASK
2020-10-30 10:44:54,GS,186.08,9,BID
2020-10-30 10:44:54,GS,186.2,3,ASK
2020-10-30 10:44:54,GS,186.08,9,BID
2020-10-30 10:44:54,GS,186.2,3,ASK
2020-10-30 10:44:54,GS,186.08,9,BID
2020-10-30 10:44:54,GS,186.2,3,ASK
2020-10-30 10:44:54,GS,186.08,9,BID
2020-10-30 10:44:54,GS,186.2,3,ASK
2020-10-30 10:44:54,GS,186.08,9,BID
2020-10-30 10:44:54,GS,186.2,3,ASK
2020-10-30 10:44:54,GS,186.08,9,BID
2020-10-30 10:44:54,GS,186.2,3,ASK
2020-10-30 10:44:56,GS,186.08,1,BID
2020-10-30 10:44:56,GS,186.2,3,ASK
2020-10-30 10:44:57,GS,186.07,1,BID
2020-10-30 10:44:57,GS,186.2,6,ASK
2020-10-30 10:44:58,GS,186.07,2,BID
2020-10-30 10:44:58,GS,186.2,5,ASK
2020-10-30 10:45:00,GS,186.06,4,BID
2020-10-30 10:45:00,GS,186.2,5,ASK
2020-10-30 10:45:00,GS,186.2,2,BID
2020-10-30 10:45:00,GS,186.33,4,ASK
2020-10-30 10:45:01,GS,186.27,1,BID
2020-10-30 10:45:00,GS,186.33,4,ASK
2020-10-30 10:45:01,GS,186.27,4,BID
2020-10-30 10:45:01,GS,186.45,2,ASK
2020-10-30 10:45:01,GS,186.27,4,BID
2020-10-30 10:45:01,GS,186.45,2,ASK
2020-10-30 10:45:01,GS,186.27,4,BID
2020-10-30 10:45:02,GS,186.41,2,ASK
2020-10-30 10:45:01,GS,186.27,4,BID
2020-10-30 10:45:02,GS,186.41,2,ASK
2020-10-30 10:45:03,GS,186.2,2,BID
2020-10-30 10:45:03,GS,186.33,4,ASK
2020-10-30 10:45:03,GS,186.09,3,BID
2020-10-30 10:45:03,GS,186.27,4,ASK
2020-10-30 10:45:04,GS,186.09,2,BID
2020-10-30 10:45:03,GS,186.27,4,ASK
2020-10-30 10:45:04,GS,186.09,2,BID
2020-10-30 10:45:03,GS,186.27,4,ASK
2020-10-30 10:45:04,GS,186.09,3,BID
2020-10-30 10:45:03,GS,186.27,4,ASK
2020-10-30 10:45:06,GS,186.09,3,BID
2020-10-30 10:45:06,GS,186.27,3,ASK
2020-10-30 10:45:06,GS,186.09,5,BID
2020-10-30 10:45:07,GS,186.27,2,ASK
2020-10-30 10:45:07,GS,186.18,1,BID
2020-10-30 10:45:07,GS,186.27,1,ASK
2020-10-30 10:45:08,GS,186.19,1,BID
2020-10-30 10:45:08,GS,186.27,1,ASK
2020-10-30 10:45:08,GS,186.19,2,BID
2020-10-30 10:45:08,GS,186.27,1,ASK
2020-10-30 10:45:08,GS,186.19,2,BID
2020-10-30 10:45:08,GS,186.27,1,ASK
2020-10-30 10:45:08,GS,186.19,2,BID
2020-10-30 10:45:08,GS,186.27,1,ASK
2020-10-30 10:45:08,GS,186.19,2,BID
2020-10-30 10:45:08,GS,186.27,1,ASK
2020-10-30 10:45:13,GS,186.22,1,BID
2020-10-30 10:45:13,GS,186.35,1,ASK
2020-10-30 10:45:13,GS,186.24,2,BID
2020-10-30 10:45:13,GS,186.38,1,ASK
2020-10-30 10:45:15,GS,186.24,1,BID
2020-10-30 10:45:15,GS,186.35,1,ASK
2020-10-30 10:45:15,GS,186.24,2,BID
2020-10-30 10:45:15,GS,186.38,2,ASK
2020-10-30 10:45:16,GS,186.24,3,BID
2020-10-30 10:45:16,GS,186.32,1,ASK
2020-10-30 10:45:17,GS,186.24,3,BID
2020-10-30 10:45:17,GS,186.33,2,ASK
2020-10-30 10:45:18,GS,186.25,1,BID
2020-10-30 10:45:18,GS,186.3,1,ASK
2020-10-30 10:45:19,GS,186.12,2,BID
2020-10-30 10:45:19,GS,186.26,1,ASK
2020-10-30 10:45:20,GS,186.12,3,BID
2020-10-30 10:45:20,GS,186.24,1,ASK
2020-10-30 10:45:20,GS,186.12,3,BID
2020-10-30 10:45:20,GS,186.24,1,ASK
2020-10-30 10:45:22,GS,186.12,4,BID
2020-10-30 10:45:22,GS,186.22,1,ASK
2020-10-30 10:45:22,GS,186.04,2,BID
2020-10-30 10:45:22,GS,186.21,1,ASK
2020-10-30 10:45:23,GS,186.1,1,BID
2020-10-30 10:45:23,GS,186.19,1,ASK
2020-10-30 10:45:23,GS,186.04,2,BID
2020-10-30 10:45:23,GS,186.18,1,ASK
2020-10-30 10:45:24,GS,186.1,1,BID
2020-10-30 10:45:24,GS,186.21,3,ASK
2020-10-30 10:45:25,GS,186.1,3,BID
2020-10-30 10:45:24,GS,186.21,3,ASK
2020-10-30 10:45:27,GS,186.11,1,BID
2020-10-30 10:45:27,GS,186.2,1,ASK
2020-10-30 10:45:28,GS,186.11,3,BID
2020-10-30 10:45:27,GS,186.2,2,ASK
2020-10-30 10:45:29,GS,186.1,4,BID
2020-10-30 10:45:28,GS,186.2,2,ASK
2020-10-30 10:45:30,GS,186.11,1,BID
2020-10-30 10:45:28,GS,186.2,2,ASK
2020-10-30 10:45:32,GS,186.1,4,BID
2020-10-30 10:45:32,GS,186.2,2,ASK
2020-10-30 10:45:32,GS,186.1,4,BID
2020-10-30 10:45:32,GS,186.2,2,ASK
2020-10-30 10:45:34,GS,186.2,1,BID
2020-10-30 10:45:34,GS,186.28,1,ASK
2020-10-30 10:45:34,GS,186.21,3,BID
2020-10-30 10:45:34,GS,186.33,3,ASK
2020-10-30 10:45:34,GS,186.21,3,BID
2020-10-30 10:45:34,GS,186.33,3,ASK
2020-10-30 10:45:34,GS,186.21,3,BID
2020-10-30 10:45:34,GS,186.33,3,ASK
2020-10-30 10:45:38,GS,186.21,2,BID
2020-10-30 10:45:38,GS,186.33,4,ASK
2020-10-30 10:45:40,GS,186.21,2,BID
2020-10-30 10:45:38,GS,186.33,4,ASK
2020-10-30 10:45:41,GS,186.1,5,BID
2020-10-30 10:45:41,GS,186.27,1,ASK
2020-10-30 10:45:41,GS,186.1,5,BID
2020-10-30 10:45:41,GS,186.27,1,ASK
2020-10-30 10:45:41,GS,186.1,5,BID
2020-10-30 10:45:41,GS,186.27,1,ASK
2020-10-30 10:45:41,GS,186.1,5,BID
2020-10-30 10:45:41,GS,186.27,1,ASK
2020-10-30 10:45:45,GS,186.1,5,BID
2020-10-30 10:45:45,GS,186.25,1,ASK
2020-10-30 10:45:46,GS,186.1,5,BID
2020-10-30 10:45:46,GS,186.27,3,ASK
2020-10-30 10:45:46,GS,186.11,3,BID
2020-10-30 10:45:46,GS,186.33,6,ASK
2020-10-30 10:45:47,GS,186.11,3,BID
2020-10-30 10:45:47,GS,186.32,2,ASK
2020-10-30 10:45:47,GS,186.12,2,BID
2020-10-30 10:45:47,GS,186.32,2,ASK
2020-10-30 10:45:48,GS,186.12,2,BID
2020-10-30 10:45:48,GS,186.3,1,ASK
2020-10-30 10:45:50,GS,186.13,2,BID
2020-10-30 10:45:50,GS,186.31,2,ASK
2020-10-30 10:45:51,GS,186.13,3,BID
2020-10-30 10:45:51,GS,186.31,1,ASK
2020-10-30 10:45:53,GS,186.13,5,BID
2020-10-30 10:45:53,GS,186.33,8,ASK
2020-10-30 10:45:53,GS,186.13,5,BID
2020-10-30 10:45:54,GS,186.33,8,ASK
2020-10-30 10:45:53,GS,186.13,5,BID
2020-10-30 10:45:56,GS,186.32,1,ASK
2020-10-30 10:45:53,GS,186.13,5,BID
2020-10-30 10:45:58,GS,186.32,1,ASK
2020-10-30 10:45:59,GS,186.15,1,BID
2020-10-30 10:45:59,GS,186.32,2,ASK
2020-10-30 10:46:00,GS,186.15,1,BID
2020-10-30 10:46:00,GS,186.32,2,ASK
2020-10-30 10:46:01,GS,186.14,3,BID
2020-10-30 10:46:01,GS,186.27,1,ASK
2020-10-30 10:46:01,GS,186.14,3,BID
2020-10-30 10:46:02,GS,186.32,3,ASK
2020-10-30 10:46:01,GS,186.14,3,BID
2020-10-30 10:46:02,GS,186.32,3,ASK
2020-10-30 10:46:04,GS,186.15,1,BID
2020-10-30 10:46:04,GS,186.32,3,ASK
2020-10-30 10:46:05,GS,186.15,1,BID
2020-10-30 10:46:05,GS,186.32,1,ASK
2020-10-30 10:46:07,GS,186.15,2,BID
2020-10-30 10:46:07,GS,186.3,1,ASK
2020-10-30 10:46:08,GS,186.16,1,BID
2020-10-30 10:46:08,GS,186.32,4,ASK
2020-10-30 10:46:09,GS,186.21,1,BID
2020-10-30 10:46:09,GS,186.32,4,ASK
2020-10-30 10:46:10,GS,186.22,1,BID
2020-10-30 10:46:10,GS,186.32,4,ASK
2020-10-30 10:46:10,GS,186.22,1,BID
2020-10-30 10:46:10,GS,186.32,4,ASK
2020-10-30 10:46:11,GS,186.23,1,BID
2020-10-30 10:46:11,GS,186.32,4,ASK
2020-10-30 10:46:12,GS,186.22,2,BID
2020-10-30 10:46:12,GS,186.32,4,ASK
2020-10-30 10:46:12,GS,186.22,2,BID
2020-10-30 10:46:12,GS,186.32,4,ASK
2020-10-30 10:46:10,GS,186.22,2,BID
2020-10-30 10:46:06,GS,186.32,4,ASK
2020-10-30 10:46:10,GS,186.22,2,BID
2020-10-30 10:46:06,GS,186.32,4,ASK
2020-10-30 10:46:10,GS,186.22,2,BID
2020-10-30 10:46:06,GS,186.32,4,ASK
2020-10-30 10:46:10,GS,186.22,3,BID
2020-10-30 10:46:16,GS,186.32,1,ASK
2020-10-30 10:46:10,GS,186.22,3,BID
2020-10-30 10:46:16,GS,186.32,1,ASK
2020-10-30 10:46:10,GS,186.22,3,BID
2020-10-30 10:46:18,GS,186.34,2,ASK
2020-10-30 10:46:19,GS,186.16,3,BID
2020-10-30 10:46:19,GS,186.34,5,ASK
2020-10-30 10:46:19,GS,186.11,5,BID
2020-10-30 10:46:19,GS,186.24,3,ASK
2020-10-30 10:46:19,GS,186.1,5,BID
2020-10-30 10:46:19,GS,186.24,3,ASK
2020-10-30 10:46:19,GS,186.1,5,BID
2020-10-30 10:46:19,GS,186.24,4,ASK
2020-10-30 10:46:20,GS,186.1,5,BID
2020-10-30 10:46:19,GS,186.24,4,ASK
2020-10-30 10:46:20,GS,186.1,5,BID
2020-10-30 10:46:19,GS,186.24,4,ASK
2020-10-30 10:46:20,GS,186.1,5,BID
2020-10-30 10:46:19,GS,186.24,4,ASK
2020-10-30 10:46:23,GS,186.0,8,BID
2020-10-30 10:46:23,GS,186.24,13,ASK
2020-10-30 10:46:24,GS,186.0,8,BID
2020-10-30 10:46:24,GS,186.15,5,ASK
2020-10-30 10:46:25,GS,186.01,1,BID
2020-10-30 10:46:24,GS,186.15,5,ASK
2020-10-30 10:46:25,GS,186.0,8,BID
2020-10-30 10:46:24,GS,186.15,5,ASK
2020-10-30 10:46:25,GS,186.0,8,BID
2020-10-30 10:46:24,GS,186.15,5,ASK
2020-10-30 10:46:25,GS,186.0,8,BID
2020-10-30 10:46:24,GS,186.15,5,ASK
2020-10-30 10:46:28,GS,186.0,8,BID
2020-10-30 10:46:28,GS,186.14,5,ASK
2020-10-30 10:46:29,GS,186.0,8,BID
2020-10-30 10:46:29,GS,186.14,11,ASK
2020-10-30 10:46:30,GS,186.01,1,BID
2020-10-30 10:46:29,GS,186.14,9,ASK
2020-10-30 10:46:31,GS,186.01,3,BID
2020-10-30 10:46:31,GS,186.15,10,ASK
2020-10-30 10:46:32,GS,186.01,3,BID
2020-10-30 10:46:31,GS,186.15,6,ASK
2020-10-30 10:46:32,GS,186.01,3,BID
2020-10-30 10:46:31,GS,186.15,6,ASK
2020-10-30 10:46:32,GS,186.01,3,BID
2020-10-30 10:46:31,GS,186.15,6,ASK
2020-10-30 10:46:35,GS,186.01,5,BID
2020-10-30 10:46:31,GS,186.15,6,ASK
2020-10-30 10:46:35,GS,186.01,5,BID
2020-10-30 10:46:31,GS,186.15,6,ASK
2020-10-30 10:46:35,GS,186.01,5,BID
2020-10-30 10:46:31,GS,186.15,6,ASK
2020-10-30 10:46:35,GS,186.01,5,BID
2020-10-30 10:46:31,GS,186.15,6,ASK
2020-10-30 10:46:35,GS,186.01,5,BID
2020-10-30 10:46:31,GS,186.15,6,ASK
2020-10-30 10:46:35,GS,186.01,5,BID
2020-10-30 10:46:31,GS,186.15,6,ASK
2020-10-30 10:46:35,GS,186.01,5,BID
2020-10-30 10:46:31,GS,186.15,6,ASK
2020-10-30 10:46:35,GS,186.01,5,BID
2020-10-30 10:46:31,GS,186.15,6,ASK
2020-10-30 10:46:35,GS,186.01,5,BID
2020-10-30 10:46:31,GS,186.15,6,ASK
2020-10-30 10:46:35,GS,186.01,5,BID
2020-10-30 10:46:31,GS,186.15,6,ASK
2020-10-30 10:46:35,GS,186.01,5,BID
2020-10-30 10:46:31,GS,186.15,6,ASK
2020-10-30 10:46:35,GS,186.01,5,BID
2020-10-30 10:46:31,GS,186.15,6,ASK
2020-10-30 10:46:35,GS,186.01,5,BID
2020-10-30 10:46:31,GS,186.15,6,ASK
2020-10-30 10:46:35,GS,186.01,5,BID
2020-10-30 10:46:31,GS,186.15,6,ASK
2020-10-30 10:46:35,GS,186.01,5,BID
2020-10-30 10:46:31,GS,186.15,6,ASK
2020-10-30 10:46:35,GS,186.01,5,BID
2020-10-30 10:46:31,GS,186.15,6,ASK
2020-10-30 10:46:35,GS,186.01,5,BID
2020-10-30 10:46:31,GS,186.15,6,ASK
2020-10-30 10:46:35,GS,186.01,5,BID
2020-10-30 10:46:31,GS,186.15,6,ASK
2020-10-30 10:46:35,GS,186.01,5,BID
2020-10-30 10:46:31,GS,186.15,6,ASK
2020-10-30 10:46:35,GS,186.01,5,BID
2020-10-30 10:46:31,GS,186.15,6,ASK
2020-10-30 10:46:35,GS,186.01,5,BID
2020-10-30 10:46:31,GS,186.15,6,ASK
2020-10-30 10:46:35,GS,186.01,5,BID
2020-10-30 10:46:31,GS,186.15,6,ASK
2020-10-30 10:46:35,GS,186.01,5,BID
2020-10-30 10:46:31,GS,186.15,6,ASK
2020-10-30 10:46:35,GS,186.01,5,BID
2020-10-30 10:46:31,GS,186.15,6,ASK
2020-10-30 10:46:35,GS,186.01,5,BID
2020-10-30 10:46:31,GS,186.15,6,ASK
2020-10-30 10:46:35,GS,186.01,5,BID
2020-10-30 10:46:31,GS,186.15,6,ASK
2020-10-30 10:46:35,GS,186.01,5,BID
2020-10-30 10:46:31,GS,186.15,6,ASK
2020-10-30 10:46:35,GS,186.01,5,BID
2020-10-30 10:46:31,GS,186.15,6,ASK
2020-10-30 10:46:35,GS,186.01,5,BID
2020-10-30 10:46:31,GS,186.15,6,ASK
2020-10-30 10:46:35,GS,186.01,5,BID
2020-10-30 10:46:31,GS,186.15,6,ASK
2020-10-30 10:46:35,GS,186.01,5,BID
2020-10-30 10:46:31,GS,186.15,6,ASK
2020-10-30 10:46:35,GS,186.01,5,BID
2020-10-30 10:46:31,GS,186.15,6,ASK
2020-10-30 10:46:35,GS,186.01,5,BID
2020-10-30 10:46:31,GS,186.15,6,ASK
2020-10-30 10:46:35,GS,186.01,5,BID
2020-10-30 10:46:31,GS,186.15,6,ASK
2020-10-30 10:46:30,GS,186.01,5,BID
2020-10-30 10:46:41,GS,186.15,6,ASK
2020-10-30 10:46:30,GS,186.01,5,BID
2020-10-30 10:46:41,GS,186.15,6,ASK
2020-10-30 10:46:30,GS,186.01,5,BID
2020-10-30 10:46:41,GS,186.15,6,ASK
2020-10-30 10:46:30,GS,186.01,5,BID
2020-10-30 10:46:41,GS,186.15,6,ASK
2020-10-30 10:46:30,GS,186.01,5,BID
2020-10-30 10:46:41,GS,186.15,6,ASK
2020-10-30 10:46:30,GS,186.01,5,BID
2020-10-30 10:46:41,GS,186.15,6,ASK
2020-10-30 10:46:30,GS,186.01,5,BID
2020-10-30 10:46:41,GS,186.15,6,ASK
2020-10-30 10:46:30,GS,186.01,5,BID
2020-10-30 10:46:41,GS,186.15,6,ASK
2020-10-30 10:46:57,GS,186.01,5,BID
2020-10-30 10:46:58,GS,186.14,2,ASK
2020-10-30 10:46:57,GS,186.01,5,BID
2020-10-30 10:46:59,GS,186.14,2,ASK
2020-10-30 10:47:00,GS,186.01,5,BID
2020-10-30 10:46:41,GS,186.15,6,ASK
2020-10-30 10:47:02,GS,186.0,9,BID
2020-10-30 10:46:41,GS,186.15,6,ASK
2020-10-30 10:47:02,GS,186.0,9,BID
2020-10-30 10:46:41,GS,186.15,6,ASK
2020-10-30 10:47:02,GS,186.0,9,BID
2020-10-30 10:47:02,GS,186.15,6,ASK
2020-10-30 10:47:02,GS,186.0,9,BID
2020-10-30 10:47:02,GS,186.15,6,ASK
2020-10-30 10:47:02,GS,186.0,9,BID
2020-10-30 10:47:02,GS,186.15,6,ASK
2020-10-30 10:47:02,GS,186.0,9,BID
2020-10-30 10:47:02,GS,186.15,6,ASK
2020-10-30 10:47:02,GS,186.0,9,BID
2020-10-30 10:47:02,GS,186.15,6,ASK
2020-10-30 10:47:02,GS,186.0,9,BID
2020-10-30 10:47:02,GS,186.15,6,ASK
2020-10-30 10:47:07,GS,186.04,1,BID
2020-10-30 10:47:07,GS,186.15,8,ASK
2020-10-30 10:47:07,GS,185.9,3,BID
2020-10-30 10:47:07,GS,185.98,3,ASK
2020-10-30 10:47:07,GS,185.9,3,BID
2020-10-30 10:47:07,GS,186.06,6,ASK
2020-10-30 10:47:08,GS,185.9,3,BID
2020-10-30 10:47:07,GS,186.06,6,ASK
2020-10-30 10:47:08,GS,185.9,3,BID
2020-10-30 10:47:07,GS,186.06,6,ASK
2020-10-30 10:47:08,GS,185.9,3,BID
2020-10-30 10:47:07,GS,186.06,6,ASK
2020-10-30 10:47:08,GS,185.9,3,BID
2020-10-30 10:47:07,GS,186.06,6,ASK
2020-10-30 10:47:08,GS,185.9,3,BID
2020-10-30 10:47:07,GS,186.06,6,ASK
2020-10-30 10:47:08,GS,185.9,3,BID
2020-10-30 10:47:07,GS,186.06,6,ASK
2020-10-30 10:47:08,GS,185.9,3,BID
2020-10-30 10:47:07,GS,186.06,6,ASK
2020-10-30 10:47:08,GS,185.9,3,BID
2020-10-30 10:47:07,GS,186.06,6,ASK
2020-10-30 10:47:08,GS,185.9,3,BID
2020-10-30 10:47:07,GS,186.06,6,ASK
2020-10-30 10:47:10,GS,185.86,1,BID
2020-10-30 10:47:10,GS,185.97,1,ASK
2020-10-30 10:47:11,GS,185.85,2,BID
2020-10-30 10:47:10,GS,186.06,7,ASK
2020-10-30 10:47:11,GS,185.85,1,BID
2020-10-30 10:47:10,GS,186.06,7,ASK
2020-10-30 10:47:12,GS,185.85,1,BID
2020-10-30 10:47:10,GS,186.06,7,ASK
2020-10-30 10:47:14,GS,185.9,1,BID
2020-10-30 10:47:10,GS,186.06,7,ASK
2020-10-30 10:47:14,GS,185.86,2,BID
2020-10-30 10:47:10,GS,186.06,7,ASK
2020-10-30 10:47:16,GS,185.86,2,BID
2020-10-30 10:47:16,GS,186.05,3,ASK
2020-10-30 10:47:16,GS,185.86,2,BID
2020-10-30 10:47:18,GS,186.05,5,ASK
2020-10-30 10:47:16,GS,185.86,2,BID
2020-10-30 10:47:20,GS,186.05,5,ASK
2020-10-30 10:47:16,GS,185.86,2,BID
2020-10-30 10:47:20,GS,186.05,5,ASK
2020-10-30 10:47:21,GS,185.85,1,BID
2020-10-30 10:47:21,GS,186.05,9,ASK
2020-10-30 10:47:21,GS,185.85,1,BID
2020-10-30 10:47:21,GS,186.05,9,ASK
2020-10-30 10:47:23,GS,185.86,1,BID
2020-10-30 10:47:23,GS,186.05,8,ASK
2020-10-30 10:47:24,GS,185.85,2,BID
2020-10-30 10:47:24,GS,186.05,8,ASK
2020-10-30 10:47:24,GS,185.85,2,BID
2020-10-30 10:47:24,GS,186.05,8,ASK
2020-10-30 10:47:25,GS,185.88,1,BID
2020-10-30 10:47:24,GS,186.05,8,ASK
2020-10-30 10:47:26,GS,185.85,2,BID
2020-10-30 10:47:26,GS,186.02,1,ASK
2020-10-30 10:47:26,GS,185.85,2,BID
2020-10-30 10:47:28,GS,186.02,3,ASK
2020-10-30 10:47:26,GS,185.85,2,BID
2020-10-30 10:47:28,GS,186.02,3,ASK
2020-10-30 10:47:26,GS,185.85,2,BID
2020-10-30 10:47:30,GS,186.02,5,ASK
2020-10-30 10:47:32,GS,185.88,1,BID
2020-10-30 10:47:32,GS,186.02,6,ASK
2020-10-30 10:47:33,GS,185.88,2,BID
2020-10-30 10:47:32,GS,186.02,4,ASK
2020-10-30 10:47:33,GS,185.88,2,BID
2020-10-30 10:47:32,GS,186.02,4,ASK
2020-10-30 10:47:33,GS,185.88,2,BID
2020-10-30 10:47:32,GS,186.02,4,ASK
2020-10-30 10:47:33,GS,185.88,2,BID
2020-10-30 10:47:32,GS,186.02,4,ASK
2020-10-30 10:47:26,GS,185.85,2,BID
2020-10-30 10:47:37,GS,185.95,3,ASK
2020-10-30 10:47:02,GS,185.8,6,BID
2020-10-30 10:47:38,GS,185.94,4,ASK
2020-10-30 10:47:38,GS,185.8,6,BID
2020-10-30 10:47:38,GS,185.94,4,ASK
2020-10-30 10:47:38,GS,185.8,5,BID
2020-10-30 10:47:39,GS,185.94,4,ASK
2020-10-30 10:47:02,GS,185.8,5,BID
2020-10-30 10:47:37,GS,185.94,4,ASK
2020-10-30 10:47:02,GS,185.8,5,BID
2020-10-30 10:47:37,GS,185.94,4,ASK
2020-10-30 10:47:02,GS,185.8,5,BID
2020-10-30 10:47:37,GS,185.94,4,ASK
2020-10-30 10:47:02,GS,185.8,5,BID
2020-10-30 10:47:37,GS,185.94,4,ASK
2020-10-30 10:47:02,GS,185.8,5,BID
2020-10-30 10:47:37,GS,185.94,4,ASK
2020-10-30 10:47:02,GS,185.8,5,BID
2020-10-30 10:47:37,GS,185.94,4,ASK
2020-10-30 10:47:02,GS,185.8,5,BID
2020-10-30 10:47:37,GS,185.94,4,ASK
2020-10-30 10:47:02,GS,185.8,5,BID
2020-10-30 10:47:37,GS,185.94,4,ASK
2020-10-30 10:47:02,GS,185.8,5,BID
2020-10-30 10:47:37,GS,185.94,4,ASK
2020-10-30 10:47:02,GS,185.8,5,BID
2020-10-30 10:47:37,GS,185.94,4,ASK
2020-10-30 10:47:50,GS,185.74,1,BID
2020-10-30 10:47:50,GS,185.86,1,ASK
2020-10-30 10:47:51,GS,185.68,2,BID
2020-10-30 10:47:51,GS,185.82,1,ASK
2020-10-30 10:47:51,GS,185.66,1,BID
2020-10-30 10:47:51,GS,185.82,1,ASK
2020-10-30 10:47:52,GS,185.65,2,BID
2020-10-30 10:47:52,GS,185.82,1,ASK
2020-10-30 10:47:52,GS,185.65,2,BID
2020-10-30 10:47:52,GS,185.82,1,ASK
2020-10-30 10:47:52,GS,185.65,2,BID
2020-10-30 10:47:52,GS,185.82,1,ASK
2020-10-30 10:47:55,GS,185.64,1,BID
2020-10-30 10:47:55,GS,185.73,2,ASK
2020-10-30 10:47:56,GS,185.63,1,BID
2020-10-30 10:47:56,GS,185.73,4,ASK
2020-10-30 10:47:56,GS,185.63,1,BID
2020-10-30 10:47:56,GS,185.73,4,ASK
2020-10-30 10:47:58,GS,185.6,1,BID
2020-10-30 10:47:58,GS,185.69,6,ASK
2020-10-30 10:47:58,GS,185.58,1,BID
2020-10-30 10:47:58,GS,185.69,8,ASK
2020-10-30 10:47:58,GS,185.58,1,BID
2020-10-30 10:47:58,GS,185.69,8,ASK
2020-10-30 10:48:00,GS,185.55,1,BID
2020-10-30 10:48:00,GS,185.66,2,ASK
2020-10-30 10:48:01,GS,185.55,1,BID
2020-10-30 10:48:01,GS,185.66,3,ASK
2020-10-30 10:48:01,GS,185.58,1,BID
2020-10-30 10:48:01,GS,185.66,3,ASK
2020-10-30 10:48:02,GS,185.55,1,BID
2020-10-30 10:48:02,GS,185.66,4,ASK
2020-10-30 10:48:03,GS,185.58,1,BID
2020-10-30 10:48:03,GS,185.66,4,ASK
2020-10-30 10:48:05,GS,185.59,2,BID
2020-10-30 10:48:05,GS,185.83,1,ASK
2020-10-30 10:48:06,GS,185.6,2,BID
2020-10-30 10:48:06,GS,185.83,4,ASK
2020-10-30 10:48:06,GS,185.6,4,BID
2020-10-30 10:48:06,GS,185.83,4,ASK
2020-10-30 10:48:09,GS,185.61,2,BID
2020-10-30 10:48:06,GS,185.83,4,ASK
2020-10-30 10:48:09,GS,185.61,4,BID
2020-10-30 10:48:09,GS,185.83,5,ASK
2020-10-30 10:48:10,GS,185.61,4,BID
2020-10-30 10:48:09,GS,185.83,5,ASK
2020-10-30 10:48:10,GS,185.61,5,BID
2020-10-30 10:48:09,GS,185.83,5,ASK
2020-10-30 10:48:10,GS,185.61,5,BID
2020-10-30 10:48:09,GS,185.83,5,ASK
2020-10-30 10:48:10,GS,185.61,5,BID
2020-10-30 10:48:09,GS,185.83,5,ASK
2020-10-30 10:48:10,GS,185.61,5,BID
2020-10-30 10:48:15,GS,185.83,5,ASK
2020-10-30 10:48:10,GS,185.61,5,BID
2020-10-30 10:48:15,GS,185.83,5,ASK
2020-10-30 10:48:17,GS,185.61,6,BID
2020-10-30 10:48:17,GS,185.83,5,ASK
2020-10-30 10:48:19,GS,185.61,6,BID
2020-10-30 10:48:19,GS,185.83,5,ASK
2020-10-30 10:48:19,GS,185.61,6,BID
2020-10-30 10:48:19,GS,185.83,5,ASK
2020-10-30 10:48:19,GS,185.61,6,BID
2020-10-30 10:48:19,GS,185.83,5,ASK
2020-10-30 10:48:22,GS,185.63,1,BID
2020-10-30 10:48:22,GS,185.82,1,ASK
2020-10-30 10:48:22,GS,185.63,1,BID
2020-10-30 10:48:19,GS,185.83,6,ASK
2020-10-30 10:48:22,GS,185.63,1,BID
2020-10-30 10:48:19,GS,185.83,6,ASK
2020-10-30 10:48:22,GS,185.63,1,BID
2020-10-30 10:48:19,GS,185.83,6,ASK
2020-10-30 10:48:26,GS,185.63,1,BID
2020-10-30 10:48:19,GS,185.83,5,ASK
2020-10-30 10:48:29,GS,185.63,1,BID
2020-10-30 10:48:19,GS,185.83,6,ASK
2020-10-30 10:48:30,GS,185.63,1,BID
2020-10-30 10:48:19,GS,185.83,6,ASK
2020-10-30 10:48:31,GS,185.63,3,BID
2020-10-30 10:48:31,GS,185.83,7,ASK
2020-10-30 10:48:32,GS,185.64,5,BID
2020-10-30 10:48:31,GS,185.83,7,ASK
2020-10-30 10:48:34,GS,185.66,3,BID
2020-10-30 10:48:34,GS,185.83,6,ASK
2020-10-30 10:48:36,GS,185.66,4,BID
2020-10-30 10:48:36,GS,185.83,6,ASK
2020-10-30 10:48:38,GS,185.66,4,BID
2020-10-30 10:48:38,GS,185.83,6,ASK
2020-10-30 10:48:39,GS,185.66,4,BID
2020-10-30 10:48:39,GS,185.83,6,ASK
2020-10-30 10:48:39,GS,185.66,4,BID
2020-10-30 10:48:39,GS,185.83,6,ASK
2020-10-30 10:48:42,GS,185.66,4,BID
2020-10-30 10:48:42,GS,185.83,6,ASK
2020-10-30 10:48:42,GS,185.66,4,BID
2020-10-30 10:48:42,GS,185.83,6,ASK
2020-10-30 10:48:45,GS,185.65,2,BID
2020-10-30 10:48:42,GS,185.83,6,ASK
2020-10-30 10:48:46,GS,185.65,2,BID
2020-10-30 10:48:46,GS,185.83,7,ASK
2020-10-30 10:48:46,GS,185.65,2,BID
2020-10-30 10:48:46,GS,185.83,7,ASK
2020-10-30 10:48:49,GS,185.65,3,BID
2020-10-30 10:48:49,GS,185.82,1,ASK
2020-10-30 10:48:49,GS,185.65,3,BID
2020-10-30 10:48:46,GS,185.83,7,ASK
2020-10-30 10:48:49,GS,185.65,3,BID
2020-10-30 10:48:52,GS,185.82,3,ASK
2020-10-30 10:48:49,GS,185.65,3,BID
2020-10-30 10:48:53,GS,185.82,3,ASK
2020-10-30 10:48:54,GS,185.66,1,BID
2020-10-30 10:48:54,GS,185.82,3,ASK
2020-10-30 10:48:54,GS,185.65,3,BID
2020-10-30 10:48:57,GS,185.81,1,ASK
2020-10-30 10:48:54,GS,185.65,3,BID
2020-10-30 10:48:57,GS,185.82,3,ASK
2020-10-30 10:48:58,GS,185.66,1,BID
2020-10-30 10:48:58,GS,185.82,3,ASK
2020-10-30 10:48:54,GS,185.65,3,BID
2020-10-30 10:49:00,GS,185.82,3,ASK
2020-10-30 10:48:54,GS,185.65,3,BID
2020-10-30 10:49:00,GS,185.82,3,ASK
2020-10-30 10:49:01,GS,185.65,3,BID
2020-10-30 10:49:01,GS,185.82,3,ASK
2020-10-30 10:49:01,GS,185.65,3,BID
2020-10-30 10:49:01,GS,185.82,3,ASK
2020-10-30 10:49:01,GS,185.65,3,BID
2020-10-30 10:49:01,GS,185.82,3,ASK
2020-10-30 10:49:01,GS,185.65,3,BID
2020-10-30 10:49:01,GS,185.82,3,ASK
2020-10-30 10:49:01,GS,185.65,3,BID
2020-10-30 10:49:01,GS,185.82,3,ASK
2020-10-30 10:49:01,GS,185.65,3,BID
2020-10-30 10:49:01,GS,185.82,3,ASK
2020-10-30 10:49:01,GS,185.65,3,BID
2020-10-30 10:49:01,GS,185.82,3,ASK
2020-10-30 10:49:01,GS,185.65,3,BID
2020-10-30 10:49:01,GS,185.82,3,ASK
2020-10-30 10:49:01,GS,185.65,3,BID
2020-10-30 10:49:01,GS,185.82,3,ASK
2020-10-30 10:49:01,GS,185.65,3,BID
2020-10-30 10:49:01,GS,185.82,3,ASK
2020-10-30 10:49:01,GS,185.65,3,BID
2020-10-30 10:49:01,GS,185.82,3,ASK
2020-10-30 10:49:01,GS,185.65,3,BID
2020-10-30 10:49:01,GS,185.82,3,ASK
2020-10-30 10:49:01,GS,185.65,3,BID
2020-10-30 10:49:01,GS,185.82,3,ASK
2020-10-30 10:49:01,GS,185.65,3,BID
2020-10-30 10:49:01,GS,185.82,3,ASK
2020-10-30 10:49:01,GS,185.65,3,BID
2020-10-30 10:49:01,GS,185.82,3,ASK
2020-10-30 10:49:01,GS,185.65,3,BID
2020-10-30 10:49:01,GS,185.82,3,ASK
2020-10-30 10:49:01,GS,185.65,3,BID
2020-10-30 10:49:01,GS,185.82,3,ASK
2020-10-30 10:49:01,GS,185.65,3,BID
2020-10-30 10:49:01,GS,185.82,3,ASK
2020-10-30 10:49:01,GS,185.65,3,BID
2020-10-30 10:49:01,GS,185.82,3,ASK
2020-10-30 10:49:01,GS,185.65,3,BID
2020-10-30 10:49:01,GS,185.82,3,ASK
2020-10-30 10:49:01,GS,185.65,3,BID
2020-10-30 10:49:01,GS,185.82,3,ASK
2020-10-30 10:49:01,GS,185.65,3,BID
2020-10-30 10:49:01,GS,185.82,3,ASK
2020-10-30 10:49:01,GS,185.65,3,BID
2020-10-30 10:49:01,GS,185.82,3,ASK
2020-10-30 10:49:01,GS,185.65,3,BID
2020-10-30 10:49:01,GS,185.82,3,ASK
2020-10-30 10:49:01,GS,185.65,3,BID
2020-10-30 10:49:01,GS,185.82,3,ASK
2020-10-30 10:49:01,GS,185.65,3,BID
2020-10-30 10:49:01,GS,185.82,3,ASK
2020-10-30 10:49:07,GS,185.75,5,BID
2020-10-30 10:49:08,GS,185.97,4,ASK
2020-10-30 10:49:07,GS,185.75,5,BID
2020-10-30 10:49:08,GS,185.97,4,ASK
2020-10-30 10:49:12,GS,185.77,4,BID
2020-10-30 10:49:12,GS,185.97,4,ASK
2020-10-30 10:49:12,GS,185.76,3,BID
2020-10-30 10:49:12,GS,185.97,4,ASK
2020-10-30 10:49:13,GS,185.76,5,BID
2020-10-30 10:49:12,GS,185.97,4,ASK
2020-10-30 10:49:13,GS,185.76,5,BID
2020-10-30 10:49:13,GS,185.97,4,ASK
2020-10-30 10:49:13,GS,185.76,5,BID
2020-10-30 10:49:13,GS,185.97,4,ASK
2020-10-30 10:49:13,GS,185.76,5,BID
2020-10-30 10:49:16,GS,185.97,4,ASK
2020-10-30 10:49:07,GS,185.75,4,BID
2020-10-30 10:49:17,GS,185.94,1,ASK
2020-10-30 10:49:07,GS,185.75,4,BID
2020-10-30 10:49:17,GS,185.94,1,ASK
2020-10-30 10:49:18,GS,185.75,4,BID
2020-10-30 10:49:18,GS,185.94,1,ASK
2020-10-30 10:49:20,GS,185.75,4,BID
2020-10-30 10:49:20,GS,185.96,3,ASK
2020-10-30 10:49:21,GS,185.75,4,BID
2020-10-30 10:49:21,GS,185.94,1,ASK
2020-10-30 10:49:21,GS,185.75,4,BID
2020-10-30 10:49:21,GS,185.94,1,ASK
2020-10-30 10:49:24,GS,185.75,4,BID
2020-10-30 10:49:24,GS,185.94,1,ASK
2020-10-30 10:49:26,GS,185.75,1,BID
2020-10-30 10:49:26,GS,185.94,2,ASK
2020-10-30 10:49:27,GS,185.75,1,BID
2020-10-30 10:49:27,GS,185.96,1,ASK
2020-10-30 10:49:29,GS,185.75,1,BID
2020-10-30 10:49:28,GS,185.96,3,ASK
2020-10-30 10:49:31,GS,185.84,2,BID
2020-10-30 10:49:31,GS,185.96,4,ASK
2020-10-30 10:49:32,GS,185.85,1,BID
2020-10-30 10:49:31,GS,186.0,4,ASK
2020-10-30 10:49:32,GS,185.85,1,BID
2020-10-30 10:49:31,GS,186.0,4,ASK
2020-10-30 10:49:32,GS,185.85,1,BID
2020-10-30 10:49:32,GS,186.0,4,ASK
2020-10-30 10:49:32,GS,185.85,1,BID
2020-10-30 10:49:32,GS,186.0,4,ASK
2020-10-30 10:49:32,GS,185.85,1,BID
2020-10-30 10:49:32,GS,186.0,4,ASK
2020-10-30 10:49:32,GS,185.85,2,BID
2020-10-30 10:49:32,GS,186.0,4,ASK
2020-10-30 10:49:32,GS,185.85,2,BID
2020-10-30 10:49:32,GS,186.0,4,ASK
2020-10-30 10:49:37,GS,185.84,4,BID
2020-10-30 10:49:32,GS,186.0,6,ASK
2020-10-30 10:49:37,GS,185.84,3,BID
2020-10-30 10:49:32,GS,186.0,6,ASK
2020-10-30 10:49:37,GS,185.84,3,BID
2020-10-30 10:49:32,GS,186.0,6,ASK
2020-10-30 10:49:37,GS,185.84,3,BID
2020-10-30 10:49:32,GS,186.0,6,ASK
2020-10-30 10:49:37,GS,185.84,3,BID
2020-10-30 10:49:32,GS,186.0,6,ASK
2020-10-30 10:49:40,GS,185.79,1,BID
2020-10-30 10:49:40,GS,185.92,1,ASK
2020-10-30 10:49:42,GS,185.7,1,BID
2020-10-30 10:49:42,GS,185.98,9,ASK
2020-10-30 10:49:44,GS,185.69,1,BID
2020-10-30 10:49:44,GS,185.97,8,ASK
2020-10-30 10:49:46,GS,185.69,1,BID
2020-10-30 10:49:44,GS,185.97,8,ASK
2020-10-30 10:49:46,GS,185.69,1,BID
2020-10-30 10:49:44,GS,185.97,8,ASK
2020-10-30 10:49:46,GS,185.69,1,BID
2020-10-30 10:49:44,GS,185.97,8,ASK
2020-10-30 10:49:46,GS,185.69,1,BID
2020-10-30 10:49:44,GS,185.97,8,ASK
2020-10-30 10:49:50,GS,185.79,1,BID
2020-10-30 10:49:50,GS,185.97,10,ASK
2020-10-30 10:49:52,GS,185.78,2,BID
2020-10-30 10:49:50,GS,185.97,10,ASK
2020-10-30 10:49:53,GS,185.77,2,BID
2020-10-30 10:49:53,GS,185.92,2,ASK
2020-10-30 10:49:53,GS,185.75,2,BID
2020-10-30 10:49:53,GS,185.92,2,ASK
2020-10-30 10:49:54,GS,185.78,1,BID
2020-10-30 10:49:54,GS,185.92,2,ASK
2020-10-30 10:49:54,GS,185.78,1,BID
2020-10-30 10:49:54,GS,185.92,2,ASK
2020-10-30 10:49:54,GS,185.78,1,BID
2020-10-30 10:49:54,GS,185.92,2,ASK
2020-10-30 10:50:00,GS,185.78,2,BID
2020-10-30 10:50:00,GS,185.92,2,ASK
2020-10-30 10:50:00,GS,185.78,2,BID
2020-10-30 10:50:01,GS,185.92,4,ASK
2020-10-30 10:50:00,GS,185.78,2,BID
2020-10-30 10:50:01,GS,185.92,4,ASK
2020-10-30 10:50:00,GS,185.78,2,BID
2020-10-30 10:50:01,GS,185.92,4,ASK
2020-10-30 10:50:00,GS,185.78,2,BID
2020-10-30 10:50:01,GS,185.92,4,ASK
2020-10-30 10:50:00,GS,185.78,2,BID
2020-10-30 10:50:01,GS,185.92,4,ASK
2020-10-30 10:50:04,GS,185.69,3,BID
2020-10-30 10:50:04,GS,185.85,1,ASK
2020-10-30 10:50:05,GS,185.69,3,BID
2020-10-30 10:50:05,GS,185.86,2,ASK
2020-10-30 10:50:06,GS,185.69,3,BID
2020-10-30 10:50:06,GS,185.85,2,ASK
2020-10-30 10:50:06,GS,185.69,3,BID
2020-10-30 10:50:06,GS,185.85,2,ASK
2020-10-30 10:50:08,GS,185.69,3,BID
2020-10-30 10:50:08,GS,185.85,3,ASK
2020-10-30 10:50:08,GS,185.69,3,BID
2020-10-30 10:50:08,GS,185.85,3,ASK
2020-10-30 10:50:09,GS,185.69,3,BID
2020-10-30 10:50:09,GS,185.88,1,ASK
2020-10-30 10:50:09,GS,185.69,3,BID
2020-10-30 10:50:09,GS,185.88,1,ASK
2020-10-30 10:50:11,GS,185.69,3,BID
2020-10-30 10:50:11,GS,185.88,1,ASK
2020-10-30 10:50:13,GS,185.7,1,BID
2020-10-30 10:50:05,GS,185.9,5,ASK
2020-10-30 10:50:13,GS,185.7,5,BID
2020-10-30 10:50:14,GS,185.9,5,ASK
2020-10-30 10:50:13,GS,185.7,5,BID
2020-10-30 10:50:14,GS,185.9,8,ASK
2020-10-30 10:50:13,GS,185.7,5,BID
2020-10-30 10:50:14,GS,185.9,8,ASK
2020-10-30 10:50:13,GS,185.7,5,BID
2020-10-30 10:50:16,GS,185.9,7,ASK
2020-10-30 10:50:17,GS,185.83,2,BID
2020-10-30 10:50:17,GS,185.99,2,ASK
2020-10-30 10:50:17,GS,185.83,4,BID
2020-10-30 10:50:17,GS,185.99,2,ASK
2020-10-30 10:50:20,GS,185.89,3,BID
2020-10-30 10:50:17,GS,185.99,2,ASK
2020-10-30 10:50:21,GS,185.89,4,BID
2020-10-30 10:50:17,GS,185.99,2,ASK
2020-10-30 10:50:21,GS,185.89,4,BID
2020-10-30 10:50:17,GS,185.99,2,ASK
2020-10-30 10:50:21,GS,185.89,4,BID
2020-10-30 10:50:17,GS,185.99,2,ASK
2020-10-30 10:50:26,GS,185.86,1,BID
2020-10-30 10:50:26,GS,185.97,1,ASK
2020-10-30 10:50:27,GS,185.83,6,BID
2020-10-30 10:50:27,GS,185.97,1,ASK
2020-10-30 10:50:28,GS,185.83,6,BID
2020-10-30 10:50:28,GS,185.99,3,ASK
2020-10-30 10:50:29,GS,185.66,2,BID
2020-10-30 10:50:29,GS,185.87,5,ASK
2020-10-30 10:50:30,GS,185.7,1,BID
2020-10-30 10:50:29,GS,185.87,5,ASK
2020-10-30 10:50:32,GS,185.7,1,BID
2020-10-30 10:50:29,GS,185.87,5,ASK
2020-10-30 10:50:32,GS,185.7,1,BID
2020-10-30 10:50:29,GS,185.87,5,ASK
2020-10-30 10:50:34,GS,185.7,1,BID
2020-10-30 10:50:34,GS,185.87,6,ASK
2020-10-30 10:50:34,GS,185.7,1,BID
2020-10-30 10:50:34,GS,185.87,6,ASK
2020-10-30 10:50:34,GS,185.7,1,BID
2020-10-30 10:50:34,GS,185.87,6,ASK
2020-10-30 10:50:36,GS,185.7,1,BID
2020-10-30 10:50:36,GS,185.87,6,ASK
2020-10-30 10:50:37,GS,185.7,1,BID
2020-10-30 10:50:37,GS,185.87,6,ASK
2020-10-30 10:50:39,GS,185.7,1,BID
2020-10-30 10:50:39,GS,185.87,6,ASK
2020-10-30 10:50:40,GS,185.7,1,BID
2020-10-30 10:50:39,GS,185.87,6,ASK
2020-10-30 10:50:41,GS,185.7,1,BID
2020-10-30 10:50:39,GS,185.87,6,ASK
2020-10-30 10:50:41,GS,185.7,1,BID
2020-10-30 10:50:39,GS,185.87,6,ASK
2020-10-30 10:50:45,GS,185.7,1,BID
2020-10-30 10:50:45,GS,185.87,8,ASK
2020-10-30 10:50:46,GS,185.72,1,BID
2020-10-30 10:50:46,GS,185.87,8,ASK
2020-10-30 10:50:46,GS,185.72,1,BID
2020-10-30 10:50:46,GS,185.87,8,ASK
2020-10-30 10:50:46,GS,185.72,1,BID
2020-10-30 10:50:46,GS,185.87,8,ASK
2020-10-30 10:50:46,GS,185.72,1,BID
2020-10-30 10:50:46,GS,185.87,8,ASK
2020-10-30 10:50:46,GS,185.72,1,BID
2020-10-30 10:50:46,GS,185.87,8,ASK
2020-10-30 10:50:46,GS,185.72,1,BID
2020-10-30 10:50:46,GS,185.87,8,ASK
2020-10-30 10:50:46,GS,185.72,1,BID
2020-10-30 10:50:46,GS,185.87,8,ASK
2020-10-30 10:50:46,GS,185.72,1,BID
2020-10-30 10:50:46,GS,185.87,8,ASK
2020-10-30 10:50:58,GS,185.75,1,BID
2020-10-30 10:50:28,GS,185.99,5,ASK
2020-10-30 10:50:59,GS,185.76,4,BID
2020-10-30 10:50:28,GS,185.99,5,ASK
2020-10-30 10:51:00,GS,185.75,1,BID
2020-10-30 10:51:00,GS,185.99,7,ASK
2020-10-30 10:51:01,GS,185.75,1,BID
2020-10-30 10:51:00,GS,185.99,9,ASK
2020-10-30 10:51:02,GS,185.75,1,BID
2020-10-30 10:51:00,GS,185.99,9,ASK
2020-10-30 10:51:02,GS,185.75,1,BID
2020-10-30 10:51:00,GS,185.99,9,ASK
2020-10-30 10:51:02,GS,185.75,1,BID
2020-10-30 10:51:00,GS,185.99,9,ASK
2020-10-30 10:51:02,GS,185.75,1,BID
2020-10-30 10:51:00,GS,185.99,9,ASK
2020-10-30 10:51:04,GS,185.76,3,BID
2020-10-30 10:51:04,GS,185.99,8,ASK
2020-10-30 10:51:05,GS,185.77,3,BID
2020-10-30 10:51:05,GS,185.99,8,ASK
2020-10-30 10:51:05,GS,185.77,3,BID
2020-10-30 10:51:05,GS,185.99,8,ASK
2020-10-30 10:51:07,GS,185.77,5,BID
2020-10-30 10:51:07,GS,185.99,8,ASK
2020-10-30 10:51:08,GS,185.77,4,BID
2020-10-30 10:51:09,GS,185.99,8,ASK
2020-10-30 10:51:08,GS,185.77,4,BID
2020-10-30 10:51:09,GS,185.99,8,ASK
2020-10-30 10:51:08,GS,185.77,4,BID
2020-10-30 10:51:09,GS,185.99,9,ASK
2020-10-30 10:51:08,GS,185.77,4,BID
2020-10-30 10:51:09,GS,185.99,9,ASK
2020-10-30 10:51:08,GS,185.77,4,BID
2020-10-30 10:51:09,GS,185.99,9,ASK
2020-10-30 10:51:17,GS,185.73,1,BID
2020-10-30 10:51:17,GS,185.94,3,ASK
2020-10-30 10:51:19,GS,185.73,1,BID
2020-10-30 10:51:19,GS,185.94,5,ASK
2020-10-30 10:51:19,GS,185.89,1,BID
2020-10-30 10:51:19,GS,186.02,1,ASK
2020-10-30 10:51:19,GS,185.89,1,BID
2020-10-30 10:51:19,GS,186.02,1,ASK
2020-10-30 10:51:20,GS,185.95,1,BID
2020-10-30 10:51:20,GS,186.05,10,ASK
2020-10-30 10:51:20,GS,185.95,1,BID
2020-10-30 10:51:20,GS,186.05,10,ASK
2020-10-30 10:51:20,GS,185.95,1,BID
2020-10-30 10:51:20,GS,186.05,10,ASK
2020-10-30 10:51:20,GS,185.95,1,BID
2020-10-30 10:51:20,GS,186.05,10,ASK
2020-10-30 10:51:22,GS,185.91,1,BID
2020-10-30 10:51:22,GS,186.05,10,ASK
2020-10-30 10:51:22,GS,185.95,1,BID
2020-10-30 10:51:22,GS,186.05,10,ASK
2020-10-30 10:51:22,GS,185.95,1,BID
2020-10-30 10:51:22,GS,186.05,10,ASK
2020-10-30 10:51:22,GS,185.95,1,BID
2020-10-30 10:51:22,GS,186.05,10,ASK
2020-10-30 10:51:22,GS,185.95,1,BID
2020-10-30 10:51:22,GS,186.05,10,ASK
2020-10-30 10:51:22,GS,185.95,1,BID
2020-10-30 10:51:22,GS,186.05,10,ASK
2020-10-30 10:51:22,GS,185.95,1,BID
2020-10-30 10:51:22,GS,186.05,10,ASK
2020-10-30 10:51:22,GS,185.95,1,BID
2020-10-30 10:51:22,GS,186.05,10,ASK
2020-10-30 10:51:22,GS,185.95,1,BID
2020-10-30 10:51:22,GS,186.05,10,ASK
2020-10-30 10:51:22,GS,185.95,1,BID
2020-10-30 10:51:22,GS,186.05,10,ASK
2020-10-30 10:51:22,GS,185.95,1,BID
2020-10-30 10:51:22,GS,186.05,10,ASK
2020-10-30 10:51:22,GS,185.95,1,BID
2020-10-30 10:51:22,GS,186.05,10,ASK
2020-10-30 10:51:22,GS,185.95,1,BID
2020-10-30 10:51:22,GS,186.05,10,ASK
2020-10-30 10:51:22,GS,185.95,1,BID
2020-10-30 10:51:22,GS,186.05,10,ASK
2020-10-30 10:51:22,GS,185.95,1,BID
2020-10-30 10:51:22,GS,186.05,10,ASK
2020-10-30 10:51:22,GS,185.95,1,BID
2020-10-30 10:51:22,GS,186.05,10,ASK
2020-10-30 10:51:22,GS,185.95,1,BID
2020-10-30 10:51:22,GS,186.05,10,ASK
2020-10-30 10:51:22,GS,185.95,1,BID
2020-10-30 10:51:22,GS,186.05,10,ASK
2020-10-30 10:51:22,GS,185.95,1,BID
2020-10-30 10:51:22,GS,186.05,10,ASK
2020-10-30 10:51:22,GS,185.95,1,BID
2020-10-30 10:51:22,GS,186.05,10,ASK
2020-10-30 10:51:22,GS,185.95,1,BID
2020-10-30 10:51:22,GS,186.05,10,ASK
2020-10-30 10:51:22,GS,185.95,1,BID
2020-10-30 10:51:22,GS,186.05,10,ASK
2020-10-30 10:51:22,GS,185.95,1,BID
2020-10-30 10:51:22,GS,186.05,10,ASK
2020-10-30 10:51:22,GS,185.95,1,BID
2020-10-30 10:51:22,GS,186.05,10,ASK
2020-10-30 10:51:22,GS,185.95,1,BID
2020-10-30 10:51:22,GS,186.05,10,ASK
2020-10-30 10:51:22,GS,185.95,1,BID
2020-10-30 10:51:22,GS,186.05,10,ASK
2020-10-30 10:51:22,GS,185.95,1,BID
2020-10-30 10:51:22,GS,186.05,10,ASK
2020-10-30 10:51:22,GS,185.95,1,BID
2020-10-30 10:51:22,GS,186.05,10,ASK
2020-10-30 10:51:22,GS,185.95,1,BID
2020-10-30 10:51:22,GS,186.05,10,ASK
2020-10-30 10:51:34,GS,186.17,2,BID
2020-10-30 10:51:34,GS,186.32,3,ASK
2020-10-30 10:51:35,GS,186.17,5,BID
2020-10-30 10:51:35,GS,186.32,3,ASK
2020-10-30 10:51:37,GS,186.17,6,BID
2020-10-30 10:51:35,GS,186.32,3,ASK
2020-10-30 10:51:37,GS,186.17,7,BID
2020-10-30 10:51:35,GS,186.32,3,ASK
2020-10-30 10:51:40,GS,186.24,2,BID
2020-10-30 10:51:40,GS,186.41,2,ASK
2020-10-30 10:51:40,GS,186.24,3,BID
2020-10-30 10:51:40,GS,186.38,1,ASK
2020-10-30 10:51:42,GS,186.28,1,BID
2020-10-30 10:51:40,GS,186.41,2,ASK
2020-10-30 10:51:43,GS,186.31,1,BID
2020-10-30 10:51:43,GS,186.45,3,ASK
2020-10-30 10:51:43,GS,186.31,1,BID
2020-10-30 10:51:43,GS,186.45,3,ASK
2020-10-30 10:51:43,GS,186.31,1,BID
2020-10-30 10:51:43,GS,186.45,3,ASK
2020-10-30 10:51:46,GS,186.39,1,BID
2020-10-30 10:51:46,GS,186.45,4,ASK
2020-10-30 10:51:46,GS,186.32,1,BID
2020-10-30 10:51:46,GS,186.45,4,ASK
