timestamp,ticker,price,volume,bid_ask
2020-10-30 10:31:26,HD,265.9,1,BID
2020-10-30 10:31:26,HD,266.06,1,ASK
2020-10-30 10:31:27,HD,265.86,1,BID
2020-10-30 10:31:27,HD,266.06,1,ASK
2020-10-30 10:31:29,HD,265.86,1,BID
2020-10-30 10:31:24,HD,266.18,6,ASK
2020-10-30 10:31:30,HD,265.86,1,BID
2020-10-30 10:31:30,HD,266.0,1,ASK
2020-10-30 10:31:25,HD,265.85,3,BID
2020-10-30 10:31:31,HD,266.0,1,ASK
2020-10-30 10:31:25,HD,265.85,3,BID
2020-10-30 10:31:31,HD,266.0,1,ASK
2020-10-30 10:31:25,HD,265.85,3,BID
2020-10-30 10:31:31,HD,266.0,1,ASK
2020-10-30 10:31:33,HD,265.73,1,BID
2020-10-30 10:31:33,HD,265.99,2,ASK
2020-10-30 10:31:34,HD,265.73,1,BID
2020-10-30 10:31:34,HD,265.99,2,ASK
2020-10-30 10:31:34,HD,265.73,1,BID
2020-10-30 10:31:34,HD,265.99,2,ASK
2020-10-30 10:31:34,HD,265.73,1,BID
2020-10-30 10:31:34,HD,265.99,2,ASK
2020-10-30 10:31:34,HD,265.73,1,BID
2020-10-30 10:31:34,HD,265.99,2,ASK
2020-10-30 10:31:38,HD,265.82,1,BID
2020-10-30 10:31:34,HD,265.99,2,ASK
2020-10-30 10:31:40,HD,265.74,1,BID
2020-10-30 10:31:40,HD,265.99,2,ASK
2020-10-30 10:31:40,HD,265.74,1,BID
2020-10-30 10:31:40,HD,265.99,2,ASK
2020-10-30 10:31:40,HD,265.74,1,BID
2020-10-30 10:31:40,HD,265.99,2,ASK
2020-10-30 10:31:40,HD,265.74,1,BID
2020-10-30 10:31:40,HD,265.99,2,ASK
2020-10-30 10:31:44,HD,265.82,1,BID
2020-10-30 10:31:44,HD,265.99,3,ASK
2020-10-30 10:31:44,HD,265.74,3,BID
2020-10-30 10:31:44,HD,265.99,3,ASK
2020-10-30 10:31:45,HD,265.74,3,BID
2020-10-30 10:31:44,HD,265.99,3,ASK
2020-10-30 10:31:45,HD,265.74,3,BID
2020-10-30 10:31:44,HD,265.99,3,ASK
2020-10-30 10:31:45,HD,265.74,3,BID
2020-10-30 10:31:44,HD,265.99,3,ASK
2020-10-30 10:31:48,HD,265.74,3,BID
2020-10-30 10:31:48,HD,265.9,1,ASK
2020-10-30 10:31:48,HD,265.74,3,BID
2020-10-30 10:31:48,HD,265.9,1,ASK
2020-10-30 10:31:48,HD,265.74,3,BID
2020-10-30 10:31:48,HD,265.9,1,ASK
2020-10-30 10:31:51,HD,265.74,4,BID
2020-10-30 10:31:51,HD,265.97,1,ASK
2020-10-30 10:31:52,HD,265.75,1,BID
2020-10-30 10:31:52,HD,265.9,1,ASK
2020-10-30 10:31:51,HD,265.74,4,BID
2020-10-30 10:31:54,HD,265.9,1,ASK
2020-10-30 10:31:51,HD,265.74,4,BID
2020-10-30 10:31:54,HD,265.9,1,ASK
2020-10-30 10:31:55,HD,265.74,4,BID
2020-10-30 10:31:56,HD,265.9,2,ASK
2020-10-30 10:31:56,HD,265.76,1,BID
2020-10-30 10:31:56,HD,265.9,2,ASK
2020-10-30 10:31:57,HD,265.76,1,BID
2020-10-30 10:31:56,HD,265.9,2,ASK
2020-10-30 10:31:55,HD,265.74,4,BID
2020-10-30 10:31:59,HD,265.91,1,ASK
2020-10-30 10:32:00,HD,265.63,1,BID
2020-10-30 10:32:00,HD,265.88,1,ASK
2020-10-30 10:32:00,HD,265.51,4,BID
2020-10-30 10:32:00,HD,265.9,2,ASK
2020-10-30 10:32:00,HD,265.51,4,BID
2020-10-30 10:32:00,HD,265.9,2,ASK
2020-10-30 10:32:00,HD,265.51,4,BID
2020-10-30 10:32:00,HD,265.89,2,ASK
2020-10-30 10:32:01,HD,265.51,2,BID
2020-10-30 10:32:01,HD,265.89,6,ASK
2020-10-30 10:32:01,HD,265.49,1,BID
2020-10-30 10:32:01,HD,265.89,8,ASK
2020-10-30 10:32:02,HD,265.49,1,BID
2020-10-30 10:32:02,HD,265.89,8,ASK
2020-10-30 10:32:03,HD,265.38,2,BID
2020-10-30 10:32:03,HD,265.82,6,ASK
2020-10-30 10:32:04,HD,265.38,2,BID
2020-10-30 10:32:03,HD,265.82,8,ASK
2020-10-30 10:32:04,HD,265.4,1,BID
2020-10-30 10:32:03,HD,265.82,9,ASK
2020-10-30 10:32:04,HD,265.4,1,BID
2020-10-30 10:32:03,HD,265.82,9,ASK
2020-10-30 10:32:07,HD,265.49,1,BID
2020-10-30 10:32:03,HD,265.82,8,ASK
2020-10-30 10:32:07,HD,265.48,1,BID
2020-10-30 10:32:07,HD,265.81,3,ASK
2020-10-30 10:32:07,HD,265.48,1,BID
2020-10-30 10:32:07,HD,265.81,3,ASK
2020-10-30 10:32:09,HD,265.49,2,BID
2020-10-30 10:32:09,HD,265.81,2,ASK
2020-10-30 10:32:09,HD,265.49,2,BID
2020-10-30 10:32:10,HD,265.81,2,ASK
2020-10-30 10:32:09,HD,265.49,2,BID
2020-10-30 10:32:10,HD,265.81,2,ASK
2020-10-30 10:32:12,HD,265.52,1,BID
2020-10-30 10:32:12,HD,265.81,6,ASK
2020-10-30 10:32:13,HD,265.58,2,BID
2020-10-30 10:32:13,HD,265.8,2,ASK
2020-10-30 10:32:15,HD,265.57,1,BID
2020-10-30 10:32:15,HD,265.81,1,ASK
2020-10-30 10:32:15,HD,265.61,1,BID
2020-10-30 10:32:03,HD,265.82,5,ASK
2020-10-30 10:32:17,HD,265.56,1,BID
2020-10-30 10:32:17,HD,265.81,1,ASK
2020-10-30 10:32:19,HD,265.43,1,BID
2020-10-30 10:32:19,HD,265.68,3,ASK
2020-10-30 10:30:26,HD,265.3,2,BID
2020-10-30 10:32:19,HD,265.78,9,ASK
2020-10-30 10:30:26,HD,265.3,2,BID
2020-10-30 10:32:19,HD,265.77,10,ASK
2020-10-30 10:30:26,HD,265.3,2,BID
2020-10-30 10:32:19,HD,265.77,10,ASK
2020-10-30 10:30:26,HD,265.3,2,BID
2020-10-30 10:32:19,HD,265.77,10,ASK
2020-10-30 10:30:26,HD,265.3,2,BID
2020-10-30 10:32:19,HD,265.77,10,ASK
2020-10-30 10:30:26,HD,265.3,2,BID
2020-10-30 10:32:21,HD,265.76,10,ASK
2020-10-30 10:30:26,HD,265.3,2,BID
2020-10-30 10:32:22,HD,265.53,1,ASK
2020-10-30 10:30:26,HD,265.3,2,BID
2020-10-30 10:32:23,HD,265.53,1,ASK
2020-10-30 10:30:26,HD,265.3,2,BID
2020-10-30 10:32:23,HD,265.64,2,ASK
2020-10-30 10:32:24,HD,265.06,1,BID
2020-10-30 10:32:24,HD,265.39,1,ASK
2020-10-30 10:32:24,HD,265.06,1,BID
2020-10-30 10:32:24,HD,265.39,1,ASK
2020-10-30 10:32:24,HD,265.06,1,BID
2020-10-30 10:32:24,HD,265.39,1,ASK
2020-10-30 10:32:25,HD,265.2,1,BID
2020-10-30 10:32:25,HD,265.39,2,ASK
2020-10-30 10:32:25,HD,265.2,1,BID
2020-10-30 10:32:25,HD,265.39,2,ASK
2020-10-30 10:32:26,HD,265.1,1,BID
2020-10-30 10:32:25,HD,265.39,3,ASK
2020-10-30 10:32:26,HD,264.97,2,BID
2020-10-30 10:32:25,HD,265.39,3,ASK
2020-10-30 10:32:26,HD,264.97,2,BID
2020-10-30 10:32:25,HD,265.39,3,ASK
2020-10-30 10:32:26,HD,264.97,2,BID
2020-10-30 10:32:25,HD,265.39,3,ASK
2020-10-30 10:32:27,HD,264.97,2,BID
2020-10-30 10:32:25,HD,265.39,3,ASK
2020-10-30 10:32:28,HD,265.08,1,BID
2020-10-30 10:32:25,HD,265.39,3,ASK
2020-10-30 10:32:28,HD,265.08,1,BID
2020-10-30 10:32:25,HD,265.39,3,ASK
2020-10-30 10:32:30,HD,265.09,1,BID
2020-10-30 10:32:25,HD,265.39,3,ASK
2020-10-30 10:32:31,HD,265.09,1,BID
2020-10-30 10:32:25,HD,265.39,3,ASK
2020-10-30 10:32:31,HD,265.09,1,BID
2020-10-30 10:32:25,HD,265.39,3,ASK
2020-10-30 10:32:31,HD,265.09,1,BID
2020-10-30 10:32:25,HD,265.39,3,ASK
2020-10-30 10:32:32,HD,265.09,1,BID
2020-10-30 10:32:25,HD,265.39,3,ASK
2020-10-30 10:32:33,HD,265.09,1,BID
2020-10-30 10:32:25,HD,265.39,3,ASK
2020-10-30 10:32:34,HD,265.09,1,BID
2020-10-30 10:32:34,HD,265.36,1,ASK
2020-10-30 10:32:35,HD,265.09,2,BID
2020-10-30 10:32:25,HD,265.39,3,ASK
2020-10-30 10:32:36,HD,265.09,2,BID
2020-10-30 10:32:25,HD,265.39,3,ASK
2020-10-30 10:32:38,HD,265.09,2,BID
2020-10-30 10:32:25,HD,265.39,3,ASK
2020-10-30 10:32:38,HD,265.09,2,BID
2020-10-30 10:32:25,HD,265.39,3,ASK
2020-10-30 10:32:39,HD,265.09,2,BID
2020-10-30 10:32:25,HD,265.39,4,ASK
2020-10-30 10:32:39,HD,265.09,2,BID
2020-10-30 10:32:25,HD,265.39,4,ASK
2020-10-30 10:32:40,HD,265.09,2,BID
2020-10-30 10:32:25,HD,265.39,4,ASK
2020-10-30 10:32:42,HD,264.97,2,BID
2020-10-30 10:32:42,HD,265.36,1,ASK
2020-10-30 10:32:42,HD,265.08,1,BID
2020-10-30 10:32:42,HD,265.38,3,ASK
2020-10-30 10:32:43,HD,265.08,1,BID
2020-10-30 10:32:43,HD,265.36,1,ASK
2020-10-30 10:32:44,HD,264.97,2,BID
2020-10-30 10:32:44,HD,265.36,1,ASK
2020-10-30 10:32:45,HD,265.08,1,BID
2020-10-30 10:32:45,HD,265.36,1,ASK
2020-10-30 10:32:46,HD,265.08,1,BID
2020-10-30 10:32:25,HD,265.39,4,ASK
2020-10-30 10:32:46,HD,265.08,1,BID
2020-10-30 10:32:25,HD,265.39,4,ASK
2020-10-30 10:32:47,HD,265.08,1,BID
2020-10-30 10:32:47,HD,265.39,5,ASK
2020-10-30 10:32:49,HD,265.18,1,BID
2020-10-30 10:32:49,HD,265.41,1,ASK
2020-10-30 10:32:50,HD,265.28,1,BID
2020-10-30 10:32:50,HD,265.47,1,ASK
2020-10-30 10:32:51,HD,265.19,2,BID
2020-10-30 10:32:51,HD,265.49,2,ASK
2020-10-30 10:32:52,HD,265.19,2,BID
2020-10-30 10:32:52,HD,265.49,3,ASK
2020-10-30 10:32:56,HD,265.2,1,BID
2020-10-30 10:32:56,HD,265.49,1,ASK
2020-10-30 10:32:57,HD,265.19,2,BID
2020-10-30 10:32:57,HD,265.49,2,ASK
2020-10-30 10:32:57,HD,265.19,2,BID
2020-10-30 10:32:57,HD,265.49,2,ASK
2020-10-30 10:32:57,HD,265.19,2,BID
2020-10-30 10:32:57,HD,265.49,2,ASK
2020-10-30 10:32:58,HD,265.33,2,BID
2020-10-30 10:32:58,HD,265.63,1,ASK
2020-10-30 10:32:59,HD,265.33,2,BID
2020-10-30 10:32:59,HD,265.65,4,ASK
2020-10-30 10:33:00,HD,265.34,2,BID
2020-10-30 10:33:00,HD,265.65,1,ASK
2020-10-30 10:33:01,HD,265.34,2,BID
2020-10-30 10:33:01,HD,265.65,2,ASK
2020-10-30 10:33:02,HD,265.51,1,BID
2020-10-30 10:33:02,HD,265.78,7,ASK
2020-10-30 10:33:02,HD,265.51,1,BID
2020-10-30 10:33:02,HD,265.91,2,ASK
2020-10-30 10:33:03,HD,265.51,1,BID
2020-10-30 10:33:03,HD,265.9,3,ASK
2020-10-30 10:33:04,HD,265.4,2,BID
2020-10-30 10:33:04,HD,265.9,9,ASK
2020-10-30 10:33:04,HD,265.4,2,BID
2020-10-30 10:33:03,HD,265.9,9,ASK
2020-10-30 10:33:07,HD,265.5,1,BID
2020-10-30 10:33:03,HD,265.9,9,ASK
2020-10-30 10:33:07,HD,265.5,1,BID
2020-10-30 10:33:03,HD,265.9,9,ASK
2020-10-30 10:33:08,HD,265.41,2,BID
2020-10-30 10:33:03,HD,265.9,9,ASK
2020-10-30 10:33:09,HD,265.42,1,BID
2020-10-30 10:33:09,HD,265.9,15,ASK
2020-10-30 10:33:09,HD,265.42,1,BID
2020-10-30 10:33:09,HD,265.9,15,ASK
2020-10-30 10:33:09,HD,265.42,1,BID
2020-10-30 10:33:09,HD,265.9,15,ASK
2020-10-30 10:33:12,HD,265.42,4,BID
2020-10-30 10:33:12,HD,265.9,15,ASK
2020-10-30 10:33:13,HD,265.44,1,BID
2020-10-30 10:33:13,HD,265.82,7,ASK
2020-10-30 10:33:15,HD,265.27,2,BID
2020-10-30 10:33:15,HD,265.62,3,ASK
2020-10-30 10:33:16,HD,265.28,1,BID
2020-10-30 10:33:16,HD,265.73,1,ASK
2020-10-30 10:33:16,HD,265.29,2,BID
2020-10-30 10:33:16,HD,265.72,3,ASK
2020-10-30 10:33:17,HD,265.31,2,BID
2020-10-30 10:33:17,HD,265.72,5,ASK
2020-10-30 10:33:18,HD,265.31,2,BID
2020-10-30 10:33:17,HD,265.72,6,ASK
2020-10-30 10:33:18,HD,265.31,2,BID
2020-10-30 10:33:17,HD,265.72,6,ASK
2020-10-30 10:33:18,HD,265.31,2,BID
2020-10-30 10:33:17,HD,265.72,5,ASK
2020-10-30 10:33:22,HD,265.32,1,BID
2020-10-30 10:33:22,HD,265.71,1,ASK
2020-10-30 10:33:22,HD,265.31,2,BID
2020-10-30 10:33:17,HD,265.72,5,ASK
2020-10-30 10:33:24,HD,265.31,2,BID
2020-10-30 10:33:17,HD,265.72,5,ASK
2020-10-30 10:33:24,HD,265.31,2,BID
2020-10-30 10:33:17,HD,265.72,5,ASK
2020-10-30 10:33:26,HD,265.31,2,BID
2020-10-30 10:33:17,HD,265.72,5,ASK
2020-10-30 10:33:28,HD,265.31,2,BID
2020-10-30 10:33:17,HD,265.72,5,ASK
2020-10-30 10:33:28,HD,265.31,2,BID
2020-10-30 10:33:17,HD,265.72,5,ASK
2020-10-30 10:33:28,HD,265.31,2,BID
2020-10-30 10:33:17,HD,265.72,5,ASK
2020-10-30 10:33:28,HD,265.31,2,BID
2020-10-30 10:33:17,HD,265.72,5,ASK
2020-10-30 10:33:28,HD,265.31,2,BID
2020-10-30 10:33:17,HD,265.72,5,ASK
2020-10-30 10:33:28,HD,265.31,3,BID
2020-10-30 10:33:17,HD,265.72,4,ASK
2020-10-30 10:33:28,HD,265.31,3,BID
2020-10-30 10:33:17,HD,265.72,4,ASK
2020-10-30 10:33:28,HD,265.31,3,BID
2020-10-30 10:33:17,HD,265.72,4,ASK
2020-10-30 10:33:28,HD,265.31,3,BID
2020-10-30 10:33:17,HD,265.72,4,ASK
2020-10-30 10:33:36,HD,265.33,1,BID
2020-10-30 10:33:17,HD,265.72,4,ASK
2020-10-30 10:33:37,HD,265.33,2,BID
2020-10-30 10:33:17,HD,265.72,4,ASK
2020-10-30 10:33:37,HD,265.33,2,BID
2020-10-30 10:33:17,HD,265.72,4,ASK
2020-10-30 10:33:37,HD,265.33,2,BID
2020-10-30 10:33:17,HD,265.72,4,ASK
2020-10-30 10:33:40,HD,265.33,2,BID
2020-10-30 10:33:17,HD,265.72,4,ASK
2020-10-30 10:33:41,HD,265.38,1,BID
2020-10-30 10:33:17,HD,265.72,4,ASK
2020-10-30 10:33:41,HD,265.38,1,BID
2020-10-30 10:33:17,HD,265.72,4,ASK
2020-10-30 10:33:43,HD,265.38,1,BID
2020-10-30 10:33:17,HD,265.72,4,ASK
2020-10-30 10:33:43,HD,265.38,1,BID
2020-10-30 10:33:17,HD,265.72,4,ASK
2020-10-30 10:33:43,HD,265.38,1,BID
2020-10-30 10:33:17,HD,265.72,4,ASK
2020-10-30 10:33:46,HD,265.39,1,BID
2020-10-30 10:33:17,HD,265.72,4,ASK
2020-10-30 10:33:46,HD,265.39,2,BID
2020-10-30 10:33:46,HD,265.75,1,ASK
2020-10-30 10:33:47,HD,265.41,3,BID
2020-10-30 10:33:48,HD,265.75,1,ASK
2020-10-30 10:33:47,HD,265.41,3,BID
2020-10-30 10:33:48,HD,265.75,1,ASK
2020-10-30 10:33:47,HD,265.41,3,BID
2020-10-30 10:33:48,HD,265.75,1,ASK
2020-10-30 10:33:47,HD,265.41,3,BID
2020-10-30 10:33:49,HD,265.75,2,ASK
2020-10-30 10:33:50,HD,265.42,2,BID
2020-10-30 10:33:50,HD,265.75,3,ASK
2020-10-30 10:33:50,HD,265.42,2,BID
2020-10-30 10:33:50,HD,265.75,3,ASK
2020-10-30 10:33:47,HD,265.41,3,BID
2020-10-30 10:33:52,HD,265.75,3,ASK
2020-10-30 10:33:54,HD,265.52,1,BID
2020-10-30 10:33:54,HD,265.75,3,ASK
2020-10-30 10:33:54,HD,265.52,1,BID
2020-10-30 10:33:54,HD,265.75,3,ASK
2020-10-30 10:33:54,HD,265.52,1,BID
2020-10-30 10:33:54,HD,265.75,3,ASK
2020-10-30 10:33:54,HD,265.52,1,BID
2020-10-30 10:33:54,HD,265.75,3,ASK
2020-10-30 10:34:00,HD,265.52,1,BID
2020-10-30 10:34:00,HD,265.75,3,ASK
2020-10-30 10:34:00,HD,265.52,1,BID
2020-10-30 10:34:00,HD,265.75,3,ASK
2020-10-30 10:34:01,HD,265.47,2,BID
2020-10-30 10:34:01,HD,265.75,3,ASK
2020-10-30 10:34:01,HD,265.47,2,BID
2020-10-30 10:34:01,HD,265.64,2,ASK
2020-10-30 10:33:47,HD,265.41,3,BID
2020-10-30 10:34:03,HD,265.64,2,ASK
2020-10-30 10:34:03,HD,265.42,1,BID
2020-10-30 10:34:03,HD,265.63,1,ASK
2020-10-30 10:34:03,HD,265.42,2,BID
2020-10-30 10:34:03,HD,265.64,4,ASK
2020-10-30 10:34:05,HD,265.42,3,BID
2020-10-30 10:34:05,HD,265.64,4,ASK
2020-10-30 10:34:06,HD,265.42,3,BID
2020-10-30 10:34:06,HD,265.64,4,ASK
2020-10-30 10:34:07,HD,265.42,3,BID
2020-10-30 10:34:07,HD,265.64,4,ASK
2020-10-30 10:34:07,HD,265.42,3,BID
2020-10-30 10:34:07,HD,265.64,4,ASK
2020-10-30 10:34:07,HD,265.42,3,BID
2020-10-30 10:34:07,HD,265.64,4,ASK
2020-10-30 10:34:09,HD,265.4,2,BID
2020-10-30 10:34:09,HD,265.64,4,ASK
2020-10-30 10:34:09,HD,265.41,1,BID
2020-10-30 10:34:09,HD,265.64,4,ASK
2020-10-30 10:34:10,HD,265.41,2,BID
2020-10-30 10:34:10,HD,265.64,4,ASK
2020-10-30 10:34:11,HD,265.41,2,BID
2020-10-30 10:34:10,HD,265.64,3,ASK
2020-10-30 10:34:12,HD,265.41,2,BID
2020-10-30 10:34:10,HD,265.64,3,ASK
2020-10-30 10:34:12,HD,265.41,2,BID
2020-10-30 10:34:10,HD,265.64,3,ASK
2020-10-30 10:34:13,HD,265.34,1,BID
2020-10-30 10:34:13,HD,265.63,3,ASK
2020-10-30 10:34:14,HD,265.4,1,BID
2020-10-30 10:34:14,HD,265.63,5,ASK
2020-10-30 10:34:14,HD,265.4,1,BID
2020-10-30 10:34:14,HD,265.63,5,ASK
2020-10-30 10:34:15,HD,265.4,2,BID
2020-10-30 10:34:15,HD,265.63,5,ASK
2020-10-30 10:34:15,HD,265.4,2,BID
2020-10-30 10:34:16,HD,265.63,5,ASK
2020-10-30 10:34:17,HD,265.4,2,BID
2020-10-30 10:34:17,HD,265.63,5,ASK
2020-10-30 10:34:18,HD,265.4,2,BID
2020-10-30 10:34:18,HD,265.63,6,ASK
2020-10-30 10:34:20,HD,265.4,2,BID
2020-10-30 10:34:20,HD,265.63,6,ASK
2020-10-30 10:34:21,HD,265.4,2,BID
2020-10-30 10:34:21,HD,265.62,1,ASK
2020-10-30 10:34:22,HD,265.34,1,BID
2020-10-30 10:34:22,HD,265.62,5,ASK
2020-10-30 10:34:24,HD,265.34,1,BID
2020-10-30 10:34:24,HD,265.61,6,ASK
2020-10-30 10:34:24,HD,265.34,1,BID
2020-10-30 10:34:24,HD,265.61,5,ASK
2020-10-30 10:34:25,HD,265.34,2,BID
2020-10-30 10:34:25,HD,265.61,3,ASK
2020-10-30 10:34:25,HD,265.34,2,BID
2020-10-30 10:34:25,HD,265.61,3,ASK
2020-10-30 10:34:25,HD,265.34,2,BID
2020-10-30 10:34:27,HD,265.61,7,ASK
2020-10-30 10:34:25,HD,265.34,2,BID
2020-10-30 10:34:29,HD,265.59,3,ASK
2020-10-30 10:34:25,HD,265.34,2,BID
2020-10-30 10:34:30,HD,265.59,3,ASK
2020-10-30 10:34:25,HD,265.34,2,BID
2020-10-30 10:34:32,HD,265.59,5,ASK
2020-10-30 10:34:33,HD,265.4,1,BID
2020-10-30 10:34:33,HD,265.59,5,ASK
2020-10-30 10:34:34,HD,265.4,1,BID
2020-10-30 10:34:34,HD,265.57,1,ASK
2020-10-30 10:34:25,HD,265.34,2,BID
2020-10-30 10:34:36,HD,265.52,2,ASK
2020-10-30 10:34:37,HD,265.34,2,BID
2020-10-30 10:34:36,HD,265.52,2,ASK
2020-10-30 10:34:38,HD,265.34,3,BID
2020-10-30 10:34:39,HD,265.57,4,ASK
2020-10-30 10:34:38,HD,265.34,3,BID
2020-10-30 10:34:41,HD,265.57,5,ASK
2020-10-30 10:34:42,HD,265.34,4,BID
2020-10-30 10:34:41,HD,265.57,5,ASK
2020-10-30 10:34:42,HD,265.34,4,BID
2020-10-30 10:34:41,HD,265.57,5,ASK
2020-10-30 10:34:45,HD,265.34,4,BID
2020-10-30 10:34:45,HD,265.54,2,ASK
2020-10-30 10:34:45,HD,265.34,4,BID
2020-10-30 10:34:45,HD,265.54,2,ASK
2020-10-30 10:34:48,HD,265.35,2,BID
2020-10-30 10:34:48,HD,265.54,2,ASK
2020-10-30 10:34:49,HD,265.5,1,BID
2020-10-30 10:34:49,HD,265.89,4,ASK
2020-10-30 10:34:50,HD,265.5,1,BID
2020-10-30 10:34:50,HD,265.81,2,ASK
2020-10-30 10:34:50,HD,265.5,1,BID
2020-10-30 10:34:50,HD,265.81,2,ASK
2020-10-30 10:34:51,HD,265.5,3,BID
2020-10-30 10:34:51,HD,265.81,3,ASK
2020-10-30 10:34:51,HD,265.5,3,BID
2020-10-30 10:34:51,HD,265.81,3,ASK
2020-10-30 10:34:51,HD,265.5,3,BID
2020-10-30 10:34:51,HD,265.81,3,ASK
2020-10-30 10:34:51,HD,265.5,3,BID
2020-10-30 10:34:51,HD,265.81,3,ASK
2020-10-30 10:34:51,HD,265.5,3,BID
2020-10-30 10:34:53,HD,265.81,5,ASK
2020-10-30 10:34:51,HD,265.5,3,BID
2020-10-30 10:34:53,HD,265.81,6,ASK
2020-10-30 10:34:53,HD,265.35,4,BID
2020-10-30 10:34:53,HD,265.8,2,ASK
2020-10-30 10:34:53,HD,265.35,4,BID
2020-10-30 10:34:53,HD,265.8,2,ASK
2020-10-30 10:34:53,HD,265.35,4,BID
2020-10-30 10:34:53,HD,265.8,2,ASK
2020-10-30 10:34:53,HD,265.35,4,BID
2020-10-30 10:34:53,HD,265.8,2,ASK
2020-10-30 10:34:54,HD,265.35,4,BID
2020-10-30 10:34:54,HD,265.8,13,ASK
2020-10-30 10:34:57,HD,265.35,5,BID
2020-10-30 10:34:57,HD,265.8,14,ASK
2020-10-30 10:35:00,HD,265.35,5,BID
2020-10-30 10:35:00,HD,265.78,5,ASK
2020-10-30 10:35:01,HD,265.35,5,BID
2020-10-30 10:35:01,HD,265.62,5,ASK
2020-10-30 10:35:01,HD,265.35,5,BID
2020-10-30 10:35:01,HD,265.62,5,ASK
2020-10-30 10:35:01,HD,265.35,5,BID
2020-10-30 10:35:01,HD,265.62,5,ASK
2020-10-30 10:35:01,HD,265.35,5,BID
2020-10-30 10:35:01,HD,265.62,5,ASK
2020-10-30 10:35:01,HD,265.35,5,BID
2020-10-30 10:35:01,HD,265.62,5,ASK
2020-10-30 10:35:01,HD,265.35,5,BID
2020-10-30 10:35:05,HD,265.49,2,ASK
2020-10-30 10:35:05,HD,265.04,1,BID
2020-10-30 10:35:05,HD,265.33,1,ASK
2020-10-30 10:35:05,HD,265.08,2,BID
2020-10-30 10:35:05,HD,265.33,1,ASK
2020-10-30 10:35:05,HD,265.08,2,BID
2020-10-30 10:35:05,HD,265.33,1,ASK
2020-10-30 10:35:05,HD,265.08,2,BID
2020-10-30 10:35:05,HD,265.33,1,ASK
2020-10-30 10:35:05,HD,265.08,2,BID
2020-10-30 10:35:05,HD,265.33,1,ASK
2020-10-30 10:35:05,HD,265.08,2,BID
2020-10-30 10:35:05,HD,265.33,1,ASK
2020-10-30 10:35:05,HD,265.04,3,BID
2020-10-30 10:35:05,HD,265.33,1,ASK
2020-10-30 10:35:05,HD,265.04,3,BID
2020-10-30 10:35:05,HD,265.33,1,ASK
2020-10-30 10:35:05,HD,265.08,1,BID
2020-10-30 10:35:05,HD,265.33,1,ASK
2020-10-30 10:35:06,HD,265.0,2,BID
2020-10-30 10:35:06,HD,265.15,1,ASK
2020-10-30 10:35:06,HD,265.0,5,BID
2020-10-30 10:35:07,HD,265.19,2,ASK
2020-10-30 10:35:06,HD,265.0,5,BID
2020-10-30 10:35:07,HD,265.19,2,ASK
2020-10-30 10:35:06,HD,265.0,5,BID
2020-10-30 10:35:07,HD,265.19,2,ASK
2020-10-30 10:35:06,HD,265.0,5,BID
2020-10-30 10:35:07,HD,265.19,2,ASK
2020-10-30 10:35:06,HD,265.0,5,BID
2020-10-30 10:35:07,HD,265.19,2,ASK
2020-10-30 10:35:09,HD,265.0,4,BID
2020-10-30 10:35:09,HD,265.19,2,ASK
2020-10-30 10:35:09,HD,265.0,4,BID
2020-10-30 10:35:10,HD,265.19,2,ASK
2020-10-30 10:35:12,HD,265.09,4,BID
2020-10-30 10:35:13,HD,265.27,3,ASK
2020-10-30 10:35:12,HD,265.09,4,BID
2020-10-30 10:35:16,HD,265.27,3,ASK
2020-10-30 10:35:20,HD,265.05,1,BID
2020-10-30 10:35:20,HD,265.27,4,ASK
2020-10-30 10:35:09,HD,265.0,4,BID
2020-10-30 10:35:20,HD,265.27,4,ASK
2020-10-30 10:35:20,HD,264.9,4,BID
2020-10-30 10:35:20,HD,265.0,1,ASK
2020-10-30 10:35:20,HD,264.9,4,BID
2020-10-30 10:35:20,HD,265.0,3,ASK
2020-10-30 10:35:20,HD,264.9,4,BID
2020-10-30 10:35:20,HD,265.0,2,ASK
2020-10-30 10:35:21,HD,264.77,3,BID
2020-10-30 10:35:20,HD,265.0,4,ASK
2020-10-30 10:35:21,HD,264.77,3,BID
2020-10-30 10:35:20,HD,265.0,4,ASK
2020-10-30 10:35:21,HD,264.77,3,BID
2020-10-30 10:35:20,HD,265.0,4,ASK
2020-10-30 10:35:21,HD,264.77,3,BID
2020-10-30 10:35:20,HD,265.0,4,ASK
2020-10-30 10:35:21,HD,264.77,3,BID
2020-10-30 10:35:20,HD,265.0,4,ASK
2020-10-30 10:35:21,HD,264.77,3,BID
2020-10-30 10:35:20,HD,265.0,4,ASK
2020-10-30 10:35:21,HD,264.77,3,BID
2020-10-30 10:35:20,HD,265.0,4,ASK
2020-10-30 10:35:21,HD,264.77,3,BID
2020-10-30 10:35:20,HD,265.0,4,ASK
2020-10-30 10:35:21,HD,264.77,4,BID
2020-10-30 10:35:20,HD,265.0,4,ASK
2020-10-30 10:35:21,HD,264.77,4,BID
2020-10-30 10:35:20,HD,265.0,4,ASK
2020-10-30 10:35:21,HD,264.77,4,BID
2020-10-30 10:35:20,HD,265.0,4,ASK
2020-10-30 10:35:21,HD,264.77,4,BID
2020-10-30 10:35:20,HD,265.0,4,ASK
2020-10-30 10:35:28,HD,264.77,4,BID
2020-10-30 10:35:28,HD,264.99,2,ASK
2020-10-30 10:35:28,HD,264.77,4,BID
2020-10-30 10:35:28,HD,264.99,2,ASK
2020-10-30 10:35:29,HD,264.77,4,BID
2020-10-30 10:35:29,HD,264.99,2,ASK
2020-10-30 10:35:30,HD,264.77,4,BID
2020-10-30 10:35:30,HD,264.99,2,ASK
2020-10-30 10:35:30,HD,264.72,2,BID
2020-10-30 10:35:30,HD,264.84,2,ASK
2020-10-30 10:35:31,HD,264.72,2,BID
2020-10-30 10:35:31,HD,264.85,1,ASK
2020-10-30 10:35:31,HD,264.72,2,BID
2020-10-30 10:35:31,HD,264.85,1,ASK
2020-10-30 10:35:32,HD,264.72,3,BID
2020-10-30 10:35:32,HD,264.99,6,ASK
2020-10-30 10:35:32,HD,264.72,3,BID
2020-10-30 10:35:32,HD,264.99,6,ASK
2020-10-30 10:35:33,HD,264.72,4,BID
2020-10-30 10:35:33,HD,264.99,7,ASK
2020-10-30 10:35:33,HD,264.72,5,BID
2020-10-30 10:35:34,HD,264.99,7,ASK
2020-10-30 10:35:33,HD,264.72,5,BID
2020-10-30 10:35:36,HD,264.99,7,ASK
2020-10-30 10:35:33,HD,264.72,5,BID
2020-10-30 10:35:36,HD,264.99,7,ASK
2020-10-30 10:35:33,HD,264.72,5,BID
2020-10-30 10:35:39,HD,264.99,10,ASK
2020-10-30 10:35:33,HD,264.72,5,BID
2020-10-30 10:35:39,HD,264.99,9,ASK
2020-10-30 10:35:33,HD,264.72,5,BID
2020-10-30 10:35:39,HD,264.99,9,ASK
2020-10-30 10:35:33,HD,264.72,5,BID
2020-10-30 10:35:42,HD,264.99,8,ASK
2020-10-30 10:35:33,HD,264.72,5,BID
2020-10-30 10:35:42,HD,264.99,8,ASK
2020-10-30 10:35:43,HD,264.72,6,BID
2020-10-30 10:35:42,HD,264.99,8,ASK
2020-10-30 10:35:43,HD,264.72,6,BID
2020-10-30 10:35:42,HD,264.99,8,ASK
2020-10-30 10:35:43,HD,264.72,6,BID
2020-10-30 10:35:42,HD,264.99,8,ASK
2020-10-30 10:35:45,HD,264.87,2,BID
2020-10-30 10:35:45,HD,265.21,3,ASK
2020-10-30 10:35:45,HD,264.87,2,BID
2020-10-30 10:35:45,HD,265.21,3,ASK
2020-10-30 10:35:45,HD,264.87,2,BID
2020-10-30 10:35:45,HD,265.21,3,ASK
2020-10-30 10:35:46,HD,264.85,2,BID
2020-10-30 10:35:46,HD,265.18,1,ASK
2020-10-30 10:35:47,HD,264.87,1,BID
2020-10-30 10:35:47,HD,265.21,6,ASK
2020-10-30 10:35:49,HD,264.87,1,BID
2020-10-30 10:35:49,HD,265.2,2,ASK
2020-10-30 10:35:51,HD,264.87,3,BID
2020-10-30 10:35:51,HD,265.2,2,ASK
2020-10-30 10:35:51,HD,264.87,3,BID
2020-10-30 10:35:51,HD,265.2,2,ASK
2020-10-30 10:35:51,HD,264.87,3,BID
2020-10-30 10:35:51,HD,265.2,2,ASK
2020-10-30 10:35:54,HD,264.89,1,BID
2020-10-30 10:35:54,HD,265.19,1,ASK
2020-10-30 10:35:55,HD,264.89,2,BID
2020-10-30 10:35:55,HD,265.2,5,ASK
2020-10-30 10:35:55,HD,264.89,2,BID
2020-10-30 10:35:55,HD,265.2,4,ASK
2020-10-30 10:35:56,HD,264.89,2,BID
2020-10-30 10:35:56,HD,265.2,4,ASK
2020-10-30 10:35:56,HD,264.89,2,BID
2020-10-30 10:35:57,HD,265.2,4,ASK
2020-10-30 10:35:56,HD,264.89,2,BID
2020-10-30 10:35:57,HD,265.2,4,ASK
2020-10-30 10:35:56,HD,264.89,2,BID
2020-10-30 10:35:57,HD,265.2,4,ASK
2020-10-30 10:35:56,HD,264.89,2,BID
2020-10-30 10:35:57,HD,265.2,4,ASK
2020-10-30 10:35:56,HD,264.89,2,BID
2020-10-30 10:35:57,HD,265.2,4,ASK
2020-10-30 10:35:57,HD,265.0,1,BID
2020-10-30 10:35:57,HD,265.2,4,ASK
2020-10-30 10:35:54,HD,264.87,4,BID
2020-10-30 10:36:01,HD,265.2,4,ASK
2020-10-30 10:35:54,HD,264.87,4,BID
2020-10-30 10:36:02,HD,265.19,1,ASK
2020-10-30 10:35:54,HD,264.87,4,BID
2020-10-30 10:36:03,HD,265.19,2,ASK
2020-10-30 10:36:04,HD,264.87,5,BID
2020-10-30 10:36:03,HD,265.19,2,ASK
2020-10-30 10:36:04,HD,264.9,1,BID
2020-10-30 10:36:03,HD,265.19,2,ASK
2020-10-30 10:36:04,HD,264.87,5,BID
2020-10-30 10:36:03,HD,265.19,2,ASK
2020-10-30 10:36:04,HD,264.87,5,BID
2020-10-30 10:36:03,HD,265.19,2,ASK
2020-10-30 10:36:08,HD,264.9,1,BID
2020-10-30 10:36:08,HD,265.19,3,ASK
2020-10-30 10:36:09,HD,264.9,1,BID
2020-10-30 10:36:09,HD,265.19,3,ASK
2020-10-30 10:36:11,HD,264.9,1,BID
2020-10-30 10:36:11,HD,265.19,3,ASK
2020-10-30 10:36:11,HD,264.9,1,BID
2020-10-30 10:36:11,HD,265.19,3,ASK
2020-10-30 10:36:14,HD,264.9,1,BID
2020-10-30 10:36:14,HD,265.18,2,ASK
2020-10-30 10:36:04,HD,264.87,5,BID
2020-10-30 10:36:14,HD,265.13,2,ASK
2020-10-30 10:36:04,HD,264.87,5,BID
2020-10-30 10:36:15,HD,265.13,3,ASK
2020-10-30 10:36:04,HD,264.87,5,BID
2020-10-30 10:36:15,HD,265.13,3,ASK
2020-10-30 10:36:16,HD,264.87,5,BID
2020-10-30 10:36:16,HD,265.13,4,ASK
2020-10-30 10:36:16,HD,264.87,5,BID
2020-10-30 10:36:16,HD,265.13,4,ASK
2020-10-30 10:36:16,HD,264.87,5,BID
2020-10-30 10:36:18,HD,265.11,2,ASK
2020-10-30 10:36:19,HD,264.8,2,BID
2020-10-30 10:36:19,HD,265.01,1,ASK
2020-10-30 10:36:20,HD,264.72,5,BID
2020-10-30 10:36:20,HD,264.98,2,ASK
2020-10-30 10:36:20,HD,264.8,1,BID
2020-10-30 10:36:20,HD,264.98,2,ASK
2020-10-30 10:36:21,HD,264.72,5,BID
2020-10-30 10:36:21,HD,264.98,2,ASK
2020-10-30 10:36:22,HD,264.72,5,BID
2020-10-30 10:36:22,HD,264.97,1,ASK
2020-10-30 10:36:22,HD,264.72,5,BID
2020-10-30 10:36:22,HD,264.97,2,ASK
2020-10-30 10:36:22,HD,264.72,5,BID
2020-10-30 10:36:23,HD,264.93,4,ASK
2020-10-30 10:36:22,HD,264.72,5,BID
2020-10-30 10:36:24,HD,264.93,6,ASK
2020-10-30 10:36:24,HD,264.79,1,BID
2020-10-30 10:36:24,HD,264.92,4,ASK
2020-10-30 10:36:22,HD,264.72,5,BID
2020-10-30 10:36:25,HD,264.87,2,ASK
2020-10-30 10:36:26,HD,264.72,5,BID
2020-10-30 10:36:27,HD,264.83,5,ASK
2020-10-30 10:36:26,HD,264.72,5,BID
2020-10-30 10:36:27,HD,264.87,5,ASK
2020-10-30 10:36:26,HD,264.72,5,BID
2020-10-30 10:36:27,HD,264.87,5,ASK
2020-10-30 10:36:28,HD,264.77,1,BID
2020-10-30 10:36:28,HD,264.94,2,ASK
2020-10-30 10:36:30,HD,264.77,1,BID
2020-10-30 10:36:30,HD,265.01,2,ASK
2020-10-30 10:36:30,HD,264.77,1,BID
2020-10-30 10:36:30,HD,265.01,2,ASK
2020-10-30 10:36:30,HD,264.77,1,BID
2020-10-30 10:36:30,HD,265.01,2,ASK
2020-10-30 10:36:31,HD,264.75,1,BID
2020-10-30 10:36:31,HD,264.96,5,ASK
2020-10-30 10:36:32,HD,264.72,5,BID
2020-10-30 10:36:32,HD,264.96,6,ASK
2020-10-30 10:36:32,HD,264.72,5,BID
2020-10-30 10:36:32,HD,264.96,6,ASK
2020-10-30 10:36:35,HD,264.75,1,BID
2020-10-30 10:36:35,HD,264.95,5,ASK
2020-10-30 10:36:36,HD,264.75,1,BID
2020-10-30 10:36:36,HD,264.95,8,ASK
2020-10-30 10:36:36,HD,264.75,1,BID
2020-10-30 10:36:36,HD,264.95,8,ASK
2020-10-30 10:36:37,HD,264.75,1,BID
2020-10-30 10:36:36,HD,264.95,8,ASK
2020-10-30 10:36:38,HD,264.75,3,BID
2020-10-30 10:36:37,HD,264.95,7,ASK
2020-10-30 10:36:40,HD,264.75,3,BID
2020-10-30 10:36:37,HD,264.95,7,ASK
2020-10-30 10:36:40,HD,264.75,3,BID
2020-10-30 10:36:41,HD,264.95,6,ASK
2020-10-30 10:36:42,HD,264.75,5,BID
2020-10-30 10:36:42,HD,264.99,1,ASK
2020-10-30 10:36:44,HD,264.76,3,BID
2020-10-30 10:36:44,HD,264.95,1,ASK
2020-10-30 10:36:43,HD,264.75,5,BID
2020-10-30 10:36:44,HD,264.95,2,ASK
2020-10-30 10:36:43,HD,264.75,4,BID
2020-10-30 10:36:44,HD,264.95,2,ASK
2020-10-30 10:36:43,HD,264.75,4,BID
2020-10-30 10:36:44,HD,264.95,2,ASK
2020-10-30 10:36:43,HD,264.75,4,BID
2020-10-30 10:36:44,HD,264.95,2,ASK
2020-10-30 10:36:43,HD,264.75,4,BID
2020-10-30 10:36:44,HD,264.95,2,ASK
2020-10-30 10:36:43,HD,264.75,4,BID
2020-10-30 10:36:44,HD,264.95,2,ASK
2020-10-30 10:36:43,HD,264.75,4,BID
2020-10-30 10:36:44,HD,264.95,2,ASK
2020-10-30 10:36:43,HD,264.75,4,BID
2020-10-30 10:36:44,HD,264.95,2,ASK
2020-10-30 10:36:43,HD,264.75,4,BID
2020-10-30 10:36:44,HD,264.95,2,ASK
2020-10-30 10:36:43,HD,264.75,4,BID
2020-10-30 10:36:44,HD,264.95,2,ASK
2020-10-30 10:36:51,HD,264.75,4,BID
2020-10-30 10:36:52,HD,264.95,5,ASK
2020-10-30 10:36:51,HD,264.75,4,BID
2020-10-30 10:36:52,HD,264.95,5,ASK
2020-10-30 10:36:51,HD,264.75,4,BID
2020-10-30 10:36:54,HD,264.95,4,ASK
2020-10-30 10:36:51,HD,264.75,4,BID
2020-10-30 10:36:54,HD,264.95,4,ASK
2020-10-30 10:36:51,HD,264.75,5,BID
2020-10-30 10:36:55,HD,264.95,4,ASK
2020-10-30 10:36:51,HD,264.75,5,BID
2020-10-30 10:36:55,HD,264.95,4,ASK
2020-10-30 10:36:55,HD,264.75,5,BID
2020-10-30 10:36:55,HD,264.95,4,ASK
2020-10-30 10:36:56,HD,264.75,5,BID
2020-10-30 10:36:56,HD,264.95,4,ASK
2020-10-30 10:36:56,HD,264.75,5,BID
2020-10-30 10:36:56,HD,264.95,4,ASK
2020-10-30 10:36:56,HD,264.75,5,BID
2020-10-30 10:36:58,HD,264.95,4,ASK
2020-10-30 10:36:56,HD,264.75,4,BID
2020-10-30 10:37:00,HD,264.85,5,ASK
2020-10-30 10:37:01,HD,264.76,2,BID
2020-10-30 10:37:01,HD,264.95,4,ASK
2020-10-30 10:37:01,HD,264.76,2,BID
2020-10-30 10:37:01,HD,264.95,4,ASK
2020-10-30 10:37:01,HD,264.76,2,BID
2020-10-30 10:37:01,HD,264.95,4,ASK
2020-10-30 10:37:03,HD,264.78,1,BID
2020-10-30 10:37:03,HD,265.02,1,ASK
2020-10-30 10:37:03,HD,264.78,2,BID
2020-10-30 10:37:03,HD,265.02,1,ASK
2020-10-30 10:37:03,HD,264.78,2,BID
2020-10-30 10:37:04,HD,265.02,1,ASK
2020-10-30 10:37:03,HD,264.78,2,BID
2020-10-30 10:37:04,HD,265.02,1,ASK
2020-10-30 10:37:06,HD,264.79,2,BID
2020-10-30 10:37:06,HD,265.02,3,ASK
2020-10-30 10:37:07,HD,264.79,2,BID
2020-10-30 10:37:07,HD,265.01,1,ASK
2020-10-30 10:37:08,HD,264.79,3,BID
2020-10-30 10:37:08,HD,265.01,1,ASK
2020-10-30 10:37:09,HD,264.79,3,BID
2020-10-30 10:37:09,HD,265.0,1,ASK
2020-10-30 10:37:09,HD,264.79,3,BID
2020-10-30 10:37:09,HD,265.0,1,ASK
2020-10-30 10:37:09,HD,264.79,3,BID
2020-10-30 10:37:11,HD,265.0,2,ASK
2020-10-30 10:37:09,HD,264.79,3,BID
2020-10-30 10:37:11,HD,265.0,2,ASK
2020-10-30 10:37:09,HD,264.79,3,BID
2020-10-30 10:37:11,HD,265.0,2,ASK
2020-10-30 10:37:09,HD,264.79,3,BID
2020-10-30 10:37:11,HD,265.0,2,ASK
2020-10-30 10:37:09,HD,264.79,3,BID
2020-10-30 10:37:11,HD,265.0,2,ASK
2020-10-30 10:37:09,HD,264.79,3,BID
2020-10-30 10:37:11,HD,265.0,2,ASK
2020-10-30 10:37:09,HD,264.79,3,BID
2020-10-30 10:37:06,HD,265.02,3,ASK
2020-10-30 10:37:09,HD,264.79,3,BID
2020-10-30 10:37:06,HD,265.02,3,ASK
2020-10-30 10:37:18,HD,264.79,3,BID
2020-10-30 10:37:06,HD,265.02,3,ASK
2020-10-30 10:37:20,HD,264.79,3,BID
2020-10-30 10:37:20,HD,265.01,1,ASK
2020-10-30 10:37:21,HD,264.79,3,BID
2020-10-30 10:37:06,HD,265.02,3,ASK
2020-10-30 10:37:21,HD,264.75,7,BID
2020-10-30 10:37:21,HD,265.0,1,ASK
2020-10-30 10:37:22,HD,264.75,9,BID
2020-10-30 10:37:06,HD,265.02,3,ASK
2020-10-30 10:37:22,HD,264.75,9,BID
2020-10-30 10:37:06,HD,265.02,3,ASK
2020-10-30 10:37:22,HD,264.75,9,BID
2020-10-30 10:37:06,HD,265.02,3,ASK
2020-10-30 10:37:22,HD,264.75,9,BID
2020-10-30 10:37:25,HD,265.01,1,ASK
2020-10-30 10:37:25,HD,264.75,7,BID
2020-10-30 10:37:26,HD,265.01,1,ASK
2020-10-30 10:37:25,HD,264.75,9,BID
2020-10-30 10:37:06,HD,265.02,3,ASK
2020-10-30 10:37:25,HD,264.75,10,BID
2020-10-30 10:37:06,HD,265.02,3,ASK
2020-10-30 10:37:25,HD,264.75,10,BID
2020-10-30 10:37:06,HD,265.02,3,ASK
2020-10-30 10:37:30,HD,264.94,1,BID
2020-10-30 10:37:30,HD,265.15,1,ASK
2020-10-30 10:37:30,HD,264.94,2,BID
2020-10-30 10:37:02,HD,265.16,6,ASK
2020-10-30 10:37:31,HD,264.77,3,BID
2020-10-30 10:37:02,HD,265.16,6,ASK
2020-10-30 10:37:31,HD,264.77,3,BID
2020-10-30 10:37:02,HD,265.16,6,ASK
2020-10-30 10:37:32,HD,264.79,1,BID
2020-10-30 10:37:02,HD,265.16,6,ASK
2020-10-30 10:37:32,HD,264.79,1,BID
2020-10-30 10:37:02,HD,265.16,6,ASK
2020-10-30 10:37:34,HD,264.79,2,BID
2020-10-30 10:37:02,HD,265.16,6,ASK
2020-10-30 10:37:35,HD,265.2,2,BID
2020-10-30 10:37:35,HD,265.38,3,ASK
2020-10-30 10:37:35,HD,265.2,3,BID
2020-10-30 10:37:35,HD,265.38,3,ASK
2020-10-30 10:37:36,HD,265.2,3,BID
2020-10-30 10:37:35,HD,265.38,3,ASK
2020-10-30 10:37:37,HD,265.2,3,BID
2020-10-30 10:37:36,HD,265.38,3,ASK
2020-10-30 10:37:37,HD,265.2,3,BID
2020-10-30 10:37:36,HD,265.38,3,ASK
2020-10-30 10:37:38,HD,265.25,1,BID
2020-10-30 10:37:38,HD,265.44,1,ASK
2020-10-30 10:37:38,HD,265.27,1,BID
2020-10-30 10:37:38,HD,265.5,2,ASK
2020-10-30 10:37:38,HD,265.2,4,BID
2020-10-30 10:37:39,HD,265.5,2,ASK
2020-10-30 10:37:38,HD,265.2,4,BID
2020-10-30 10:37:39,HD,265.5,2,ASK
2020-10-30 10:37:38,HD,265.2,4,BID
2020-10-30 10:37:41,HD,265.5,2,ASK
2020-10-30 10:37:38,HD,265.2,5,BID
2020-10-30 10:37:42,HD,265.5,2,ASK
2020-10-30 10:37:38,HD,265.2,5,BID
2020-10-30 10:37:43,HD,265.5,2,ASK
2020-10-30 10:37:38,HD,265.2,4,BID
2020-10-30 10:37:44,HD,265.44,2,ASK
2020-10-30 10:37:38,HD,265.2,4,BID
2020-10-30 10:37:44,HD,265.44,2,ASK
2020-10-30 10:37:38,HD,265.2,4,BID
2020-10-30 10:37:44,HD,265.44,2,ASK
2020-10-30 10:37:38,HD,265.2,4,BID
2020-10-30 10:37:46,HD,265.54,1,ASK
2020-10-30 10:37:47,HD,265.32,2,BID
2020-10-30 10:37:47,HD,265.63,1,ASK
2020-10-30 10:37:48,HD,265.31,1,BID
2020-10-30 10:37:48,HD,265.61,1,ASK
2020-10-30 10:37:49,HD,265.33,2,BID
2020-10-30 10:37:49,HD,265.6,2,ASK
2020-10-30 10:37:49,HD,265.33,3,BID
2020-10-30 10:37:49,HD,265.6,2,ASK
2020-10-30 10:37:51,HD,265.27,3,BID
2020-10-30 10:37:51,HD,265.5,1,ASK
2020-10-30 10:37:52,HD,265.32,2,BID
2020-10-30 10:37:52,HD,265.6,2,ASK
2020-10-30 10:37:52,HD,265.34,2,BID
2020-10-30 10:37:52,HD,265.6,2,ASK
2020-10-30 10:37:53,HD,265.38,2,BID
2020-10-30 10:37:52,HD,265.6,2,ASK
2020-10-30 10:37:53,HD,265.38,2,BID
2020-10-30 10:37:52,HD,265.6,2,ASK
2020-10-30 10:37:54,HD,265.34,2,BID
2020-10-30 10:37:52,HD,265.6,2,ASK
2020-10-30 10:37:54,HD,265.34,2,BID
2020-10-30 10:37:52,HD,265.6,2,ASK
2020-10-30 10:37:55,HD,265.35,1,BID
2020-10-30 10:37:55,HD,265.6,2,ASK
2020-10-30 10:37:55,HD,265.39,1,BID
2020-10-30 10:37:55,HD,265.6,2,ASK
2020-10-30 10:37:56,HD,265.32,2,BID
2020-10-30 10:37:56,HD,265.6,3,ASK
2020-10-30 10:37:57,HD,265.49,1,BID
2020-10-30 10:37:57,HD,265.7,2,ASK
2020-10-30 10:37:58,HD,265.44,1,BID
2020-10-30 10:37:58,HD,265.61,1,ASK
2020-10-30 10:38:00,HD,265.33,1,BID
2020-10-30 10:38:00,HD,265.61,1,ASK
2020-10-30 10:38:00,HD,265.41,1,BID
2020-10-30 10:38:00,HD,265.61,1,ASK
2020-10-30 10:38:01,HD,265.33,2,BID
2020-10-30 10:38:01,HD,265.7,2,ASK
2020-10-30 10:38:02,HD,265.33,2,BID
2020-10-30 10:38:02,HD,265.7,3,ASK
2020-10-30 10:38:02,HD,265.33,2,BID
2020-10-30 10:38:02,HD,265.7,3,ASK
2020-10-30 10:38:03,HD,265.33,2,BID
2020-10-30 10:38:03,HD,265.7,3,ASK
2020-10-30 10:38:04,HD,265.33,2,BID
2020-10-30 10:38:04,HD,265.68,2,ASK
2020-10-30 10:38:04,HD,265.33,2,BID
2020-10-30 10:38:04,HD,265.68,2,ASK
2020-10-30 10:38:06,HD,265.34,2,BID
2020-10-30 10:38:06,HD,265.68,2,ASK
2020-10-30 10:38:06,HD,265.34,2,BID
2020-10-30 10:38:06,HD,265.65,1,ASK
2020-10-30 10:38:06,HD,265.34,2,BID
2020-10-30 10:38:06,HD,265.68,2,ASK
2020-10-30 10:38:08,HD,265.35,2,BID
2020-10-30 10:38:08,HD,265.68,2,ASK
2020-10-30 10:38:09,HD,265.35,2,BID
2020-10-30 10:38:09,HD,265.68,2,ASK
2020-10-30 10:38:11,HD,265.33,3,BID
2020-10-30 10:38:11,HD,265.68,2,ASK
2020-10-30 10:38:12,HD,265.33,3,BID
2020-10-30 10:38:12,HD,265.68,2,ASK
2020-10-30 10:38:12,HD,265.33,3,BID
2020-10-30 10:38:12,HD,265.68,2,ASK
2020-10-30 10:38:13,HD,265.34,2,BID
2020-10-30 10:38:13,HD,265.67,4,ASK
2020-10-30 10:38:13,HD,265.34,4,BID
2020-10-30 10:38:13,HD,265.67,2,ASK
2020-10-30 10:38:14,HD,265.34,4,BID
2020-10-30 10:38:14,HD,265.66,3,ASK
2020-10-30 10:38:16,HD,265.34,4,BID
2020-10-30 10:38:16,HD,265.66,3,ASK
2020-10-30 10:38:16,HD,265.34,4,BID
2020-10-30 10:38:16,HD,265.66,3,ASK
2020-10-30 10:38:17,HD,265.34,4,BID
2020-10-30 10:38:17,HD,265.65,1,ASK
2020-10-30 10:38:18,HD,265.34,4,BID
2020-10-30 10:38:18,HD,265.65,4,ASK
2020-10-30 10:38:13,HD,265.34,4,BID
2020-10-30 10:38:18,HD,265.65,4,ASK
2020-10-30 10:38:20,HD,265.34,5,BID
2020-10-30 10:38:20,HD,265.65,4,ASK
2020-10-30 10:38:20,HD,265.34,5,BID
2020-10-30 10:38:21,HD,265.65,4,ASK
2020-10-30 10:38:23,HD,265.37,2,BID
2020-10-30 10:38:23,HD,265.57,4,ASK
2020-10-30 10:38:24,HD,265.37,2,BID
2020-10-30 10:38:24,HD,265.57,7,ASK
2020-10-30 10:38:24,HD,265.37,3,BID
2020-10-30 10:38:24,HD,265.57,7,ASK
2020-10-30 10:38:24,HD,265.37,3,BID
2020-10-30 10:38:27,HD,265.56,4,ASK
2020-10-30 10:38:24,HD,265.37,3,BID
2020-10-30 10:38:27,HD,265.56,4,ASK
2020-10-30 10:38:29,HD,265.33,4,BID
2020-10-30 10:38:29,HD,265.44,1,ASK
2020-10-30 10:38:30,HD,265.32,3,BID
2020-10-30 10:38:30,HD,265.44,1,ASK
2020-10-30 10:38:31,HD,265.32,3,BID
2020-10-30 10:38:31,HD,265.44,1,ASK
2020-10-30 10:38:32,HD,265.32,3,BID
2020-10-30 10:38:32,HD,265.43,6,ASK
2020-10-30 10:38:32,HD,265.32,3,BID
2020-10-30 10:38:32,HD,265.43,6,ASK
2020-10-30 10:38:35,HD,265.32,3,BID
2020-10-30 10:38:35,HD,265.43,8,ASK
2020-10-30 10:38:35,HD,265.2,4,BID
2020-10-30 10:38:35,HD,265.38,2,ASK
2020-10-30 10:38:36,HD,265.2,4,BID
2020-10-30 10:38:36,HD,265.38,2,ASK
2020-10-30 10:38:36,HD,265.2,4,BID
2020-10-30 10:38:36,HD,265.38,2,ASK
2020-10-30 10:38:37,HD,265.23,1,BID
2020-10-30 10:38:37,HD,265.42,2,ASK
2020-10-30 10:38:38,HD,265.23,1,BID
2020-10-30 10:38:38,HD,265.42,2,ASK
2020-10-30 10:38:38,HD,265.23,1,BID
2020-10-30 10:38:38,HD,265.42,2,ASK
2020-10-30 10:38:40,HD,265.23,1,BID
2020-10-30 10:38:40,HD,265.42,2,ASK
2020-10-30 10:38:41,HD,265.23,1,BID
2020-10-30 10:38:41,HD,265.42,2,ASK
2020-10-30 10:38:43,HD,265.29,1,BID
2020-10-30 10:38:43,HD,265.42,2,ASK
2020-10-30 10:38:43,HD,265.29,1,BID
2020-10-30 10:38:43,HD,265.43,8,ASK
2020-10-30 10:38:46,HD,265.25,2,BID
2020-10-30 10:38:46,HD,265.47,1,ASK
2020-10-30 10:38:47,HD,265.26,2,BID
2020-10-30 10:38:47,HD,265.51,1,ASK
2020-10-30 10:38:48,HD,265.26,2,BID
2020-10-30 10:38:48,HD,265.61,1,ASK
2020-10-30 10:38:49,HD,265.26,2,BID
2020-10-30 10:38:49,HD,265.64,5,ASK
2020-10-30 10:38:49,HD,265.26,2,BID
2020-10-30 10:38:49,HD,265.64,5,ASK
2020-10-30 10:38:49,HD,265.26,2,BID
2020-10-30 10:38:49,HD,265.64,5,ASK
2020-10-30 10:38:51,HD,265.43,1,BID
2020-10-30 10:38:51,HD,265.64,6,ASK
2020-10-30 10:38:51,HD,265.43,1,BID
2020-10-30 10:38:51,HD,265.69,1,ASK
2020-10-30 10:38:51,HD,265.43,1,BID
2020-10-30 10:38:51,HD,265.69,1,ASK
2020-10-30 10:38:51,HD,265.43,1,BID
2020-10-30 10:38:51,HD,265.69,1,ASK
2020-10-30 10:38:51,HD,265.43,1,BID
2020-10-30 10:38:51,HD,265.69,1,ASK
2020-10-30 10:38:51,HD,265.43,1,BID
2020-10-30 10:38:51,HD,265.69,1,ASK
2020-10-30 10:38:51,HD,265.43,1,BID
2020-10-30 10:38:51,HD,265.69,1,ASK
2020-10-30 10:38:57,HD,265.43,1,BID
2020-10-30 10:38:57,HD,265.69,1,ASK
2020-10-30 10:38:57,HD,265.43,1,BID
2020-10-30 10:38:57,HD,265.69,1,ASK
2020-10-30 10:38:58,HD,265.43,1,BID
2020-10-30 10:38:58,HD,265.69,2,ASK
2020-10-30 10:39:00,HD,265.43,1,BID
2020-10-30 10:38:58,HD,265.69,2,ASK
2020-10-30 10:39:00,HD,265.43,1,BID
2020-10-30 10:38:58,HD,265.69,2,ASK
2020-10-30 10:39:02,HD,265.43,2,BID
2020-10-30 10:38:58,HD,265.69,2,ASK
2020-10-30 10:39:02,HD,265.43,2,BID
2020-10-30 10:38:58,HD,265.69,2,ASK
2020-10-30 10:39:03,HD,265.43,2,BID
2020-10-30 10:38:58,HD,265.69,2,ASK
2020-10-30 10:39:03,HD,265.43,2,BID
2020-10-30 10:38:58,HD,265.69,2,ASK
2020-10-30 10:39:04,HD,265.43,2,BID
2020-10-30 10:38:58,HD,265.69,3,ASK
2020-10-30 10:39:04,HD,265.43,2,BID
2020-10-30 10:38:58,HD,265.69,3,ASK
2020-10-30 10:39:06,HD,265.33,3,BID
2020-10-30 10:39:06,HD,265.67,1,ASK
2020-10-30 10:39:06,HD,265.33,3,BID
2020-10-30 10:38:58,HD,265.69,3,ASK
2020-10-30 10:39:06,HD,265.33,3,BID
2020-10-30 10:38:58,HD,265.69,3,ASK
2020-10-30 10:39:06,HD,265.33,3,BID
2020-10-30 10:38:58,HD,265.69,3,ASK
2020-10-30 10:39:06,HD,265.33,3,BID
2020-10-30 10:38:58,HD,265.69,3,ASK
2020-10-30 10:39:06,HD,265.33,3,BID
2020-10-30 10:39:10,HD,265.68,4,ASK
2020-10-30 10:39:12,HD,265.34,1,BID
2020-10-30 10:39:12,HD,265.68,9,ASK
2020-10-30 10:39:12,HD,265.33,3,BID
2020-10-30 10:39:12,HD,265.68,9,ASK
2020-10-30 10:39:14,HD,265.33,3,BID
2020-10-30 10:39:14,HD,265.66,1,ASK
2020-10-30 10:39:15,HD,265.2,4,BID
2020-10-30 10:39:15,HD,265.66,2,ASK
2020-10-30 10:39:16,HD,265.2,4,BID
2020-10-30 10:39:16,HD,265.66,4,ASK
2020-10-30 10:39:16,HD,265.2,4,BID
2020-10-30 10:39:20,HD,265.66,4,ASK
2020-10-30 10:39:16,HD,265.2,4,BID
2020-10-30 10:39:20,HD,265.59,2,ASK
2020-10-30 10:39:24,HD,265.21,1,BID
2020-10-30 10:39:24,HD,265.58,1,ASK
2020-10-30 10:39:26,HD,265.22,2,BID
2020-10-30 10:39:26,HD,265.65,2,ASK
2020-10-30 10:39:28,HD,265.22,2,BID
2020-10-30 10:39:28,HD,265.64,2,ASK
2020-10-30 10:39:28,HD,265.21,1,BID
2020-10-30 10:39:28,HD,265.64,2,ASK
2020-10-30 10:39:29,HD,265.2,4,BID
2020-10-30 10:39:29,HD,265.64,2,ASK
2020-10-30 10:39:30,HD,265.2,4,BID
2020-10-30 10:39:30,HD,265.64,5,ASK
2020-10-30 10:39:32,HD,265.21,1,BID
2020-10-30 10:39:32,HD,265.63,3,ASK
2020-10-30 10:39:32,HD,265.21,1,BID
2020-10-30 10:39:32,HD,265.63,3,ASK
2020-10-30 10:39:32,HD,265.21,1,BID
2020-10-30 10:39:32,HD,265.63,3,ASK
2020-10-30 10:39:33,HD,265.2,4,BID
2020-10-30 10:39:33,HD,265.63,4,ASK
2020-10-30 10:39:34,HD,265.2,4,BID
2020-10-30 10:39:34,HD,265.63,6,ASK
2020-10-30 10:39:37,HD,265.2,4,BID
2020-10-30 10:39:37,HD,265.63,6,ASK
2020-10-30 10:39:37,HD,265.2,4,BID
2020-10-30 10:39:37,HD,265.63,6,ASK
2020-10-30 10:39:39,HD,265.1,3,BID
2020-10-30 10:39:39,HD,265.41,2,ASK
2020-10-30 10:39:41,HD,265.11,4,BID
2020-10-30 10:39:41,HD,265.55,3,ASK
2020-10-30 10:39:41,HD,265.11,4,BID
2020-10-30 10:39:41,HD,265.55,3,ASK
2020-10-30 10:39:42,HD,265.12,1,BID
2020-10-30 10:39:42,HD,265.55,2,ASK
2020-10-30 10:39:45,HD,265.13,1,BID
2020-10-30 10:39:45,HD,265.55,6,ASK
2020-10-30 10:39:46,HD,265.13,1,BID
2020-10-30 10:39:46,HD,265.54,1,ASK
2020-10-30 10:39:46,HD,265.14,1,BID
2020-10-30 10:39:46,HD,265.54,3,ASK
2020-10-30 10:39:47,HD,265.14,1,BID
2020-10-30 10:39:47,HD,265.54,2,ASK
2020-10-30 10:39:47,HD,265.15,1,BID
2020-10-30 10:39:47,HD,265.54,2,ASK
2020-10-30 10:39:47,HD,265.15,1,BID
2020-10-30 10:39:47,HD,265.54,2,ASK
2020-10-30 10:39:47,HD,265.14,3,BID
2020-10-30 10:39:49,HD,265.54,2,ASK
2020-10-30 10:39:51,HD,265.16,2,BID
2020-10-30 10:39:51,HD,265.54,2,ASK
2020-10-30 10:39:54,HD,265.17,1,BID
2020-10-30 10:39:54,HD,265.53,1,ASK
2020-10-30 10:39:54,HD,265.16,6,BID
2020-10-30 10:39:54,HD,265.55,3,ASK
2020-10-30 10:39:54,HD,265.16,6,BID
2020-10-30 10:39:54,HD,265.55,3,ASK
2020-10-30 10:39:57,HD,265.16,6,BID
2020-10-30 10:39:58,HD,265.55,3,ASK
2020-10-30 10:39:57,HD,265.16,6,BID
2020-10-30 10:39:59,HD,265.55,3,ASK
2020-10-30 10:39:57,HD,265.16,6,BID
2020-10-30 10:40:00,HD,265.55,3,ASK
2020-10-30 10:39:57,HD,265.16,6,BID
2020-10-30 10:40:00,HD,265.55,3,ASK
2020-10-30 10:39:57,HD,265.16,6,BID
2020-10-30 10:40:00,HD,265.55,3,ASK
2020-10-30 10:39:57,HD,265.16,6,BID
2020-10-30 10:40:00,HD,265.55,3,ASK
2020-10-30 10:39:57,HD,265.16,6,BID
2020-10-30 10:40:00,HD,265.55,3,ASK
2020-10-30 10:39:57,HD,265.16,6,BID
2020-10-30 10:40:00,HD,265.55,3,ASK
2020-10-30 10:39:57,HD,265.16,6,BID
2020-10-30 10:40:00,HD,265.55,3,ASK
2020-10-30 10:39:57,HD,265.16,6,BID
2020-10-30 10:40:00,HD,265.55,3,ASK
2020-10-30 10:40:01,HD,265.16,5,BID
2020-10-30 10:40:01,HD,265.55,3,ASK
2020-10-30 10:40:01,HD,265.16,5,BID
2020-10-30 10:40:01,HD,265.55,4,ASK
2020-10-30 10:40:02,HD,265.16,5,BID
2020-10-30 10:40:02,HD,265.54,3,ASK
2020-10-30 10:40:02,HD,265.16,5,BID
2020-10-30 10:40:02,HD,265.54,3,ASK
2020-10-30 10:40:03,HD,265.0,2,BID
2020-10-30 10:40:03,HD,265.34,2,ASK
2020-10-30 10:40:03,HD,265.0,2,BID
2020-10-30 10:40:03,HD,265.34,2,ASK
2020-10-30 10:40:07,HD,265.0,2,BID
2020-10-30 10:40:07,HD,265.34,3,ASK
2020-10-30 10:40:07,HD,265.0,2,BID
2020-10-30 10:40:07,HD,265.34,3,ASK
2020-10-30 10:40:08,HD,265.0,2,BID
2020-10-30 10:40:08,HD,265.14,2,ASK
2020-10-30 10:40:08,HD,265.0,2,BID
2020-10-30 10:40:08,HD,265.14,2,ASK
2020-10-30 10:40:08,HD,265.0,2,BID
2020-10-30 10:40:08,HD,265.14,2,ASK
2020-10-30 10:40:08,HD,265.0,2,BID
2020-10-30 10:40:08,HD,265.14,2,ASK
2020-10-30 10:40:08,HD,265.0,2,BID
2020-10-30 10:40:08,HD,265.14,2,ASK
2020-10-30 10:40:13,HD,264.95,1,BID
2020-10-30 10:40:13,HD,265.13,3,ASK
2020-10-30 10:40:13,HD,264.95,1,BID
2020-10-30 10:40:13,HD,265.13,3,ASK
2020-10-30 10:40:14,HD,264.9,1,BID
2020-10-30 10:40:14,HD,265.13,3,ASK
2020-10-30 10:40:14,HD,264.9,1,BID
2020-10-30 10:40:14,HD,265.13,3,ASK
2020-10-30 10:40:17,HD,264.9,1,BID
2020-10-30 10:40:16,HD,265.13,4,ASK
2020-10-30 10:40:17,HD,264.9,1,BID
2020-10-30 10:40:16,HD,265.13,4,ASK
2020-10-30 10:40:17,HD,264.9,1,BID
2020-10-30 10:40:16,HD,265.13,4,ASK
2020-10-30 10:40:18,HD,264.9,1,BID
2020-10-30 10:40:16,HD,265.13,4,ASK
2020-10-30 10:40:18,HD,264.9,1,BID
2020-10-30 10:40:16,HD,265.13,4,ASK
2020-10-30 10:40:18,HD,264.9,1,BID
2020-10-30 10:40:16,HD,265.13,4,ASK
2020-10-30 10:40:18,HD,264.9,1,BID
2020-10-30 10:40:16,HD,265.13,4,ASK
2020-10-30 10:40:18,HD,264.9,1,BID
2020-10-30 10:40:16,HD,265.13,4,ASK
2020-10-30 10:40:19,HD,264.9,1,BID
2020-10-30 10:40:16,HD,265.13,5,ASK
2020-10-30 10:40:19,HD,264.9,1,BID
2020-10-30 10:40:16,HD,265.13,5,ASK
2020-10-30 10:40:27,HD,264.9,2,BID
2020-10-30 10:40:16,HD,265.13,4,ASK
2020-10-30 10:40:30,HD,264.9,2,BID
2020-10-30 10:40:16,HD,265.13,5,ASK
2020-10-30 10:40:30,HD,264.9,2,BID
2020-10-30 10:40:16,HD,265.13,5,ASK
2020-10-30 10:40:30,HD,264.9,2,BID
2020-10-30 10:40:16,HD,265.13,5,ASK
2020-10-30 10:40:30,HD,264.9,2,BID
2020-10-30 10:40:16,HD,265.13,5,ASK
2020-10-30 10:40:30,HD,264.9,2,BID
2020-10-30 10:40:16,HD,265.13,5,ASK
2020-10-30 10:40:30,HD,264.9,2,BID
2020-10-30 10:40:16,HD,265.13,5,ASK
2020-10-30 10:40:35,HD,264.91,2,BID
2020-10-30 10:40:16,HD,265.13,5,ASK
2020-10-30 10:40:36,HD,264.91,2,BID
2020-10-30 10:40:16,HD,265.13,5,ASK
2020-10-30 10:40:37,HD,264.91,2,BID
2020-10-30 10:40:16,HD,265.13,5,ASK
2020-10-30 10:40:37,HD,264.91,2,BID
2020-10-30 10:40:16,HD,265.13,5,ASK
2020-10-30 10:40:38,HD,264.91,2,BID
2020-10-30 10:40:16,HD,265.13,4,ASK
2020-10-30 10:40:40,HD,264.91,2,BID
2020-10-30 10:40:16,HD,265.13,4,ASK
2020-10-30 10:40:42,HD,264.92,2,BID
2020-10-30 10:40:16,HD,265.13,3,ASK
2020-10-30 10:40:42,HD,264.92,2,BID
2020-10-30 10:40:16,HD,265.13,3,ASK
2020-10-30 10:40:45,HD,265.0,3,BID
2020-10-30 10:40:45,HD,265.16,1,ASK
2020-10-30 10:40:45,HD,265.01,1,BID
2020-10-30 10:40:45,HD,265.17,1,ASK
2020-10-30 10:40:46,HD,264.92,1,BID
2020-10-30 10:40:46,HD,265.17,1,ASK
2020-10-30 10:40:47,HD,264.92,1,BID
2020-10-30 10:40:47,HD,265.17,1,ASK
2020-10-30 10:40:47,HD,264.92,1,BID
2020-10-30 10:40:47,HD,265.17,1,ASK
2020-10-30 10:40:51,HD,264.92,4,BID
2020-10-30 10:40:51,HD,265.16,1,ASK
2020-10-30 10:40:51,HD,264.92,4,BID
2020-10-30 10:40:51,HD,265.16,3,ASK
2020-10-30 10:40:51,HD,264.92,4,BID
2020-10-30 10:40:51,HD,265.16,3,ASK
2020-10-30 10:40:54,HD,264.93,1,BID
2020-10-30 10:40:51,HD,265.16,3,ASK
2020-10-30 10:40:54,HD,264.93,1,BID
2020-10-30 10:40:51,HD,265.16,3,ASK
2020-10-30 10:40:54,HD,264.93,1,BID
2020-10-30 10:40:51,HD,265.16,3,ASK
2020-10-30 10:40:56,HD,264.93,1,BID
2020-10-30 10:40:51,HD,265.16,2,ASK
2020-10-30 10:40:56,HD,264.93,1,BID
2020-10-30 10:40:51,HD,265.16,2,ASK
2020-10-30 10:40:58,HD,264.93,4,BID
2020-10-30 10:40:51,HD,265.16,2,ASK
2020-10-30 10:40:58,HD,264.93,3,BID
2020-10-30 10:40:51,HD,265.16,2,ASK
2020-10-30 10:40:58,HD,264.93,3,BID
2020-10-30 10:40:51,HD,265.16,2,ASK
2020-10-30 10:40:58,HD,264.93,3,BID
2020-10-30 10:40:51,HD,265.16,2,ASK
2020-10-30 10:40:58,HD,264.93,3,BID
2020-10-30 10:40:51,HD,265.16,2,ASK
2020-10-30 10:40:58,HD,264.93,3,BID
2020-10-30 10:40:51,HD,265.16,2,ASK
2020-10-30 10:40:58,HD,264.93,3,BID
2020-10-30 10:41:04,HD,265.16,3,ASK
2020-10-30 10:41:05,HD,264.94,2,BID
2020-10-30 10:41:05,HD,265.16,5,ASK
2020-10-30 10:41:05,HD,264.94,2,BID
2020-10-30 10:41:05,HD,265.16,5,ASK
2020-10-30 10:41:06,HD,264.94,1,BID
2020-10-30 10:41:06,HD,265.16,5,ASK
2020-10-30 10:41:07,HD,265.05,1,BID
2020-10-30 10:41:06,HD,265.16,5,ASK
2020-10-30 10:41:07,HD,265.05,1,BID
2020-10-30 10:41:06,HD,265.16,5,ASK
2020-10-30 10:41:07,HD,265.05,1,BID
2020-10-30 10:41:06,HD,265.16,5,ASK
2020-10-30 10:41:07,HD,265.05,1,BID
2020-10-30 10:41:06,HD,265.16,5,ASK
2020-10-30 10:41:13,HD,265.05,3,BID
2020-10-30 10:41:13,HD,265.16,6,ASK
2020-10-30 10:41:13,HD,265.05,3,BID
2020-10-30 10:41:13,HD,265.16,6,ASK
2020-10-30 10:41:15,HD,264.94,1,BID
2020-10-30 10:41:15,HD,265.06,1,ASK
2020-10-30 10:41:16,HD,264.94,1,BID
2020-10-30 10:41:16,HD,265.06,2,ASK
2020-10-30 10:41:06,HD,264.92,5,BID
2020-10-30 10:41:17,HD,265.02,1,ASK
2020-10-30 10:41:18,HD,264.75,11,BID
2020-10-30 10:41:18,HD,265.02,1,ASK
2020-10-30 10:41:19,HD,264.8,1,BID
2020-10-30 10:41:19,HD,265.01,1,ASK
2020-10-30 10:41:20,HD,264.75,11,BID
2020-10-30 10:41:20,HD,265.0,2,ASK
2020-10-30 10:41:20,HD,264.75,11,BID
2020-10-30 10:41:20,HD,265.0,2,ASK
2020-10-30 10:41:20,HD,264.75,10,BID
2020-10-30 10:41:22,HD,265.0,3,ASK
2020-10-30 10:41:22,HD,264.62,1,BID
2020-10-30 10:41:22,HD,264.76,2,ASK
2020-10-30 10:29:37,HD,264.58,3,BID
2020-10-30 10:41:22,HD,264.76,2,ASK
2020-10-30 10:29:37,HD,264.58,3,BID
2020-10-30 10:41:22,HD,264.76,3,ASK
2020-10-30 10:29:37,HD,264.58,3,BID
2020-10-30 10:41:22,HD,264.76,3,ASK
2020-10-30 10:41:24,HD,264.62,1,BID
2020-10-30 10:41:24,HD,264.76,4,ASK
2020-10-30 10:41:25,HD,264.62,1,BID
2020-10-30 10:41:24,HD,264.76,3,ASK
2020-10-30 10:41:25,HD,264.62,1,BID
2020-10-30 10:41:24,HD,264.76,3,ASK
2020-10-30 10:41:25,HD,264.62,1,BID
2020-10-30 10:41:24,HD,264.76,3,ASK
2020-10-30 10:41:24,HD,264.58,3,BID
2020-10-30 10:41:27,HD,264.76,3,ASK
2020-10-30 10:41:24,HD,264.58,3,BID
2020-10-30 10:41:28,HD,264.75,1,ASK
2020-10-30 10:41:28,HD,264.6,1,BID
2020-10-30 10:41:27,HD,264.76,4,ASK
2020-10-30 10:41:24,HD,264.58,3,BID
2020-10-30 10:41:27,HD,264.76,4,ASK
2020-10-30 10:41:24,HD,264.58,3,BID
2020-10-30 10:41:27,HD,264.76,4,ASK
2020-10-30 10:41:24,HD,264.58,3,BID
2020-10-30 10:41:27,HD,264.76,4,ASK
2020-10-30 10:41:33,HD,264.5,1,BID
2020-10-30 10:41:33,HD,264.73,1,ASK
2020-10-30 10:41:35,HD,264.5,1,BID
2020-10-30 10:41:35,HD,264.73,1,ASK
2020-10-30 10:41:36,HD,264.5,2,BID
2020-10-30 10:41:36,HD,264.73,1,ASK
2020-10-30 10:41:37,HD,264.42,1,BID
2020-10-30 10:41:37,HD,264.73,1,ASK
2020-10-30 10:41:38,HD,264.47,1,BID
2020-10-30 10:41:38,HD,264.73,1,ASK
2020-10-30 10:41:39,HD,264.46,1,BID
2020-10-30 10:41:39,HD,264.73,1,ASK
2020-10-30 10:41:40,HD,264.5,1,BID
2020-10-30 10:41:40,HD,264.73,1,ASK
2020-10-30 10:41:41,HD,264.46,1,BID
2020-10-30 10:41:41,HD,264.73,1,ASK
2020-10-30 10:41:42,HD,264.5,1,BID
2020-10-30 10:41:42,HD,264.73,1,ASK
2020-10-30 10:41:42,HD,264.5,1,BID
2020-10-30 10:41:42,HD,264.73,1,ASK
2020-10-30 10:41:42,HD,264.5,1,BID
2020-10-30 10:41:42,HD,264.73,1,ASK
2020-10-30 10:41:42,HD,264.5,1,BID
2020-10-30 10:41:42,HD,264.73,1,ASK
2020-10-30 10:41:45,HD,264.5,1,BID
2020-10-30 10:41:45,HD,264.73,1,ASK
2020-10-30 10:41:45,HD,264.5,1,BID
2020-10-30 10:41:45,HD,264.73,1,ASK
2020-10-30 10:41:45,HD,264.5,1,BID
2020-10-30 10:41:45,HD,264.73,1,ASK
2020-10-30 10:41:45,HD,264.5,1,BID
2020-10-30 10:41:45,HD,264.73,1,ASK
2020-10-30 10:41:45,HD,264.5,1,BID
2020-10-30 10:41:45,HD,264.73,1,ASK
2020-10-30 10:41:49,HD,264.5,1,BID
2020-10-30 10:41:49,HD,264.73,2,ASK
2020-10-30 10:41:49,HD,264.5,1,BID
2020-10-30 10:41:49,HD,264.73,2,ASK
2020-10-30 10:41:49,HD,264.5,1,BID
2020-10-30 10:41:49,HD,264.73,2,ASK
2020-10-30 10:41:50,HD,264.5,1,BID
2020-10-30 10:41:50,HD,264.73,4,ASK
2020-10-30 10:41:51,HD,264.5,1,BID
2020-10-30 10:41:51,HD,264.73,6,ASK
2020-10-30 10:41:52,HD,264.5,1,BID
2020-10-30 10:41:51,HD,264.73,5,ASK
2020-10-30 10:41:52,HD,264.5,1,BID
2020-10-30 10:41:51,HD,264.73,5,ASK
2020-10-30 10:41:52,HD,264.5,1,BID
2020-10-30 10:41:51,HD,264.73,5,ASK
2020-10-30 10:41:54,HD,264.51,1,BID
2020-10-30 10:41:51,HD,264.73,5,ASK
2020-10-30 10:41:56,HD,264.51,1,BID
2020-10-30 10:41:51,HD,264.73,5,ASK
2020-10-30 10:41:56,HD,264.51,1,BID
2020-10-30 10:41:51,HD,264.73,5,ASK
2020-10-30 10:41:56,HD,264.51,1,BID
2020-10-30 10:41:51,HD,264.73,5,ASK
2020-10-30 10:41:56,HD,264.51,1,BID
2020-10-30 10:41:51,HD,264.73,5,ASK
2020-10-30 10:42:00,HD,264.47,1,BID
2020-10-30 10:42:00,HD,264.71,1,ASK
2020-10-30 10:42:00,HD,264.5,1,BID
2020-10-30 10:42:00,HD,264.73,5,ASK
2020-10-30 10:42:00,HD,264.5,1,BID
2020-10-30 10:42:00,HD,264.73,5,ASK
2020-10-30 10:42:02,HD,264.43,1,BID
2020-10-30 10:42:02,HD,264.72,1,ASK
2020-10-30 10:42:02,HD,264.43,1,BID
2020-10-30 10:42:02,HD,264.73,5,ASK
2020-10-30 10:42:03,HD,264.39,1,BID
2020-10-30 10:42:03,HD,264.73,5,ASK
2020-10-30 10:42:04,HD,264.39,1,BID
2020-10-30 10:42:04,HD,264.61,2,ASK
2020-10-30 10:42:04,HD,264.38,1,BID
2020-10-30 10:42:04,HD,264.61,3,ASK
2020-10-30 10:42:05,HD,264.38,1,BID
2020-10-30 10:42:05,HD,264.61,3,ASK
2020-10-30 10:42:05,HD,264.38,3,BID
2020-10-30 10:42:05,HD,264.56,1,ASK
2020-10-30 10:42:06,HD,264.38,3,BID
2020-10-30 10:42:06,HD,264.56,3,ASK
2020-10-30 10:42:06,HD,264.38,3,BID
2020-10-30 10:42:06,HD,264.55,2,ASK
2020-10-30 10:42:06,HD,264.38,3,BID
2020-10-30 10:42:06,HD,264.55,2,ASK
2020-10-30 10:42:06,HD,264.38,3,BID
2020-10-30 10:42:09,HD,264.55,2,ASK
2020-10-30 10:42:06,HD,264.38,3,BID
2020-10-30 10:42:09,HD,264.55,2,ASK
2020-10-30 10:42:11,HD,264.38,4,BID
2020-10-30 10:42:09,HD,264.55,2,ASK
2020-10-30 10:42:12,HD,264.38,4,BID
2020-10-30 10:42:09,HD,264.55,2,ASK
2020-10-30 10:42:13,HD,264.38,4,BID
2020-10-30 10:42:09,HD,264.55,2,ASK
2020-10-30 10:42:05,HD,264.38,4,BID
2020-10-30 10:42:09,HD,264.55,2,ASK
2020-10-30 10:42:05,HD,264.38,4,BID
2020-10-30 10:42:15,HD,264.53,2,ASK
2020-10-30 10:42:05,HD,264.38,4,BID
2020-10-30 10:42:15,HD,264.53,2,ASK
2020-10-30 10:42:05,HD,264.38,4,BID
2020-10-30 10:42:17,HD,264.53,4,ASK
2020-10-30 10:42:05,HD,264.38,4,BID
2020-10-30 10:42:17,HD,264.53,4,ASK
2020-10-30 10:42:18,HD,264.3,1,BID
2020-10-30 10:42:18,HD,264.52,1,ASK
2020-10-30 10:42:19,HD,264.3,2,BID
2020-10-30 10:42:19,HD,264.52,2,ASK
2020-10-30 10:42:21,HD,264.37,1,BID
2020-10-30 10:42:21,HD,264.52,3,ASK
2020-10-30 10:42:22,HD,264.4,1,BID
2020-10-30 10:42:22,HD,264.52,3,ASK
2020-10-30 10:42:23,HD,264.4,1,BID
2020-10-30 10:42:23,HD,264.52,3,ASK
2020-10-30 10:42:23,HD,264.4,1,BID
2020-10-30 10:42:23,HD,264.52,3,ASK
2020-10-30 10:42:26,HD,264.56,1,BID
2020-10-30 10:42:26,HD,264.75,1,ASK
2020-10-30 10:42:26,HD,264.56,1,BID
2020-10-30 10:42:26,HD,264.76,4,ASK
2020-10-30 10:42:26,HD,264.56,1,BID
2020-10-30 10:42:26,HD,264.76,4,ASK
2020-10-30 10:42:29,HD,264.56,1,BID
2020-10-30 10:42:26,HD,264.76,4,ASK
2020-10-30 10:42:30,HD,264.56,1,BID
2020-10-30 10:42:26,HD,264.76,4,ASK
2020-10-30 10:42:31,HD,264.56,1,BID
2020-10-30 10:42:26,HD,264.76,4,ASK
2020-10-30 10:42:33,HD,264.55,1,BID
2020-10-30 10:42:33,HD,264.76,4,ASK
2020-10-30 10:42:33,HD,264.55,1,BID
2020-10-30 10:42:33,HD,264.76,4,ASK
2020-10-30 10:42:33,HD,264.55,1,BID
2020-10-30 10:42:33,HD,264.76,4,ASK
2020-10-30 10:42:37,HD,264.52,2,BID
2020-10-30 10:42:37,HD,264.76,4,ASK
2020-10-30 10:42:38,HD,264.52,2,BID
2020-10-30 10:42:38,HD,264.76,4,ASK
2020-10-30 10:42:38,HD,264.52,2,BID
2020-10-30 10:42:38,HD,264.76,4,ASK
2020-10-30 10:42:39,HD,264.52,2,BID
2020-10-30 10:42:39,HD,264.76,4,ASK
2020-10-30 10:42:40,HD,264.52,2,BID
2020-10-30 10:42:40,HD,264.76,4,ASK
2020-10-30 10:42:42,HD,264.4,2,BID
2020-10-30 10:42:42,HD,264.7,2,ASK
2020-10-30 10:42:43,HD,264.41,1,BID
2020-10-30 10:42:43,HD,264.7,2,ASK
2020-10-30 10:42:44,HD,264.42,1,BID
2020-10-30 10:42:44,HD,264.75,5,ASK
2020-10-30 10:42:45,HD,264.42,1,BID
2020-10-30 10:42:45,HD,264.75,7,ASK
2020-10-30 10:42:46,HD,264.43,3,BID
2020-10-30 10:42:45,HD,264.75,6,ASK
2020-10-30 10:42:48,HD,264.46,2,BID
2020-10-30 10:42:48,HD,264.75,6,ASK
2020-10-30 10:42:48,HD,264.46,2,BID
2020-10-30 10:42:48,HD,264.75,6,ASK
2020-10-30 10:42:51,HD,264.5,2,BID
2020-10-30 10:42:51,HD,264.7,1,ASK
2020-10-30 10:42:52,HD,264.5,2,BID
2020-10-30 10:42:50,HD,264.75,5,ASK
2020-10-30 10:42:52,HD,264.5,3,BID
2020-10-30 10:42:50,HD,264.75,5,ASK
2020-10-30 10:42:53,HD,264.5,3,BID
2020-10-30 10:42:50,HD,264.75,6,ASK
2020-10-30 10:42:53,HD,264.5,4,BID
2020-10-30 10:42:50,HD,264.75,6,ASK
2020-10-30 10:42:54,HD,264.5,4,BID
2020-10-30 10:42:50,HD,264.75,6,ASK
2020-10-30 10:42:56,HD,264.51,1,BID
2020-10-30 10:42:50,HD,264.75,6,ASK
2020-10-30 10:42:56,HD,264.5,4,BID
2020-10-30 10:42:50,HD,264.75,6,ASK
2020-10-30 10:42:57,HD,264.59,1,BID
2020-10-30 10:42:57,HD,264.75,6,ASK
2020-10-30 10:42:58,HD,264.51,1,BID
2020-10-30 10:42:58,HD,264.74,1,ASK
2020-10-30 10:42:59,HD,264.51,2,BID
2020-10-30 10:42:59,HD,264.74,1,ASK
2020-10-30 10:43:00,HD,264.51,2,BID
2020-10-30 10:43:00,HD,264.74,2,ASK
2020-10-30 10:43:00,HD,264.51,2,BID
2020-10-30 10:43:00,HD,264.74,2,ASK
2020-10-30 10:43:00,HD,264.51,2,BID
2020-10-30 10:43:00,HD,264.74,2,ASK
2020-10-30 10:43:00,HD,264.51,2,BID
2020-10-30 10:43:00,HD,264.74,2,ASK
2020-10-30 10:43:01,HD,264.72,3,BID
2020-10-30 10:43:01,HD,265.0,5,ASK
2020-10-30 10:43:01,HD,264.72,3,BID
2020-10-30 10:43:01,HD,265.0,5,ASK
2020-10-30 10:43:01,HD,264.72,3,BID
2020-10-30 10:43:01,HD,265.0,5,ASK
2020-10-30 10:43:01,HD,264.72,3,BID
2020-10-30 10:43:01,HD,265.0,5,ASK
2020-10-30 10:43:03,HD,264.77,1,BID
2020-10-30 10:43:03,HD,265.0,5,ASK
2020-10-30 10:43:03,HD,264.77,1,BID
2020-10-30 10:43:03,HD,265.0,5,ASK
2020-10-30 10:43:03,HD,264.77,1,BID
2020-10-30 10:43:03,HD,265.0,5,ASK
2020-10-30 10:43:03,HD,264.77,1,BID
2020-10-30 10:43:03,HD,265.0,5,ASK
2020-10-30 10:43:03,HD,264.77,1,BID
2020-10-30 10:43:03,HD,265.0,5,ASK
2020-10-30 10:43:03,HD,264.77,1,BID
2020-10-30 10:43:03,HD,265.0,5,ASK
2020-10-30 10:43:05,HD,264.74,2,BID
2020-10-30 10:43:05,HD,264.99,1,ASK
2020-10-30 10:43:05,HD,264.74,3,BID
2020-10-30 10:43:05,HD,265.0,5,ASK
2020-10-30 10:43:05,HD,264.74,3,BID
2020-10-30 10:43:05,HD,265.0,5,ASK
2020-10-30 10:43:06,HD,264.74,3,BID
2020-10-30 10:43:06,HD,264.99,1,ASK
2020-10-30 10:43:06,HD,264.74,3,BID
2020-10-30 10:43:06,HD,264.99,1,ASK
2020-10-30 10:43:06,HD,264.74,3,BID
2020-10-30 10:43:06,HD,264.99,1,ASK
2020-10-30 10:43:06,HD,264.74,3,BID
2020-10-30 10:43:06,HD,264.99,1,ASK
2020-10-30 10:43:06,HD,264.74,3,BID
2020-10-30 10:43:06,HD,264.99,1,ASK
2020-10-30 10:43:06,HD,264.74,3,BID
2020-10-30 10:43:06,HD,264.99,1,ASK
2020-10-30 10:43:06,HD,264.74,3,BID
2020-10-30 10:43:06,HD,264.99,1,ASK
2020-10-30 10:43:06,HD,264.74,3,BID
2020-10-30 10:43:06,HD,264.99,1,ASK
2020-10-30 10:43:06,HD,264.74,3,BID
2020-10-30 10:43:06,HD,264.99,1,ASK
2020-10-30 10:43:06,HD,264.74,3,BID
2020-10-30 10:43:06,HD,264.99,1,ASK
2020-10-30 10:43:15,HD,264.74,4,BID
2020-10-30 10:43:15,HD,264.99,1,ASK
2020-10-30 10:43:15,HD,264.74,4,BID
2020-10-30 10:43:15,HD,264.99,1,ASK
2020-10-30 10:43:15,HD,264.74,4,BID
2020-10-30 10:43:15,HD,264.99,1,ASK
2020-10-30 10:43:17,HD,264.75,1,BID
2020-10-30 10:43:17,HD,264.99,1,ASK
2020-10-30 10:43:17,HD,264.75,1,BID
2020-10-30 10:43:17,HD,264.99,1,ASK
2020-10-30 10:43:18,HD,264.75,1,BID
2020-10-30 10:43:18,HD,264.99,1,ASK
2020-10-30 10:43:18,HD,264.75,1,BID
2020-10-30 10:43:18,HD,264.99,1,ASK
2020-10-30 10:43:18,HD,264.75,1,BID
2020-10-30 10:43:18,HD,264.99,1,ASK
2020-10-30 10:43:21,HD,264.75,1,BID
2020-10-30 10:43:21,HD,264.99,1,ASK
2020-10-30 10:43:21,HD,264.75,1,BID
2020-10-30 10:43:21,HD,264.99,1,ASK
2020-10-30 10:43:21,HD,264.76,2,BID
2020-10-30 10:43:21,HD,264.99,1,ASK
2020-10-30 10:43:22,HD,264.52,1,BID
2020-10-30 10:43:22,HD,264.8,2,ASK
2020-10-30 10:43:22,HD,264.52,1,BID
2020-10-30 10:43:22,HD,264.8,2,ASK
2020-10-30 10:43:23,HD,264.46,3,BID
2020-10-30 10:43:23,HD,264.79,1,ASK
2020-10-30 10:43:23,HD,264.46,3,BID
2020-10-30 10:43:23,HD,264.8,3,ASK
2020-10-30 10:43:24,HD,264.47,1,BID
2020-10-30 10:43:24,HD,264.8,3,ASK
2020-10-30 10:43:24,HD,264.46,3,BID
2020-10-30 10:43:24,HD,264.8,3,ASK
2020-10-30 10:43:24,HD,264.46,3,BID
2020-10-30 10:43:24,HD,264.79,1,ASK
2020-10-30 10:43:25,HD,264.46,3,BID
2020-10-30 10:43:25,HD,264.8,3,ASK
2020-10-30 10:43:26,HD,264.46,3,BID
2020-10-30 10:43:26,HD,264.8,3,ASK
2020-10-30 10:43:27,HD,264.46,3,BID
2020-10-30 10:43:27,HD,264.8,3,ASK
2020-10-30 10:43:28,HD,264.51,1,BID
2020-10-30 10:43:27,HD,264.8,2,ASK
2020-10-30 10:43:30,HD,264.46,4,BID
2020-10-30 10:43:30,HD,264.91,3,ASK
2020-10-30 10:43:30,HD,264.46,4,BID
2020-10-30 10:43:30,HD,264.91,3,ASK
2020-10-30 10:43:32,HD,264.46,4,BID
2020-10-30 10:43:32,HD,264.91,4,ASK
2020-10-30 10:43:32,HD,264.5,1,BID
2020-10-30 10:43:32,HD,264.91,2,ASK
2020-10-30 10:43:33,HD,264.5,1,BID
2020-10-30 10:43:33,HD,264.91,2,ASK
2020-10-30 10:43:34,HD,264.5,1,BID
2020-10-30 10:43:34,HD,264.91,3,ASK
2020-10-30 10:43:34,HD,264.5,1,BID
2020-10-30 10:43:34,HD,264.91,3,ASK
2020-10-30 10:43:32,HD,264.46,6,BID
2020-10-30 10:43:37,HD,264.91,3,ASK
2020-10-30 10:43:38,HD,264.46,5,BID
2020-10-30 10:43:38,HD,264.91,3,ASK
2020-10-30 10:43:38,HD,264.46,5,BID
2020-10-30 10:43:38,HD,264.91,3,ASK
2020-10-30 10:43:38,HD,264.46,5,BID
2020-10-30 10:43:38,HD,264.91,3,ASK
2020-10-30 10:43:38,HD,264.46,5,BID
2020-10-30 10:43:38,HD,264.91,3,ASK
2020-10-30 10:43:38,HD,264.46,5,BID
2020-10-30 10:43:38,HD,264.91,3,ASK
2020-10-30 10:43:38,HD,264.46,6,BID
2020-10-30 10:43:43,HD,264.93,1,ASK
2020-10-30 10:43:38,HD,264.46,6,BID
2020-10-30 10:43:44,HD,264.93,1,ASK
2020-10-30 10:43:45,HD,264.46,5,BID
2020-10-30 10:43:45,HD,264.93,6,ASK
2020-10-30 10:43:45,HD,264.46,5,BID
2020-10-30 10:43:45,HD,264.93,6,ASK
2020-10-30 10:43:45,HD,264.46,5,BID
2020-10-30 10:43:46,HD,264.91,3,ASK
2020-10-30 10:43:45,HD,264.46,5,BID
2020-10-30 10:43:46,HD,264.91,5,ASK
2020-10-30 10:43:47,HD,264.29,1,BID
2020-10-30 10:43:47,HD,264.67,1,ASK
2020-10-30 10:43:47,HD,264.3,1,BID
2020-10-30 10:43:47,HD,264.56,1,ASK
2020-10-30 10:43:47,HD,264.29,2,BID
2020-10-30 10:43:48,HD,264.56,1,ASK
2020-10-30 10:43:48,HD,264.29,1,BID
2020-10-30 10:43:48,HD,264.56,1,ASK
2020-10-30 10:43:49,HD,264.28,31,BID
2020-10-30 10:43:49,HD,264.47,2,ASK
2020-10-30 10:43:49,HD,264.18,1,BID
2020-10-30 10:43:49,HD,264.47,4,ASK
2020-10-30 10:43:49,HD,264.18,1,BID
2020-10-30 10:43:49,HD,264.37,1,ASK
2020-10-30 10:43:50,HD,264.13,1,BID
2020-10-30 10:43:50,HD,264.37,1,ASK
2020-10-30 10:43:50,HD,264.13,1,BID
2020-10-30 10:43:50,HD,264.36,1,ASK
2020-10-30 10:43:50,HD,264.08,1,BID
2020-10-30 10:43:50,HD,264.36,1,ASK
2020-10-30 10:43:50,HD,263.93,1,BID
2020-10-30 10:43:50,HD,264.24,1,ASK
2020-10-30 10:43:51,HD,263.96,1,BID
2020-10-30 10:43:51,HD,264.07,1,ASK
2020-10-30 10:43:51,HD,264.01,2,BID
2020-10-30 10:43:51,HD,264.23,3,ASK
2020-10-30 10:43:51,HD,264.08,5,BID
2020-10-30 10:43:51,HD,264.41,1,ASK
2020-10-30 10:43:51,HD,264.08,5,BID
2020-10-30 10:43:52,HD,264.41,1,ASK
2020-10-30 10:43:51,HD,264.08,5,BID
2020-10-30 10:43:52,HD,264.41,1,ASK
2020-10-30 10:43:51,HD,264.08,5,BID
2020-10-30 10:43:52,HD,264.41,1,ASK
2020-10-30 10:43:51,HD,264.08,5,BID
2020-10-30 10:43:52,HD,264.41,1,ASK
2020-10-30 10:43:51,HD,264.08,5,BID
2020-10-30 10:43:52,HD,264.41,1,ASK
2020-10-30 10:43:51,HD,264.08,5,BID
2020-10-30 10:43:53,HD,264.41,1,ASK
2020-10-30 10:43:51,HD,264.08,5,BID
2020-10-30 10:43:54,HD,264.41,1,ASK
2020-10-30 10:43:51,HD,264.08,5,BID
2020-10-30 10:43:54,HD,264.41,1,ASK
2020-10-30 10:43:51,HD,264.08,4,BID
2020-10-30 10:43:54,HD,264.41,1,ASK
2020-10-30 10:43:51,HD,264.08,4,BID
2020-10-30 10:43:54,HD,264.41,1,ASK
2020-10-30 10:43:51,HD,264.08,4,BID
2020-10-30 10:43:55,HD,264.41,1,ASK
2020-10-30 10:43:51,HD,264.08,4,BID
2020-10-30 10:43:55,HD,264.41,1,ASK
2020-10-30 10:43:51,HD,264.08,4,BID
2020-10-30 10:43:55,HD,264.41,1,ASK
2020-10-30 10:43:51,HD,264.08,4,BID
2020-10-30 10:43:56,HD,264.41,1,ASK
2020-10-30 10:43:51,HD,264.08,4,BID
2020-10-30 10:43:56,HD,264.4,4,ASK
2020-10-30 10:43:51,HD,264.08,4,BID
2020-10-30 10:43:56,HD,264.4,4,ASK
2020-10-30 10:43:51,HD,264.08,4,BID
2020-10-30 10:43:56,HD,264.4,4,ASK
2020-10-30 10:43:51,HD,264.08,4,BID
2020-10-30 10:43:56,HD,264.4,4,ASK
2020-10-30 10:43:51,HD,264.08,4,BID
2020-10-30 10:43:58,HD,264.4,4,ASK
2020-10-30 10:43:51,HD,264.08,4,BID
2020-10-30 10:43:58,HD,264.4,4,ASK
2020-10-30 10:44:00,HD,264.09,2,BID
2020-10-30 10:44:00,HD,264.4,5,ASK
2020-10-30 10:44:01,HD,264.09,3,BID
2020-10-30 10:44:00,HD,264.41,3,ASK
2020-10-30 10:44:01,HD,264.1,3,BID
2020-10-30 10:44:00,HD,264.41,3,ASK
2020-10-30 10:44:02,HD,264.1,4,BID
2020-10-30 10:44:00,HD,264.41,3,ASK
2020-10-30 10:44:02,HD,264.11,3,BID
2020-10-30 10:44:02,HD,264.36,2,ASK
2020-10-30 10:44:03,HD,264.11,3,BID
2020-10-30 10:44:03,HD,264.36,1,ASK
2020-10-30 10:44:04,HD,264.36,1,BID
2020-10-30 10:44:04,HD,264.62,2,ASK
2020-10-30 10:44:04,HD,264.36,1,BID
2020-10-30 10:44:04,HD,264.62,2,ASK
2020-10-30 10:44:04,HD,264.36,1,BID
2020-10-30 10:44:04,HD,264.62,2,ASK
2020-10-30 10:44:04,HD,264.36,1,BID
2020-10-30 10:44:04,HD,264.62,2,ASK
2020-10-30 10:44:05,HD,264.21,3,BID
2020-10-30 10:44:05,HD,264.62,4,ASK
2020-10-30 10:44:06,HD,264.11,1,BID
2020-10-30 10:44:06,HD,264.53,4,ASK
2020-10-30 10:44:06,HD,264.11,1,BID
2020-10-30 10:44:06,HD,264.53,3,ASK
2020-10-30 10:44:06,HD,264.11,1,BID
2020-10-30 10:44:06,HD,264.53,3,ASK
2020-10-30 10:44:07,HD,264.1,7,BID
2020-10-30 10:44:07,HD,264.53,6,ASK
2020-10-30 10:44:07,HD,264.1,7,BID
2020-10-30 10:44:07,HD,264.53,6,ASK
2020-10-30 10:44:07,HD,264.1,7,BID
2020-10-30 10:44:07,HD,264.53,6,ASK
2020-10-30 10:44:07,HD,264.1,7,BID
2020-10-30 10:44:07,HD,264.53,6,ASK
2020-10-30 10:44:07,HD,264.1,7,BID
2020-10-30 10:44:07,HD,264.53,6,ASK
2020-10-30 10:44:10,HD,264.11,1,BID
2020-10-30 10:44:10,HD,264.52,1,ASK
2020-10-30 10:44:10,HD,264.1,5,BID
2020-10-30 10:44:12,HD,264.52,1,ASK
2020-10-30 10:44:12,HD,264.1,4,BID
2020-10-30 10:44:12,HD,264.52,12,ASK
2020-10-30 10:44:12,HD,264.1,4,BID
2020-10-30 10:44:12,HD,264.52,10,ASK
2020-10-30 10:44:14,HD,264.1,6,BID
2020-10-30 10:44:14,HD,264.52,8,ASK
2020-10-30 10:44:15,HD,264.1,5,BID
2020-10-30 10:44:15,HD,264.52,8,ASK
2020-10-30 10:44:16,HD,264.24,3,BID
2020-10-30 10:44:17,HD,264.51,5,ASK
2020-10-30 10:44:19,HD,264.25,1,BID
2020-10-30 10:44:19,HD,264.51,5,ASK
2020-10-30 10:44:21,HD,264.25,4,BID
2020-10-30 10:44:21,HD,264.5,1,ASK
2020-10-30 10:44:21,HD,264.25,4,BID
2020-10-30 10:44:21,HD,264.5,3,ASK
2020-10-30 10:44:23,HD,264.26,2,BID
2020-10-30 10:44:23,HD,264.5,3,ASK
2020-10-30 10:44:23,HD,264.26,3,BID
2020-10-30 10:44:23,HD,264.5,3,ASK
2020-10-30 10:44:24,HD,264.39,2,BID
2020-10-30 10:44:24,HD,264.75,1,ASK
2020-10-30 10:44:25,HD,264.4,1,BID
2020-10-30 10:44:25,HD,264.75,1,ASK
2020-10-30 10:44:25,HD,264.33,3,BID
2020-10-30 10:44:25,HD,264.75,1,ASK
2020-10-30 10:44:26,HD,264.34,2,BID
2020-10-30 10:44:26,HD,264.75,1,ASK
2020-10-30 10:44:28,HD,264.34,6,BID
2020-10-30 10:44:28,HD,264.82,1,ASK
2020-10-30 10:44:30,HD,264.54,2,BID
2020-10-30 10:44:30,HD,264.82,2,ASK
2020-10-30 10:44:31,HD,264.55,2,BID
2020-10-30 10:44:31,HD,264.82,2,ASK
2020-10-30 10:44:31,HD,264.55,3,BID
2020-10-30 10:44:31,HD,264.82,2,ASK
2020-10-30 10:44:34,HD,264.55,5,BID
2020-10-30 10:44:34,HD,264.9,2,ASK
2020-10-30 10:44:35,HD,264.43,1,BID
2020-10-30 10:44:35,HD,264.89,9,ASK
2020-10-30 10:44:35,HD,264.43,1,BID
2020-10-30 10:44:35,HD,264.89,9,ASK
2020-10-30 10:44:38,HD,264.42,3,BID
2020-10-30 10:44:38,HD,264.89,8,ASK
2020-10-30 10:44:39,HD,264.33,2,BID
2020-10-30 10:44:39,HD,264.89,11,ASK
2020-10-30 10:44:39,HD,264.28,1,BID
2020-10-30 10:44:40,HD,264.88,1,ASK
2020-10-30 10:44:40,HD,264.28,2,BID
2020-10-30 10:44:40,HD,264.88,12,ASK
2020-10-30 10:44:40,HD,264.28,2,BID
2020-10-30 10:44:40,HD,264.88,12,ASK
2020-10-30 10:44:40,HD,264.28,2,BID
2020-10-30 10:44:40,HD,264.88,12,ASK
2020-10-30 10:44:40,HD,264.28,2,BID
2020-10-30 10:44:40,HD,264.88,12,ASK
2020-10-30 10:44:40,HD,264.28,2,BID
2020-10-30 10:44:40,HD,264.88,12,ASK
2020-10-30 10:44:40,HD,264.28,2,BID
2020-10-30 10:44:40,HD,264.88,12,ASK
2020-10-30 10:44:40,HD,264.28,2,BID
2020-10-30 10:44:40,HD,264.88,12,ASK
2020-10-30 10:44:40,HD,264.28,2,BID
2020-10-30 10:44:45,HD,264.88,11,ASK
2020-10-30 10:44:46,HD,264.29,3,BID
2020-10-30 10:44:46,HD,264.88,11,ASK
2020-10-30 10:44:46,HD,264.29,3,BID
2020-10-30 10:44:46,HD,264.88,11,ASK
2020-10-30 10:44:48,HD,264.29,3,BID
2020-10-30 10:44:48,HD,264.87,1,ASK
2020-10-30 10:44:48,HD,264.29,3,BID
2020-10-30 10:44:46,HD,264.88,11,ASK
2020-10-30 10:44:49,HD,264.29,4,BID
2020-10-30 10:44:49,HD,264.87,2,ASK
2020-10-30 10:44:50,HD,264.29,4,BID
2020-10-30 10:44:50,HD,264.87,13,ASK
2020-10-30 10:44:51,HD,264.29,4,BID
2020-10-30 10:44:51,HD,264.87,12,ASK
2020-10-30 10:44:52,HD,264.3,5,BID
2020-10-30 10:44:51,HD,264.72,5,ASK
2020-10-30 10:44:53,HD,264.3,8,BID
2020-10-30 10:44:53,HD,264.73,1,ASK
2020-10-30 10:44:54,HD,264.3,7,BID
2020-10-30 10:44:54,HD,264.73,6,ASK
2020-10-30 10:44:54,HD,264.3,7,BID
2020-10-30 10:44:54,HD,264.73,6,ASK
2020-10-30 10:44:54,HD,264.3,6,BID
2020-10-30 10:44:54,HD,264.73,6,ASK
2020-10-30 10:44:55,HD,264.3,6,BID
2020-10-30 10:44:55,HD,264.73,6,ASK
2020-10-30 10:44:55,HD,264.3,6,BID
2020-10-30 10:44:55,HD,264.73,6,ASK
2020-10-30 10:44:55,HD,264.3,6,BID
2020-10-30 10:44:55,HD,264.73,6,ASK
2020-10-30 10:44:55,HD,264.3,6,BID
2020-10-30 10:44:55,HD,264.73,6,ASK
2020-10-30 10:44:55,HD,264.3,6,BID
2020-10-30 10:44:55,HD,264.73,6,ASK
2020-10-30 10:44:55,HD,264.3,6,BID
2020-10-30 10:44:55,HD,264.73,6,ASK
2020-10-30 10:44:55,HD,264.3,6,BID
2020-10-30 10:44:55,HD,264.73,6,ASK
2020-10-30 10:44:55,HD,264.3,6,BID
2020-10-30 10:44:55,HD,264.73,6,ASK
2020-10-30 10:44:55,HD,264.3,6,BID
2020-10-30 10:44:55,HD,264.72,3,ASK
2020-10-30 10:44:56,HD,264.3,4,BID
2020-10-30 10:44:56,HD,264.69,1,ASK
2020-10-30 10:44:59,HD,264.34,1,BID
2020-10-30 10:44:59,HD,264.69,3,ASK
2020-10-30 10:45:00,HD,264.33,1,BID
2020-10-30 10:44:56,HD,264.72,8,ASK
2020-10-30 10:45:01,HD,264.33,1,BID
2020-10-30 10:45:01,HD,264.77,1,ASK
2020-10-30 10:45:01,HD,264.35,2,BID
2020-10-30 10:45:01,HD,264.73,1,ASK
2020-10-30 10:45:01,HD,264.35,2,BID
2020-10-30 10:45:01,HD,264.83,1,ASK
2020-10-30 10:45:02,HD,264.36,4,BID
2020-10-30 10:45:02,HD,264.83,1,ASK
2020-10-30 10:45:02,HD,264.38,1,BID
2020-10-30 10:45:02,HD,264.72,1,ASK
2020-10-30 10:45:03,HD,264.52,1,BID
2020-10-30 10:45:03,HD,264.72,1,ASK
2020-10-30 10:45:03,HD,264.35,4,BID
2020-10-30 10:45:03,HD,264.61,1,ASK
2020-10-30 10:45:03,HD,264.24,4,BID
2020-10-30 10:45:03,HD,264.54,1,ASK
2020-10-30 10:45:03,HD,264.24,4,BID
2020-10-30 10:45:03,HD,264.54,1,ASK
2020-10-30 10:45:04,HD,264.22,1,BID
2020-10-30 10:45:04,HD,264.53,1,ASK
2020-10-30 10:45:05,HD,264.25,1,BID
2020-10-30 10:45:05,HD,264.53,2,ASK
2020-10-30 10:45:05,HD,264.25,1,BID
2020-10-30 10:45:05,HD,264.51,1,ASK
2020-10-30 10:45:05,HD,264.25,1,BID
2020-10-30 10:45:05,HD,264.51,1,ASK
2020-10-30 10:45:07,HD,264.32,1,BID
2020-10-30 10:45:03,HD,264.61,2,ASK
2020-10-30 10:45:08,HD,264.27,2,BID
2020-10-30 10:45:08,HD,264.61,2,ASK
2020-10-30 10:45:08,HD,264.27,2,BID
2020-10-30 10:45:08,HD,264.61,2,ASK
2020-10-30 10:45:10,HD,264.27,2,BID
2020-10-30 10:45:10,HD,264.72,1,ASK
2020-10-30 10:45:11,HD,264.27,2,BID
2020-10-30 10:45:11,HD,264.72,1,ASK
2020-10-30 10:45:12,HD,264.27,2,BID
2020-10-30 10:45:12,HD,264.74,1,ASK
2020-10-30 10:45:13,HD,264.51,1,BID
2020-10-30 10:45:12,HD,264.74,2,ASK
2020-10-30 10:45:14,HD,264.55,1,BID
2020-10-30 10:45:12,HD,264.74,2,ASK
2020-10-30 10:45:14,HD,264.55,1,BID
2020-10-30 10:45:12,HD,264.74,2,ASK
2020-10-30 10:45:15,HD,264.35,3,BID
2020-10-30 10:45:15,HD,264.73,3,ASK
2020-10-30 10:45:16,HD,264.32,3,BID
2020-10-30 10:45:16,HD,264.73,5,ASK
2020-10-30 10:45:16,HD,264.32,2,BID
2020-10-30 10:45:17,HD,264.73,5,ASK
2020-10-30 10:45:18,HD,264.29,2,BID
2020-10-30 10:45:18,HD,264.65,1,ASK
2020-10-30 10:45:18,HD,264.29,2,BID
2020-10-30 10:45:18,HD,264.65,1,ASK
2020-10-30 10:45:18,HD,264.29,2,BID
2020-10-30 10:45:18,HD,264.65,1,ASK
2020-10-30 10:45:21,HD,264.3,2,BID
2020-10-30 10:45:21,HD,264.65,1,ASK
2020-10-30 10:45:21,HD,264.3,2,BID
2020-10-30 10:45:22,HD,264.65,1,ASK
2020-10-30 10:45:22,HD,264.29,2,BID
2020-10-30 10:45:22,HD,264.65,1,ASK
2020-10-30 10:45:23,HD,264.32,2,BID
2020-10-30 10:45:23,HD,264.65,2,ASK
2020-10-30 10:45:23,HD,263.88,5,BID
2020-10-30 10:45:23,HD,264.35,2,ASK
2020-10-30 10:45:24,HD,264.02,2,BID
2020-10-30 10:45:24,HD,264.34,3,ASK
2020-10-30 10:45:25,HD,264.02,3,BID
2020-10-30 10:45:25,HD,264.34,4,ASK
2020-10-30 10:45:25,HD,264.02,3,BID
2020-10-30 10:45:25,HD,264.34,4,ASK
2020-10-30 10:45:28,HD,264.01,2,BID
2020-10-30 10:45:28,HD,264.33,2,ASK
2020-10-30 10:45:29,HD,264.02,1,BID
2020-10-30 10:45:29,HD,264.33,3,ASK
2020-10-30 10:45:30,HD,264.03,3,BID
2020-10-30 10:45:30,HD,264.34,5,ASK
2020-10-30 10:45:30,HD,264.03,6,BID
2020-10-30 10:45:30,HD,264.34,2,ASK
2020-10-30 10:45:33,HD,264.03,6,BID
2020-10-30 10:45:33,HD,264.34,4,ASK
2020-10-30 10:45:34,HD,264.26,1,BID
2020-10-30 10:45:34,HD,264.61,3,ASK
2020-10-30 10:45:35,HD,264.18,1,BID
2020-10-30 10:45:35,HD,264.61,2,ASK
2020-10-30 10:45:36,HD,264.19,1,BID
2020-10-30 10:45:35,HD,264.61,2,ASK
2020-10-30 10:45:37,HD,264.27,1,BID
2020-10-30 10:45:37,HD,264.61,3,ASK
2020-10-30 10:45:38,HD,264.27,2,BID
2020-10-30 10:45:38,HD,264.61,6,ASK
2020-10-30 10:45:40,HD,264.28,1,BID
2020-10-30 10:45:40,HD,264.61,6,ASK
2020-10-30 10:45:41,HD,264.28,1,BID
2020-10-30 10:45:41,HD,264.61,6,ASK
2020-10-30 10:45:41,HD,264.28,1,BID
2020-10-30 10:45:41,HD,264.61,6,ASK
2020-10-30 10:45:41,HD,264.28,1,BID
2020-10-30 10:45:41,HD,264.61,6,ASK
2020-10-30 10:45:41,HD,264.28,1,BID
2020-10-30 10:45:41,HD,264.61,6,ASK
2020-10-30 10:45:45,HD,264.28,1,BID
2020-10-30 10:45:45,HD,264.44,5,ASK
2020-10-30 10:45:46,HD,264.28,1,BID
2020-10-30 10:45:46,HD,264.44,5,ASK
2020-10-30 10:45:46,HD,264.36,1,BID
2020-10-30 10:45:46,HD,264.57,2,ASK
2020-10-30 10:45:46,HD,264.39,1,BID
2020-10-30 10:45:46,HD,264.57,2,ASK
2020-10-30 10:45:47,HD,264.39,1,BID
2020-10-30 10:45:47,HD,264.69,1,ASK
2020-10-30 10:45:48,HD,264.36,1,BID
2020-10-30 10:45:48,HD,264.69,1,ASK
2020-10-30 10:45:48,HD,264.36,1,BID
2020-10-30 10:45:48,HD,264.69,1,ASK
2020-10-30 10:45:50,HD,264.39,2,BID
2020-10-30 10:45:50,HD,264.69,1,ASK
2020-10-30 10:45:52,HD,264.39,2,BID
2020-10-30 10:45:52,HD,264.69,1,ASK
2020-10-30 10:45:52,HD,264.39,2,BID
2020-10-30 10:45:52,HD,264.69,1,ASK
2020-10-30 10:45:56,HD,264.39,2,BID
2020-10-30 10:45:56,HD,264.69,1,ASK
2020-10-30 10:45:58,HD,264.37,1,BID
2020-10-30 10:45:58,HD,264.69,1,ASK
2020-10-30 10:45:58,HD,264.37,1,BID
2020-10-30 10:45:58,HD,264.69,1,ASK
2020-10-30 10:46:00,HD,264.31,2,BID
2020-10-30 10:46:00,HD,264.61,1,ASK
2020-10-30 10:46:01,HD,264.31,3,BID
2020-10-30 10:46:01,HD,264.61,1,ASK
2020-10-30 10:46:02,HD,264.31,3,BID
2020-10-30 10:46:02,HD,264.61,1,ASK
2020-10-30 10:46:03,HD,264.39,2,BID
2020-10-30 10:46:03,HD,264.62,1,ASK
2020-10-30 10:46:03,HD,264.39,2,BID
2020-10-30 10:46:03,HD,264.62,1,ASK
2020-10-30 10:46:05,HD,264.31,3,BID
2020-10-30 10:46:04,HD,264.61,3,ASK
2020-10-30 10:46:07,HD,264.39,1,BID
2020-10-30 10:46:04,HD,264.61,3,ASK
2020-10-30 10:46:08,HD,264.31,3,BID
2020-10-30 10:46:08,HD,264.61,2,ASK
2020-10-30 10:46:08,HD,264.31,3,BID
2020-10-30 10:46:09,HD,264.61,2,ASK
2020-10-30 10:46:08,HD,264.31,3,BID
2020-10-30 10:46:09,HD,264.61,2,ASK
2020-10-30 10:46:10,HD,264.32,1,BID
2020-10-30 10:46:10,HD,264.61,2,ASK
2020-10-30 10:46:11,HD,264.32,1,BID
2020-10-30 10:46:11,HD,264.61,2,ASK
2020-10-30 10:46:12,HD,264.32,1,BID
2020-10-30 10:46:12,HD,264.61,2,ASK
2020-10-30 10:46:13,HD,264.32,1,BID
2020-10-30 10:46:13,HD,264.61,2,ASK
2020-10-30 10:46:14,HD,264.32,1,BID
2020-10-30 10:46:14,HD,264.61,3,ASK
2020-10-30 10:46:15,HD,264.39,1,BID
2020-10-30 10:46:15,HD,264.65,1,ASK
2020-10-30 10:46:15,HD,264.39,1,BID
2020-10-30 10:46:15,HD,264.65,1,ASK
2020-10-30 10:46:15,HD,264.39,1,BID
2020-10-30 10:46:15,HD,264.65,1,ASK
2020-10-30 10:46:15,HD,264.39,1,BID
2020-10-30 10:46:15,HD,264.65,1,ASK
2020-10-30 10:46:18,HD,264.39,1,BID
2020-10-30 10:46:18,HD,264.56,1,ASK
2020-10-30 10:46:19,HD,264.28,6,BID
2020-10-30 10:46:19,HD,264.46,2,ASK
2020-10-30 10:46:19,HD,264.05,2,BID
2020-10-30 10:46:19,HD,264.45,1,ASK
2020-10-30 10:46:19,HD,264.05,2,BID
2020-10-30 10:46:19,HD,264.42,1,ASK
2020-10-30 10:46:19,HD,264.05,2,BID
2020-10-30 10:46:19,HD,264.42,1,ASK
2020-10-30 10:46:19,HD,264.05,2,BID
2020-10-30 10:46:19,HD,264.42,1,ASK
2020-10-30 10:46:21,HD,264.06,3,BID
2020-10-30 10:46:21,HD,264.43,5,ASK
2020-10-30 10:46:21,HD,264.06,3,BID
2020-10-30 10:46:21,HD,264.43,5,ASK
2020-10-30 10:46:23,HD,264.06,3,BID
2020-10-30 10:46:21,HD,264.43,5,ASK
2020-10-30 10:46:23,HD,264.06,3,BID
2020-10-30 10:46:21,HD,264.43,5,ASK
2020-10-30 10:46:23,HD,264.06,3,BID
2020-10-30 10:46:21,HD,264.43,5,ASK
2020-10-30 10:46:23,HD,264.06,3,BID
2020-10-30 10:46:21,HD,264.43,5,ASK
2020-10-30 10:46:23,HD,264.06,3,BID
2020-10-30 10:46:21,HD,264.43,5,ASK
2020-10-30 10:46:23,HD,264.06,3,BID
2020-10-30 10:46:21,HD,264.43,5,ASK
2020-10-30 10:46:28,HD,264.06,2,BID
2020-10-30 10:46:21,HD,264.43,5,ASK
2020-10-30 10:46:29,HD,264.06,2,BID
2020-10-30 10:46:21,HD,264.43,6,ASK
2020-10-30 10:46:30,HD,264.07,1,BID
2020-10-30 10:46:30,HD,264.43,6,ASK
2020-10-30 10:46:31,HD,264.07,1,BID
2020-10-30 10:46:31,HD,264.43,6,ASK
2020-10-30 10:46:31,HD,264.07,2,BID
2020-10-30 10:46:31,HD,264.43,6,ASK
2020-10-30 10:46:31,HD,264.07,2,BID
2020-10-30 10:46:31,HD,264.43,6,ASK
2020-10-30 10:46:34,HD,264.07,2,BID
2020-10-30 10:46:34,HD,264.43,6,ASK
2020-10-30 10:46:34,HD,264.07,2,BID
2020-10-30 10:46:34,HD,264.43,6,ASK
2020-10-30 10:46:36,HD,264.07,1,BID
2020-10-30 10:46:36,HD,264.43,8,ASK
2020-10-30 10:46:38,HD,264.07,1,BID
2020-10-30 10:46:38,HD,264.43,8,ASK
2020-10-30 10:46:38,HD,264.07,1,BID
2020-10-30 10:46:38,HD,264.43,6,ASK
2020-10-30 10:46:40,HD,264.07,2,BID
2020-10-30 10:46:40,HD,264.42,3,ASK
2020-10-30 10:46:41,HD,264.03,5,BID
2020-10-30 10:46:41,HD,264.4,2,ASK
2020-10-30 10:46:41,HD,264.03,5,BID
2020-10-30 10:46:41,HD,264.4,2,ASK
2020-10-30 10:46:43,HD,264.03,9,BID
2020-10-30 10:46:43,HD,264.4,2,ASK
2020-10-30 10:46:44,HD,264.03,9,BID
2020-10-30 10:46:44,HD,264.4,5,ASK
2020-10-30 10:46:44,HD,264.03,9,BID
2020-10-30 10:46:44,HD,264.39,2,ASK
2020-10-30 10:46:44,HD,264.03,10,BID
2020-10-30 10:46:46,HD,264.38,2,ASK
2020-10-30 10:46:44,HD,264.03,10,BID
2020-10-30 10:46:46,HD,264.38,2,ASK
2020-10-30 10:46:44,HD,264.03,10,BID
2020-10-30 10:46:48,HD,264.37,4,ASK
2020-10-30 10:46:49,HD,264.06,1,BID
2020-10-30 10:46:49,HD,264.37,4,ASK
2020-10-30 10:46:44,HD,264.03,10,BID
2020-10-30 10:46:50,HD,264.37,5,ASK
2020-10-30 10:46:51,HD,264.04,2,BID
2020-10-30 10:46:51,HD,264.36,1,ASK
2020-10-30 10:46:51,HD,264.04,2,BID
2020-10-30 10:46:51,HD,264.36,1,ASK
2020-10-30 10:46:51,HD,264.04,2,BID
2020-10-30 10:46:51,HD,264.36,1,ASK
2020-10-30 10:46:51,HD,264.04,2,BID
2020-10-30 10:46:51,HD,264.36,1,ASK
2020-10-30 10:46:51,HD,264.04,2,BID
2020-10-30 10:46:51,HD,264.36,1,ASK
2020-10-30 10:46:51,HD,264.04,2,BID
2020-10-30 10:46:51,HD,264.36,1,ASK
2020-10-30 10:46:51,HD,264.04,2,BID
2020-10-30 10:46:51,HD,264.36,1,ASK
2020-10-30 10:46:51,HD,264.04,2,BID
2020-10-30 10:46:51,HD,264.36,1,ASK
2020-10-30 10:46:51,HD,264.04,2,BID
2020-10-30 10:46:51,HD,264.36,1,ASK
2020-10-30 10:46:51,HD,264.04,2,BID
2020-10-30 10:46:51,HD,264.36,1,ASK
2020-10-30 10:46:51,HD,264.04,2,BID
2020-10-30 10:46:51,HD,264.36,1,ASK
2020-10-30 10:46:51,HD,264.04,2,BID
2020-10-30 10:46:51,HD,264.36,1,ASK
2020-10-30 10:46:51,HD,264.04,2,BID
2020-10-30 10:46:51,HD,264.36,1,ASK
2020-10-30 10:46:51,HD,264.04,2,BID
2020-10-30 10:46:51,HD,264.36,1,ASK
2020-10-30 10:46:51,HD,264.04,2,BID
2020-10-30 10:46:51,HD,264.36,1,ASK
2020-10-30 10:46:51,HD,264.04,2,BID
2020-10-30 10:46:51,HD,264.36,1,ASK
2020-10-30 10:46:51,HD,264.04,2,BID
2020-10-30 10:46:51,HD,264.36,1,ASK
2020-10-30 10:46:51,HD,264.04,2,BID
2020-10-30 10:46:51,HD,264.36,1,ASK
2020-10-30 10:46:51,HD,264.04,2,BID
2020-10-30 10:46:51,HD,264.36,1,ASK
2020-10-30 10:46:51,HD,264.04,2,BID
2020-10-30 10:46:51,HD,264.36,1,ASK
2020-10-30 10:46:51,HD,264.04,2,BID
2020-10-30 10:46:51,HD,264.36,1,ASK
2020-10-30 10:46:51,HD,264.04,2,BID
2020-10-30 10:46:51,HD,264.36,1,ASK
2020-10-30 10:46:51,HD,264.04,2,BID
2020-10-30 10:46:51,HD,264.36,1,ASK
2020-10-30 10:46:51,HD,264.04,2,BID
2020-10-30 10:46:51,HD,264.36,1,ASK
2020-10-30 10:46:51,HD,264.04,2,BID
2020-10-30 10:46:51,HD,264.36,1,ASK
2020-10-30 10:46:51,HD,264.04,2,BID
2020-10-30 10:46:51,HD,264.36,1,ASK
2020-10-30 10:46:51,HD,264.04,2,BID
2020-10-30 10:46:51,HD,264.36,1,ASK
2020-10-30 10:46:57,HD,264.1,1,BID
2020-10-30 10:46:57,HD,264.3,1,ASK
2020-10-30 10:46:59,HD,264.1,1,BID
2020-10-30 10:46:59,HD,264.3,1,ASK
2020-10-30 10:47:00,HD,264.1,1,BID
2020-10-30 10:47:00,HD,264.3,1,ASK
2020-10-30 10:47:02,HD,264.1,1,BID
2020-10-30 10:47:02,HD,264.25,1,ASK
2020-10-30 10:47:02,HD,264.1,1,BID
2020-10-30 10:47:02,HD,264.25,1,ASK
2020-10-30 10:47:02,HD,264.01,2,BID
2020-10-30 10:47:02,HD,264.25,1,ASK
2020-10-30 10:47:02,HD,264.1,2,BID
2020-10-30 10:47:02,HD,264.25,1,ASK
2020-10-30 10:47:02,HD,264.1,2,BID
2020-10-30 10:47:02,HD,264.25,1,ASK
2020-10-30 10:47:02,HD,264.1,2,BID
2020-10-30 10:47:02,HD,264.25,1,ASK
2020-10-30 10:47:02,HD,264.1,2,BID
2020-10-30 10:47:02,HD,264.25,1,ASK
2020-10-30 10:47:02,HD,264.1,2,BID
2020-10-30 10:47:02,HD,264.25,1,ASK
2020-10-30 10:47:07,HD,264.02,1,BID
2020-10-30 10:47:07,HD,264.16,1,ASK
2020-10-30 10:47:07,HD,263.93,1,BID
2020-10-30 10:47:07,HD,264.1,2,ASK
2020-10-30 10:47:07,HD,263.93,2,BID
2020-10-30 10:47:07,HD,264.1,2,ASK
2020-10-30 10:47:07,HD,263.93,2,BID
2020-10-30 10:47:07,HD,264.1,2,ASK
2020-10-30 10:47:07,HD,263.93,2,BID
2020-10-30 10:47:08,HD,264.1,1,ASK
2020-10-30 10:47:07,HD,263.93,2,BID
2020-10-30 10:47:08,HD,264.1,1,ASK
2020-10-30 10:47:07,HD,263.93,2,BID
2020-10-30 10:47:08,HD,264.1,1,ASK
2020-10-30 10:47:08,HD,263.94,1,BID
2020-10-30 10:47:08,HD,264.1,2,ASK
2020-10-30 10:47:08,HD,263.94,1,BID
2020-10-30 10:47:08,HD,264.1,2,ASK
2020-10-30 10:47:08,HD,263.94,1,BID
2020-10-30 10:47:08,HD,264.1,2,ASK
2020-10-30 10:47:08,HD,263.94,1,BID
2020-10-30 10:47:08,HD,264.1,2,ASK
2020-10-30 10:47:08,HD,263.94,1,BID
2020-10-30 10:47:08,HD,264.1,2,ASK
2020-10-30 10:47:10,HD,263.95,1,BID
2020-10-30 10:47:08,HD,264.1,3,ASK
2020-10-30 10:47:10,HD,263.9,3,BID
2020-10-30 10:47:10,HD,264.0,1,ASK
2020-10-30 10:47:10,HD,263.9,3,BID
2020-10-30 10:47:10,HD,264.0,1,ASK
2020-10-30 10:47:13,HD,263.93,1,BID
2020-10-30 10:47:13,HD,264.0,2,ASK
2020-10-30 10:47:13,HD,263.93,1,BID
2020-10-30 10:47:13,HD,264.0,2,ASK
2020-10-30 10:47:14,HD,263.88,2,BID
2020-10-30 10:47:14,HD,264.0,2,ASK
2020-10-30 10:47:16,HD,263.82,1,BID
2020-10-30 10:47:16,HD,263.91,1,ASK
2020-10-30 10:47:18,HD,263.75,3,BID
2020-10-30 10:47:18,HD,263.9,1,ASK
2020-10-30 10:47:20,HD,263.78,1,BID
2020-10-30 10:47:20,HD,264.0,2,ASK
2020-10-30 10:47:21,HD,263.76,2,BID
2020-10-30 10:47:21,HD,264.0,2,ASK
2020-10-30 10:47:21,HD,263.76,2,BID
2020-10-30 10:47:22,HD,264.0,2,ASK
2020-10-30 10:47:23,HD,263.76,2,BID
2020-10-30 10:47:23,HD,264.0,2,ASK
2020-10-30 10:47:23,HD,263.76,2,BID
2020-10-30 10:47:23,HD,264.0,2,ASK
2020-10-30 10:47:23,HD,263.76,2,BID
2020-10-30 10:47:23,HD,264.0,2,ASK
2020-10-30 10:47:24,HD,263.78,1,BID
2020-10-30 10:47:24,HD,264.0,2,ASK
2020-10-30 10:47:25,HD,263.83,1,BID
2020-10-30 10:47:25,HD,264.0,2,ASK
2020-10-30 10:47:25,HD,263.83,1,BID
2020-10-30 10:47:25,HD,264.0,2,ASK
2020-10-30 10:47:25,HD,263.83,1,BID
2020-10-30 10:47:25,HD,264.0,2,ASK
2020-10-30 10:47:25,HD,263.83,1,BID
2020-10-30 10:47:25,HD,264.0,2,ASK
2020-10-30 10:47:30,HD,263.83,1,BID
2020-10-30 10:47:30,HD,264.0,2,ASK
2020-10-30 10:47:30,HD,263.83,1,BID
2020-10-30 10:47:30,HD,264.0,2,ASK
2020-10-30 10:47:33,HD,263.77,1,BID
2020-10-30 10:47:33,HD,263.97,1,ASK
2020-10-30 10:47:34,HD,263.78,1,BID
2020-10-30 10:47:34,HD,264.0,2,ASK
2020-10-30 10:47:35,HD,263.77,1,BID
2020-10-30 10:47:35,HD,264.0,2,ASK
2020-10-30 10:47:35,HD,263.77,1,BID
2020-10-30 10:47:35,HD,264.0,2,ASK
2020-10-30 10:47:37,HD,263.68,1,BID
2020-10-30 10:47:37,HD,263.89,1,ASK
2020-10-30 10:47:38,HD,263.61,1,BID
2020-10-30 10:47:38,HD,263.91,1,ASK
2020-10-30 10:47:39,HD,263.67,1,BID
2020-10-30 10:47:39,HD,263.99,4,ASK
2020-10-30 10:47:40,HD,263.68,1,BID
2020-10-30 10:47:40,HD,263.99,4,ASK
2020-10-30 10:47:40,HD,263.67,1,BID
2020-10-30 10:47:39,HD,263.99,4,ASK
2020-10-30 10:47:40,HD,263.67,1,BID
2020-10-30 10:47:39,HD,263.99,4,ASK
2020-10-30 10:47:41,HD,263.67,2,BID
2020-10-30 10:47:39,HD,263.99,4,ASK
2020-10-30 10:47:41,HD,263.67,2,BID
2020-10-30 10:47:39,HD,263.99,4,ASK
2020-10-30 10:47:41,HD,263.67,2,BID
2020-10-30 10:47:39,HD,263.99,4,ASK
2020-10-30 10:47:45,HD,263.68,1,BID
2020-10-30 10:47:39,HD,263.99,4,ASK
2020-10-30 10:47:46,HD,263.65,1,BID
2020-10-30 10:47:46,HD,263.96,1,ASK
2020-10-30 10:47:47,HD,263.69,1,BID
2020-10-30 10:47:47,HD,263.96,2,ASK
2020-10-30 10:47:48,HD,263.63,2,BID
2020-10-30 10:47:48,HD,263.96,2,ASK
2020-10-30 10:47:48,HD,263.63,2,BID
2020-10-30 10:47:48,HD,263.96,2,ASK
2020-10-30 10:47:50,HD,263.63,2,BID
2020-10-30 10:47:50,HD,263.96,2,ASK
2020-10-30 10:47:51,HD,263.63,2,BID
2020-10-30 10:47:51,HD,263.96,2,ASK
2020-10-30 10:47:52,HD,263.63,2,BID
2020-10-30 10:47:52,HD,263.95,1,ASK
2020-10-30 10:47:52,HD,263.64,1,BID
2020-10-30 10:47:52,HD,263.82,1,ASK
2020-10-30 10:47:52,HD,263.64,1,BID
2020-10-30 10:47:52,HD,263.82,1,ASK
2020-10-30 10:47:53,HD,263.64,2,BID
2020-10-30 10:47:53,HD,263.82,1,ASK
2020-10-30 10:47:53,HD,263.64,2,BID
2020-10-30 10:47:53,HD,263.82,1,ASK
2020-10-30 10:47:53,HD,263.64,2,BID
2020-10-30 10:47:53,HD,263.82,1,ASK
2020-10-30 10:47:56,HD,263.64,2,BID
2020-10-30 10:47:56,HD,263.82,1,ASK
2020-10-30 10:47:58,HD,263.55,1,BID
2020-10-30 10:47:58,HD,263.72,2,ASK
2020-10-30 10:47:58,HD,263.54,3,BID
2020-10-30 10:47:58,HD,263.72,2,ASK
2020-10-30 10:47:59,HD,263.5,2,BID
2020-10-30 10:47:59,HD,263.71,3,ASK
2020-10-30 10:48:00,HD,263.5,2,BID
2020-10-30 10:48:00,HD,263.71,1,ASK
2020-10-30 10:48:00,HD,263.5,2,BID
2020-10-30 10:48:00,HD,263.71,1,ASK
2020-10-30 10:48:01,HD,263.4,1,BID
2020-10-30 10:48:01,HD,263.61,1,ASK
2020-10-30 10:48:02,HD,263.43,1,BID
2020-10-30 10:48:02,HD,263.74,1,ASK
2020-10-30 10:48:03,HD,263.43,1,BID
2020-10-30 10:48:03,HD,263.74,1,ASK
2020-10-30 10:48:04,HD,263.44,1,BID
2020-10-30 10:48:04,HD,263.74,1,ASK
2020-10-30 10:48:06,HD,263.44,1,BID
2020-10-30 10:48:06,HD,263.74,1,ASK
2020-10-30 10:48:06,HD,263.48,1,BID
2020-10-30 10:48:06,HD,263.74,1,ASK
2020-10-30 10:48:09,HD,263.54,2,BID
2020-10-30 10:48:09,HD,263.77,1,ASK
2020-10-30 10:48:09,HD,263.54,2,BID
2020-10-30 10:48:09,HD,263.79,1,ASK
2020-10-30 10:48:10,HD,263.55,1,BID
2020-10-30 10:48:10,HD,263.79,1,ASK
2020-10-30 10:48:11,HD,263.55,2,BID
2020-10-30 10:48:11,HD,263.79,1,ASK
2020-10-30 10:48:11,HD,263.55,2,BID
2020-10-30 10:48:12,HD,263.79,1,ASK
2020-10-30 10:48:11,HD,263.55,2,BID
2020-10-30 10:48:12,HD,263.79,1,ASK
2020-10-30 10:48:15,HD,263.79,1,BID
2020-10-30 10:48:15,HD,263.99,6,ASK
2020-10-30 10:48:16,HD,263.6,2,BID
2020-10-30 10:48:16,HD,263.95,1,ASK
2020-10-30 10:48:16,HD,263.6,2,BID
2020-10-30 10:48:16,HD,263.95,1,ASK
2020-10-30 10:48:19,HD,263.61,3,BID
2020-10-30 10:48:19,HD,263.95,1,ASK
2020-10-30 10:48:19,HD,263.61,3,BID
2020-10-30 10:48:20,HD,263.95,1,ASK
2020-10-30 10:48:19,HD,263.61,3,BID
2020-10-30 10:48:20,HD,263.95,1,ASK
2020-10-30 10:48:22,HD,263.62,2,BID
2020-10-30 10:48:22,HD,263.95,1,ASK
2020-10-30 10:48:23,HD,263.62,4,BID
2020-10-30 10:48:23,HD,263.95,2,ASK
2020-10-30 10:48:24,HD,263.63,2,BID
2020-10-30 10:48:24,HD,263.94,3,ASK
2020-10-30 10:48:25,HD,263.62,4,BID
2020-10-30 10:48:25,HD,263.94,3,ASK
2020-10-30 10:48:26,HD,263.63,2,BID
2020-10-30 10:48:26,HD,263.94,3,ASK
2020-10-30 10:48:27,HD,263.62,4,BID
2020-10-30 10:48:27,HD,263.94,3,ASK
2020-10-30 10:48:30,HD,263.63,1,BID
2020-10-30 10:48:30,HD,263.94,3,ASK
2020-10-30 10:48:30,HD,263.63,2,BID
2020-10-30 10:48:30,HD,263.94,3,ASK
2020-10-30 10:48:32,HD,263.68,1,BID
2020-10-30 10:48:32,HD,263.94,3,ASK
2020-10-30 10:48:34,HD,263.68,3,BID
2020-10-30 10:48:34,HD,263.94,3,ASK
2020-10-30 10:48:34,HD,263.68,3,BID
2020-10-30 10:48:34,HD,263.94,3,ASK
2020-10-30 10:48:34,HD,263.68,3,BID
2020-10-30 10:48:34,HD,263.94,3,ASK
2020-10-30 10:48:39,HD,263.75,1,BID
2020-10-30 10:48:39,HD,263.94,3,ASK
2020-10-30 10:48:39,HD,263.75,1,BID
2020-10-30 10:48:39,HD,263.94,3,ASK
2020-10-30 10:48:42,HD,263.75,2,BID
2020-10-30 10:48:42,HD,263.94,3,ASK
2020-10-30 10:48:42,HD,263.75,2,BID
2020-10-30 10:48:42,HD,263.94,3,ASK
2020-10-30 10:48:42,HD,263.75,2,BID
2020-10-30 10:48:42,HD,263.94,3,ASK
2020-10-30 10:48:42,HD,263.75,2,BID
2020-10-30 10:48:42,HD,263.94,3,ASK
2020-10-30 10:48:39,HD,263.75,2,BID
2020-10-30 10:48:42,HD,263.94,3,ASK
2020-10-30 10:48:39,HD,263.75,2,BID
2020-10-30 10:48:42,HD,263.94,3,ASK
2020-10-30 10:48:39,HD,263.75,2,BID
2020-10-30 10:48:42,HD,263.94,3,ASK
2020-10-30 10:48:52,HD,263.76,2,BID
2020-10-30 10:48:52,HD,263.94,3,ASK
2020-10-30 10:48:52,HD,263.76,3,BID
2020-10-30 10:48:53,HD,263.94,3,ASK
2020-10-30 10:48:52,HD,263.76,3,BID
2020-10-30 10:48:53,HD,263.94,3,ASK
2020-10-30 10:48:56,HD,263.77,1,BID
2020-10-30 10:48:56,HD,263.94,3,ASK
2020-10-30 10:48:58,HD,263.64,1,BID
2020-10-30 10:48:58,HD,263.92,1,ASK
2020-10-30 10:48:58,HD,263.64,1,BID
2020-10-30 10:48:57,HD,263.93,2,ASK
2020-10-30 10:49:00,HD,263.64,1,BID
2020-10-30 10:48:57,HD,263.93,2,ASK
2020-10-30 10:49:01,HD,263.68,1,BID
2020-10-30 10:49:01,HD,263.92,1,ASK
2020-10-30 10:49:01,HD,263.68,1,BID
2020-10-30 10:49:01,HD,263.93,3,ASK
2020-10-30 10:49:01,HD,263.68,1,BID
2020-10-30 10:49:01,HD,263.93,3,ASK
2020-10-30 10:49:01,HD,263.68,1,BID
2020-10-30 10:49:01,HD,263.93,3,ASK
2020-10-30 10:49:01,HD,263.68,1,BID
2020-10-30 10:49:01,HD,263.93,3,ASK
2020-10-30 10:49:01,HD,263.68,1,BID
2020-10-30 10:49:01,HD,263.93,3,ASK
2020-10-30 10:49:01,HD,263.68,1,BID
2020-10-30 10:49:01,HD,263.93,3,ASK
2020-10-30 10:49:01,HD,263.68,1,BID
2020-10-30 10:49:01,HD,263.93,3,ASK
2020-10-30 10:49:01,HD,263.68,1,BID
2020-10-30 10:49:01,HD,263.93,3,ASK
2020-10-30 10:49:01,HD,263.68,1,BID
2020-10-30 10:49:01,HD,263.93,3,ASK
2020-10-30 10:49:01,HD,263.68,1,BID
2020-10-30 10:49:01,HD,263.93,3,ASK
2020-10-30 10:49:01,HD,263.68,1,BID
2020-10-30 10:49:01,HD,263.93,3,ASK
2020-10-30 10:49:01,HD,263.68,1,BID
2020-10-30 10:49:01,HD,263.93,3,ASK
2020-10-30 10:49:01,HD,263.68,1,BID
2020-10-30 10:49:01,HD,263.93,3,ASK
2020-10-30 10:49:01,HD,263.68,1,BID
2020-10-30 10:49:01,HD,263.93,3,ASK
2020-10-30 10:49:01,HD,263.68,1,BID
2020-10-30 10:49:01,HD,263.93,3,ASK
2020-10-30 10:49:01,HD,263.68,1,BID
2020-10-30 10:49:01,HD,263.93,3,ASK
2020-10-30 10:49:01,HD,263.68,1,BID
2020-10-30 10:49:01,HD,263.93,3,ASK
2020-10-30 10:49:01,HD,263.68,1,BID
2020-10-30 10:49:01,HD,263.93,3,ASK
2020-10-30 10:49:01,HD,263.68,1,BID
2020-10-30 10:49:01,HD,263.93,3,ASK
2020-10-30 10:49:01,HD,263.68,1,BID
2020-10-30 10:49:01,HD,263.93,3,ASK
2020-10-30 10:49:01,HD,263.68,1,BID
2020-10-30 10:49:01,HD,263.93,3,ASK
2020-10-30 10:49:01,HD,263.68,1,BID
2020-10-30 10:49:01,HD,263.93,3,ASK
2020-10-30 10:49:01,HD,263.68,1,BID
2020-10-30 10:49:01,HD,263.93,3,ASK
2020-10-30 10:49:01,HD,263.68,1,BID
2020-10-30 10:49:01,HD,263.93,3,ASK
2020-10-30 10:49:01,HD,263.68,1,BID
2020-10-30 10:49:01,HD,263.93,3,ASK
2020-10-30 10:49:01,HD,263.68,1,BID
2020-10-30 10:49:01,HD,263.93,3,ASK
2020-10-30 10:49:08,HD,263.73,1,BID
2020-10-30 10:49:08,HD,263.91,1,ASK
2020-10-30 10:49:09,HD,263.76,1,BID
2020-10-30 10:49:09,HD,263.91,1,ASK
2020-10-30 10:49:11,HD,263.76,1,BID
2020-10-30 10:49:11,HD,263.91,1,ASK
2020-10-30 10:49:12,HD,263.77,1,BID
2020-10-30 10:49:12,HD,263.91,1,ASK
2020-10-30 10:49:13,HD,263.71,1,BID
2020-10-30 10:49:13,HD,264.0,3,ASK
2020-10-30 10:49:14,HD,263.76,1,BID
2020-10-30 10:49:14,HD,263.96,1,ASK
2020-10-30 10:49:15,HD,263.76,2,BID
2020-10-30 10:49:15,HD,263.96,1,ASK
2020-10-30 10:49:15,HD,263.76,2,BID
2020-10-30 10:49:15,HD,263.95,1,ASK
2020-10-30 10:49:15,HD,263.76,2,BID
2020-10-30 10:49:15,HD,263.95,1,ASK
2020-10-30 10:49:18,HD,263.8,1,BID
2020-10-30 10:49:18,HD,264.0,3,ASK
2020-10-30 10:49:19,HD,263.8,1,BID
2020-10-30 10:49:19,HD,264.0,3,ASK
2020-10-30 10:49:19,HD,263.8,1,BID
2020-10-30 10:49:19,HD,264.0,3,ASK
2020-10-30 10:49:22,HD,263.8,1,BID
2020-10-30 10:49:22,HD,264.14,1,ASK
2020-10-30 10:49:22,HD,263.8,2,BID
2020-10-30 10:49:22,HD,264.1,1,ASK
2020-10-30 10:49:24,HD,263.8,2,BID
2020-10-30 10:49:24,HD,263.94,1,ASK
2020-10-30 10:49:24,HD,263.8,2,BID
2020-10-30 10:49:26,HD,263.94,1,ASK
2020-10-30 10:49:26,HD,263.83,1,BID
2020-10-30 10:49:26,HD,264.01,1,ASK
2020-10-30 10:49:29,HD,263.83,1,BID
2020-10-30 10:49:29,HD,264.01,1,ASK
2020-10-30 10:49:30,HD,263.83,2,BID
2020-10-30 10:49:30,HD,264.14,4,ASK
2020-10-30 10:49:32,HD,263.83,2,BID
2020-10-30 10:49:32,HD,264.14,4,ASK
2020-10-30 10:49:32,HD,263.83,2,BID
2020-10-30 10:49:32,HD,264.14,4,ASK
2020-10-30 10:49:32,HD,263.84,1,BID
2020-10-30 10:49:32,HD,264.13,1,ASK
2020-10-30 10:49:32,HD,263.83,2,BID
2020-10-30 10:49:32,HD,264.14,4,ASK
2020-10-30 10:49:32,HD,263.83,2,BID
2020-10-30 10:49:32,HD,264.14,4,ASK
2020-10-30 10:49:32,HD,263.83,2,BID
2020-10-30 10:49:32,HD,264.14,4,ASK
2020-10-30 10:49:32,HD,263.83,2,BID
2020-10-30 10:49:32,HD,264.14,4,ASK
2020-10-30 10:49:37,HD,263.83,2,BID
2020-10-30 10:49:37,HD,264.13,4,ASK
2020-10-30 10:49:37,HD,263.83,2,BID
2020-10-30 10:49:37,HD,264.13,4,ASK
2020-10-30 10:49:37,HD,263.83,2,BID
2020-10-30 10:49:37,HD,264.13,4,ASK
2020-10-30 10:49:37,HD,263.83,2,BID
2020-10-30 10:49:37,HD,264.13,4,ASK
2020-10-30 10:49:39,HD,263.83,2,BID
2020-10-30 10:49:37,HD,264.13,3,ASK
2020-10-30 10:49:40,HD,263.83,2,BID
2020-10-30 10:49:37,HD,264.13,3,ASK
2020-10-30 10:49:42,HD,263.83,2,BID
2020-10-30 10:49:42,HD,264.13,6,ASK
2020-10-30 10:49:44,HD,263.64,3,BID
2020-10-30 10:49:44,HD,263.95,2,ASK
2020-10-30 10:49:46,HD,263.65,1,BID
2020-10-30 10:49:46,HD,263.96,1,ASK
2020-10-30 10:49:48,HD,263.65,1,BID
2020-10-30 10:49:48,HD,263.96,1,ASK
2020-10-30 10:49:49,HD,263.66,1,BID
2020-10-30 10:49:49,HD,263.96,2,ASK
2020-10-30 10:49:49,HD,263.66,4,BID
2020-10-30 10:49:49,HD,264.02,3,ASK
2020-10-30 10:49:51,HD,263.68,1,BID
2020-10-30 10:49:51,HD,264.03,1,ASK
2020-10-30 10:49:52,HD,263.69,2,BID
2020-10-30 10:49:52,HD,264.03,1,ASK
2020-10-30 10:49:52,HD,263.69,2,BID
2020-10-30 10:49:52,HD,264.03,1,ASK
2020-10-30 10:49:53,HD,263.69,4,BID
2020-10-30 10:49:54,HD,264.03,1,ASK
2020-10-30 10:49:55,HD,263.69,4,BID
2020-10-30 10:49:55,HD,263.91,1,ASK
2020-10-30 10:49:58,HD,263.69,5,BID
2020-10-30 10:49:58,HD,264.01,1,ASK
2020-10-30 10:49:59,HD,263.7,1,BID
2020-10-30 10:49:59,HD,264.01,1,ASK
2020-10-30 10:50:00,HD,263.69,3,BID
2020-10-30 10:50:00,HD,264.01,1,ASK
2020-10-30 10:50:01,HD,263.71,1,BID
2020-10-30 10:50:01,HD,263.93,1,ASK
2020-10-30 10:50:01,HD,263.71,1,BID
2020-10-30 10:50:01,HD,263.93,1,ASK
2020-10-30 10:50:02,HD,263.71,2,BID
2020-10-30 10:50:02,HD,263.93,1,ASK
2020-10-30 10:50:03,HD,263.71,3,BID
2020-10-30 10:50:03,HD,263.93,1,ASK
2020-10-30 10:50:04,HD,263.54,1,BID
2020-10-30 10:50:04,HD,263.81,2,ASK
2020-10-30 10:50:04,HD,263.51,1,BID
2020-10-30 10:50:04,HD,263.71,1,ASK
2020-10-30 10:50:05,HD,263.51,1,BID
2020-10-30 10:50:05,HD,263.71,1,ASK
2020-10-30 10:50:06,HD,263.44,1,BID
2020-10-30 10:50:06,HD,263.7,3,ASK
2020-10-30 10:50:07,HD,263.45,1,BID
2020-10-30 10:50:07,HD,263.62,1,ASK
2020-10-30 10:50:08,HD,263.45,1,BID
2020-10-30 10:50:08,HD,263.62,1,ASK
2020-10-30 10:50:08,HD,263.45,1,BID
2020-10-30 10:50:08,HD,263.62,1,ASK
2020-10-30 10:50:09,HD,263.45,1,BID
2020-10-30 10:50:09,HD,263.69,1,ASK
2020-10-30 10:50:09,HD,263.45,1,BID
2020-10-30 10:50:09,HD,263.69,1,ASK
2020-10-30 10:50:11,HD,263.44,2,BID
2020-10-30 10:50:11,HD,263.53,2,ASK
2020-10-30 10:50:12,HD,263.39,1,BID
2020-10-30 10:50:12,HD,263.53,2,ASK
2020-10-30 10:50:13,HD,263.39,2,BID
2020-10-30 10:50:13,HD,263.53,2,ASK
2020-10-30 10:50:14,HD,263.48,2,BID
2020-10-30 10:50:14,HD,263.66,2,ASK
2020-10-30 10:50:16,HD,263.47,2,BID
2020-10-30 10:50:16,HD,263.66,2,ASK
2020-10-30 10:50:16,HD,263.47,2,BID
2020-10-30 10:50:16,HD,263.66,2,ASK
2020-10-30 10:50:16,HD,263.47,2,BID
2020-10-30 10:50:16,HD,263.66,2,ASK
2020-10-30 10:50:18,HD,263.46,1,BID
2020-10-30 10:50:18,HD,263.65,3,ASK
2020-10-30 10:50:21,HD,263.39,2,BID
2020-10-30 10:50:21,HD,263.53,1,ASK
2020-10-30 10:50:22,HD,263.39,2,BID
2020-10-30 10:50:22,HD,263.53,1,ASK
2020-10-30 10:50:24,HD,263.4,1,BID
2020-10-30 10:50:24,HD,263.53,1,ASK
2020-10-30 10:50:25,HD,263.39,2,BID
2020-10-30 10:50:25,HD,263.53,1,ASK
2020-10-30 10:50:26,HD,263.2,2,BID
2020-10-30 10:50:26,HD,263.42,1,ASK
2020-10-30 10:50:27,HD,262.88,2,BID
2020-10-30 10:50:27,HD,263.23,1,ASK
2020-10-30 10:50:28,HD,262.78,2,BID
2020-10-30 10:50:28,HD,263.06,2,ASK
2020-10-30 10:50:29,HD,262.71,2,BID
2020-10-30 10:50:29,HD,262.87,4,ASK
2020-10-30 10:50:31,HD,262.73,5,BID
2020-10-30 10:50:31,HD,263.1,5,ASK
2020-10-30 10:50:33,HD,262.76,2,BID
2020-10-30 10:50:33,HD,263.1,4,ASK
2020-10-30 10:50:33,HD,262.85,1,BID
2020-10-30 10:50:33,HD,263.1,4,ASK
2020-10-30 10:50:33,HD,262.85,1,BID
2020-10-30 10:50:33,HD,263.1,4,ASK
2020-10-30 10:50:34,HD,262.95,4,BID
2020-10-30 10:50:34,HD,263.24,1,ASK
2020-10-30 10:50:35,HD,262.9,2,BID
2020-10-30 10:50:35,HD,263.22,2,ASK
2020-10-30 10:50:36,HD,262.9,1,BID
2020-10-30 10:50:36,HD,263.22,2,ASK
2020-10-30 10:50:37,HD,262.9,2,BID
2020-10-30 10:50:37,HD,263.2,3,ASK
2020-10-30 10:50:38,HD,262.9,2,BID
2020-10-30 10:50:38,HD,263.2,4,ASK
2020-10-30 10:50:38,HD,262.9,2,BID
2020-10-30 10:50:38,HD,263.2,4,ASK
2020-10-30 10:50:43,HD,262.98,1,BID
2020-10-30 10:50:43,HD,263.2,3,ASK
2020-10-30 10:50:43,HD,262.98,1,BID
2020-10-30 10:50:43,HD,263.2,3,ASK
2020-10-30 10:50:45,HD,262.97,2,BID
2020-10-30 10:50:45,HD,263.16,4,ASK
2020-10-30 10:50:47,HD,262.9,3,BID
2020-10-30 10:50:47,HD,263.11,4,ASK
2020-10-30 10:50:49,HD,262.91,1,BID
2020-10-30 10:50:49,HD,263.12,1,ASK
2020-10-30 10:50:50,HD,262.9,3,BID
2020-10-30 10:50:50,HD,263.12,3,ASK
2020-10-30 10:50:52,HD,262.9,3,BID
2020-10-30 10:50:51,HD,263.12,3,ASK
2020-10-30 10:50:54,HD,262.9,5,BID
2020-10-30 10:50:54,HD,263.12,2,ASK
2020-10-30 10:50:56,HD,262.92,5,BID
2020-10-30 10:50:56,HD,263.12,2,ASK
2020-10-30 10:50:57,HD,262.93,7,BID
2020-10-30 10:50:57,HD,263.21,1,ASK
2020-10-30 10:50:57,HD,262.94,1,BID
2020-10-30 10:50:57,HD,263.21,2,ASK
2020-10-30 10:50:57,HD,262.93,7,BID
2020-10-30 10:50:57,HD,263.21,4,ASK
2020-10-30 10:50:57,HD,262.93,7,BID
2020-10-30 10:50:57,HD,263.21,4,ASK
2020-10-30 10:51:00,HD,262.94,3,BID
2020-10-30 10:50:57,HD,263.21,4,ASK
2020-10-30 10:51:01,HD,262.94,3,BID
2020-10-30 10:50:56,HD,263.22,3,ASK
2020-10-30 10:51:02,HD,263.0,1,BID
2020-10-30 10:51:02,HD,263.25,1,ASK
2020-10-30 10:51:03,HD,263.0,1,BID
2020-10-30 10:51:03,HD,263.27,1,ASK
2020-10-30 10:51:03,HD,263.2,1,BID
2020-10-30 10:51:03,HD,263.34,3,ASK
2020-10-30 10:51:04,HD,263.17,1,BID
2020-10-30 10:51:03,HD,263.34,3,ASK
2020-10-30 10:51:05,HD,263.17,1,BID
2020-10-30 10:51:05,HD,263.31,1,ASK
2020-10-30 10:51:05,HD,263.17,1,BID
2020-10-30 10:51:05,HD,263.3,1,ASK
2020-10-30 10:51:06,HD,263.05,1,BID
2020-10-30 10:51:06,HD,263.26,1,ASK
2020-10-30 10:51:06,HD,263.05,1,BID
2020-10-30 10:51:06,HD,263.26,1,ASK
2020-10-30 10:51:10,HD,263.05,1,BID
2020-10-30 10:51:10,HD,263.26,1,ASK
2020-10-30 10:51:11,HD,263.05,1,BID
2020-10-30 10:51:11,HD,263.26,1,ASK
2020-10-30 10:51:12,HD,263.05,3,BID
2020-10-30 10:51:13,HD,263.26,2,ASK
2020-10-30 10:51:14,HD,263.06,2,BID
2020-10-30 10:51:14,HD,263.26,3,ASK
2020-10-30 10:51:15,HD,263.07,1,BID
2020-10-30 10:51:15,HD,263.25,2,ASK
2020-10-30 10:51:17,HD,263.07,1,BID
2020-10-30 10:51:16,HD,263.25,3,ASK
2020-10-30 10:51:19,HD,263.08,3,BID
2020-10-30 10:51:19,HD,263.26,1,ASK
2020-10-30 10:51:19,HD,263.4,2,BID
2020-10-30 10:51:19,HD,263.53,1,ASK
2020-10-30 10:51:19,HD,263.28,3,BID
2020-10-30 10:51:19,HD,263.48,5,ASK
2020-10-30 10:51:19,HD,263.28,3,BID
2020-10-30 10:51:19,HD,263.48,5,ASK
2020-10-30 10:51:19,HD,263.28,3,BID
2020-10-30 10:51:19,HD,263.48,5,ASK
2020-10-30 10:51:19,HD,263.28,3,BID
2020-10-30 10:51:19,HD,263.48,5,ASK
2020-10-30 10:51:19,HD,263.28,3,BID
2020-10-30 10:51:19,HD,263.48,5,ASK
2020-10-30 10:51:22,HD,263.28,4,BID
2020-10-30 10:51:22,HD,263.48,4,ASK
2020-10-30 10:51:22,HD,263.3,5,BID
2020-10-30 10:51:22,HD,263.62,4,ASK
2020-10-30 10:51:23,HD,263.28,3,BID
2020-10-30 10:51:23,HD,263.62,4,ASK
2020-10-30 10:51:23,HD,263.28,3,BID
2020-10-30 10:51:23,HD,263.62,4,ASK
2020-10-30 10:51:23,HD,263.28,3,BID
2020-10-30 10:51:23,HD,263.62,4,ASK
2020-10-30 10:51:23,HD,263.28,3,BID
2020-10-30 10:51:23,HD,263.62,4,ASK
2020-10-30 10:51:23,HD,263.28,3,BID
2020-10-30 10:51:23,HD,263.62,4,ASK
2020-10-30 10:51:23,HD,263.28,3,BID
2020-10-30 10:51:23,HD,263.62,4,ASK
2020-10-30 10:51:23,HD,263.28,3,BID
2020-10-30 10:51:23,HD,263.62,4,ASK
2020-10-30 10:51:23,HD,263.28,3,BID
2020-10-30 10:51:23,HD,263.62,4,ASK
2020-10-30 10:51:23,HD,263.28,3,BID
2020-10-30 10:51:23,HD,263.62,4,ASK
2020-10-30 10:51:23,HD,263.28,3,BID
2020-10-30 10:51:23,HD,263.62,4,ASK
2020-10-30 10:51:23,HD,263.28,3,BID
2020-10-30 10:51:23,HD,263.62,4,ASK
2020-10-30 10:51:23,HD,263.28,3,BID
2020-10-30 10:51:23,HD,263.62,4,ASK
2020-10-30 10:51:23,HD,263.28,3,BID
2020-10-30 10:51:23,HD,263.62,4,ASK
2020-10-30 10:51:23,HD,263.28,3,BID
2020-10-30 10:51:23,HD,263.62,4,ASK
2020-10-30 10:51:23,HD,263.28,3,BID
2020-10-30 10:51:23,HD,263.62,4,ASK
2020-10-30 10:51:23,HD,263.28,3,BID
2020-10-30 10:51:23,HD,263.62,4,ASK
2020-10-30 10:51:23,HD,263.28,3,BID
2020-10-30 10:51:23,HD,263.62,4,ASK
2020-10-30 10:51:23,HD,263.28,3,BID
2020-10-30 10:51:23,HD,263.62,4,ASK
2020-10-30 10:51:23,HD,263.28,3,BID
2020-10-30 10:51:23,HD,263.62,4,ASK
2020-10-30 10:51:23,HD,263.28,3,BID
2020-10-30 10:51:23,HD,263.62,4,ASK
2020-10-30 10:51:22,HD,263.28,3,BID
2020-10-30 10:51:22,HD,263.62,4,ASK
2020-10-30 10:51:22,HD,263.28,3,BID
2020-10-30 10:51:22,HD,263.62,4,ASK
2020-10-30 10:51:22,HD,263.28,3,BID
2020-10-30 10:51:22,HD,263.62,4,ASK
2020-10-30 10:51:22,HD,263.28,3,BID
2020-10-30 10:51:22,HD,263.62,4,ASK
2020-10-30 10:51:22,HD,263.28,3,BID
2020-10-30 10:51:22,HD,263.62,4,ASK
2020-10-30 10:51:22,HD,263.28,3,BID
2020-10-30 10:51:22,HD,263.62,4,ASK
2020-10-30 10:51:22,HD,263.28,3,BID
2020-10-30 10:51:22,HD,263.62,4,ASK
2020-10-30 10:51:34,HD,263.76,4,BID
2020-10-30 10:51:34,HD,263.98,2,ASK
2020-10-30 10:51:36,HD,263.76,5,BID
2020-10-30 10:51:36,HD,264.06,5,ASK
2020-10-30 10:51:38,HD,263.65,3,BID
2020-10-30 10:51:38,HD,263.9,2,ASK
2020-10-30 10:51:38,HD,263.65,4,BID
2020-10-30 10:51:39,HD,263.89,3,ASK
2020-10-30 10:51:40,HD,263.66,2,BID
2020-10-30 10:51:40,HD,263.89,3,ASK
2020-10-30 10:51:41,HD,263.68,1,BID
2020-10-30 10:51:41,HD,263.9,4,ASK
2020-10-30 10:51:42,HD,263.8,1,BID
2020-10-30 10:51:42,HD,264.0,1,ASK
2020-10-30 10:51:43,HD,264.14,1,BID
2020-10-30 10:51:43,HD,264.33,1,ASK
2020-10-30 10:51:44,HD,263.81,6,BID
2020-10-30 10:51:44,HD,264.45,8,ASK
2020-10-30 10:51:44,HD,263.83,2,BID
2020-10-30 10:51:44,HD,264.44,4,ASK
2020-10-30 10:51:46,HD,263.85,2,BID
2020-10-30 10:51:46,HD,264.44,4,ASK
2020-10-30 10:51:47,HD,263.86,4,BID
