timestamp,ticker,price,volume,bid_ask
2020-10-30 10:31:16,IBM,109.28,4,BID
2020-10-30 10:31:14,IBM,109.36,6,ASK
2020-10-30 10:31:16,IBM,109.28,4,BID
2020-10-30 10:31:14,IBM,109.36,6,ASK
2020-10-30 10:31:16,IBM,109.28,4,BID
2020-10-30 10:31:14,IBM,109.36,6,ASK
2020-10-30 10:31:16,IBM,109.28,4,BID
2020-10-30 10:31:14,IBM,109.36,6,ASK
2020-10-30 10:31:16,IBM,109.28,4,BID
2020-10-30 10:31:14,IBM,109.36,6,ASK
2020-10-30 10:31:16,IBM,109.28,4,BID
2020-10-30 10:31:14,IBM,109.36,6,ASK
2020-10-30 10:31:16,IBM,109.28,5,BID
2020-10-30 10:31:14,IBM,109.36,6,ASK
2020-10-30 10:31:33,IBM,109.28,6,BID
2020-10-30 10:31:14,IBM,109.36,7,ASK
2020-10-30 10:31:33,IBM,109.28,6,BID
2020-10-30 10:31:14,IBM,109.36,7,ASK
2020-10-30 10:31:33,IBM,109.28,6,BID
2020-10-30 10:31:14,IBM,109.36,7,ASK
2020-10-30 10:31:33,IBM,109.28,6,BID
2020-10-30 10:31:14,IBM,109.36,7,ASK
2020-10-30 10:31:37,IBM,109.28,7,BID
2020-10-30 10:31:14,IBM,109.36,7,ASK
2020-10-30 10:31:37,IBM,109.28,7,BID
2020-10-30 10:31:14,IBM,109.36,7,ASK
2020-10-30 10:31:40,IBM,109.26,2,BID
2020-10-30 10:31:40,IBM,109.32,3,ASK
2020-10-30 10:31:41,IBM,109.25,2,BID
2020-10-30 10:31:41,IBM,109.31,3,ASK
2020-10-30 10:31:42,IBM,109.22,1,BID
2020-10-30 10:31:42,IBM,109.31,7,ASK
2020-10-30 10:31:43,IBM,109.22,2,BID
2020-10-30 10:31:42,IBM,109.31,6,ASK
2020-10-30 10:31:43,IBM,109.22,2,BID
2020-10-30 10:31:42,IBM,109.31,6,ASK
2020-10-30 10:31:44,IBM,109.2,5,BID
2020-10-30 10:31:44,IBM,109.25,4,ASK
2020-10-30 10:31:46,IBM,109.2,5,BID
2020-10-30 10:31:44,IBM,109.25,6,ASK
2020-10-30 10:31:46,IBM,109.2,6,BID
2020-10-30 10:31:44,IBM,109.25,6,ASK
2020-10-30 10:31:46,IBM,109.2,6,BID
2020-10-30 10:31:44,IBM,109.25,6,ASK
2020-10-30 10:31:48,IBM,109.2,5,BID
2020-10-30 10:31:48,IBM,109.24,3,ASK
2020-10-30 10:31:49,IBM,109.2,2,BID
2020-10-30 10:31:49,IBM,109.22,2,ASK
2020-10-30 10:31:51,IBM,109.2,3,BID
2020-10-30 10:31:51,IBM,109.23,5,ASK
2020-10-30 10:31:51,IBM,109.21,2,BID
2020-10-30 10:31:51,IBM,109.23,5,ASK
2020-10-30 10:31:51,IBM,109.2,3,BID
2020-10-30 10:31:51,IBM,109.23,5,ASK
2020-10-30 10:31:51,IBM,109.2,3,BID
2020-10-30 10:31:51,IBM,109.23,5,ASK
2020-10-30 10:31:51,IBM,109.2,3,BID
2020-10-30 10:31:51,IBM,109.23,5,ASK
2020-10-30 10:31:51,IBM,109.2,3,BID
2020-10-30 10:31:56,IBM,109.23,6,ASK
2020-10-30 10:31:51,IBM,109.2,3,BID
2020-10-30 10:31:56,IBM,109.23,6,ASK
2020-10-30 10:31:51,IBM,109.2,3,BID
2020-10-30 10:31:56,IBM,109.23,6,ASK
2020-10-30 10:31:58,IBM,109.19,4,BID
2020-10-30 10:31:58,IBM,109.23,7,ASK
2020-10-30 10:32:00,IBM,109.18,2,BID
2020-10-30 10:32:00,IBM,109.22,1,ASK
2020-10-30 10:32:00,IBM,109.18,2,BID
2020-10-30 10:32:00,IBM,109.22,2,ASK
2020-10-30 10:32:00,IBM,109.18,2,BID
2020-10-30 10:32:00,IBM,109.22,2,ASK
2020-10-30 10:32:00,IBM,109.18,2,BID
2020-10-30 10:32:00,IBM,109.22,2,ASK
2020-10-30 10:32:01,IBM,109.18,2,BID
2020-10-30 10:32:01,IBM,109.19,2,ASK
2020-10-30 10:32:01,IBM,109.17,5,BID
2020-10-30 10:32:01,IBM,109.2,7,ASK
2020-10-30 10:32:01,IBM,109.17,5,BID
2020-10-30 10:32:01,IBM,109.2,7,ASK
2020-10-30 10:32:01,IBM,109.17,5,BID
2020-10-30 10:32:01,IBM,109.2,7,ASK
2020-10-30 10:32:01,IBM,109.17,5,BID
2020-10-30 10:32:01,IBM,109.2,7,ASK
2020-10-30 10:32:01,IBM,109.17,5,BID
2020-10-30 10:32:01,IBM,109.2,7,ASK
2020-10-30 10:32:05,IBM,109.17,5,BID
2020-10-30 10:32:05,IBM,109.22,4,ASK
2020-10-30 10:32:05,IBM,109.17,5,BID
2020-10-30 10:32:05,IBM,109.22,4,ASK
2020-10-30 10:32:05,IBM,109.17,5,BID
2020-10-30 10:32:05,IBM,109.22,4,ASK
2020-10-30 10:32:09,IBM,109.2,1,BID
2020-10-30 10:32:09,IBM,109.26,2,ASK
2020-10-30 10:32:09,IBM,109.2,1,BID
2020-10-30 10:32:09,IBM,109.23,1,ASK
2020-10-30 10:32:09,IBM,109.2,1,BID
2020-10-30 10:32:09,IBM,109.23,1,ASK
2020-10-30 10:32:11,IBM,109.21,1,BID
2020-10-30 10:32:11,IBM,109.23,1,ASK
2020-10-30 10:32:12,IBM,109.21,1,BID
2020-10-30 10:32:12,IBM,109.26,2,ASK
2020-10-30 10:32:13,IBM,109.21,1,BID
2020-10-30 10:32:13,IBM,109.24,1,ASK
2020-10-30 10:32:15,IBM,109.29,4,BID
2020-10-30 10:32:15,IBM,109.34,1,ASK
2020-10-30 10:32:15,IBM,109.3,2,BID
2020-10-30 10:32:15,IBM,109.35,3,ASK
2020-10-30 10:32:17,IBM,109.3,2,BID
2020-10-30 10:32:17,IBM,109.33,7,ASK
2020-10-30 10:32:19,IBM,109.17,8,BID
2020-10-30 10:32:19,IBM,109.25,2,ASK
2020-10-30 10:32:19,IBM,109.17,5,BID
2020-10-30 10:32:19,IBM,109.25,2,ASK
2020-10-30 10:32:19,IBM,109.17,5,BID
2020-10-30 10:32:19,IBM,109.21,7,ASK
2020-10-30 10:32:19,IBM,109.17,5,BID
2020-10-30 10:32:19,IBM,109.21,7,ASK
2020-10-30 10:32:20,IBM,109.17,5,BID
2020-10-30 10:32:20,IBM,109.21,8,ASK
2020-10-30 10:32:21,IBM,109.17,6,BID
2020-10-30 10:32:21,IBM,109.21,10,ASK
2020-10-30 10:32:21,IBM,109.17,6,BID
2020-10-30 10:32:21,IBM,109.21,10,ASK
2020-10-30 10:32:22,IBM,109.17,5,BID
2020-10-30 10:32:22,IBM,109.21,10,ASK
2020-10-30 10:32:22,IBM,109.17,5,BID
2020-10-30 10:32:22,IBM,109.21,10,ASK
2020-10-30 10:32:22,IBM,109.17,5,BID
2020-10-30 10:32:22,IBM,109.21,10,ASK
2020-10-30 10:32:24,IBM,109.13,4,BID
2020-10-30 10:32:24,IBM,109.2,9,ASK
2020-10-30 10:32:24,IBM,109.1,4,BID
2020-10-30 10:32:24,IBM,109.16,2,ASK
2020-10-30 10:32:24,IBM,109.1,4,BID
2020-10-30 10:32:24,IBM,109.16,2,ASK
2020-10-30 10:32:24,IBM,109.1,4,BID
2020-10-30 10:32:24,IBM,109.16,2,ASK
2020-10-30 10:32:25,IBM,109.1,4,BID
2020-10-30 10:32:25,IBM,109.16,4,ASK
2020-10-30 10:32:25,IBM,109.1,4,BID
2020-10-30 10:32:25,IBM,109.16,4,ASK
2020-10-30 10:32:26,IBM,109.05,1,BID
2020-10-30 10:32:26,IBM,109.14,3,ASK
2020-10-30 10:32:26,IBM,109.05,1,BID
2020-10-30 10:32:26,IBM,109.14,3,ASK
2020-10-30 10:32:27,IBM,109.05,1,BID
2020-10-30 10:32:26,IBM,109.15,5,ASK
2020-10-30 10:32:27,IBM,109.05,1,BID
2020-10-30 10:32:26,IBM,109.15,5,ASK
2020-10-30 10:32:28,IBM,109.06,5,BID
2020-10-30 10:32:28,IBM,109.15,6,ASK
2020-10-30 10:32:28,IBM,109.06,5,BID
2020-10-30 10:32:28,IBM,109.15,8,ASK
2020-10-30 10:32:30,IBM,109.06,10,BID
2020-10-30 10:32:28,IBM,109.15,7,ASK
2020-10-30 10:32:31,IBM,109.06,10,BID
2020-10-30 10:32:31,IBM,109.15,9,ASK
2020-10-30 10:32:31,IBM,109.09,3,BID
2020-10-30 10:32:31,IBM,109.17,2,ASK
2020-10-30 10:32:31,IBM,109.09,6,BID
2020-10-30 10:32:31,IBM,109.19,2,ASK
2020-10-30 10:32:32,IBM,109.1,8,BID
2020-10-30 10:32:32,IBM,109.19,2,ASK
2020-10-30 10:32:32,IBM,109.1,7,BID
2020-10-30 10:32:31,IBM,109.2,3,ASK
2020-10-30 10:32:34,IBM,109.12,3,BID
2020-10-30 10:32:31,IBM,109.2,3,ASK
2020-10-30 10:32:35,IBM,109.12,2,BID
2020-10-30 10:32:35,IBM,109.19,1,ASK
2020-10-30 10:32:35,IBM,109.12,2,BID
2020-10-30 10:32:35,IBM,109.19,1,ASK
2020-10-30 10:32:35,IBM,109.12,2,BID
2020-10-30 10:32:35,IBM,109.19,1,ASK
2020-10-30 10:32:35,IBM,109.12,2,BID
2020-10-30 10:32:38,IBM,109.19,3,ASK
2020-10-30 10:32:38,IBM,109.1,1,BID
2020-10-30 10:32:38,IBM,109.19,3,ASK
2020-10-30 10:32:39,IBM,109.1,3,BID
2020-10-30 10:32:38,IBM,109.19,3,ASK
2020-10-30 10:32:39,IBM,109.1,3,BID
2020-10-30 10:32:38,IBM,109.19,3,ASK
2020-10-30 10:32:39,IBM,109.1,3,BID
2020-10-30 10:32:38,IBM,109.19,3,ASK
2020-10-30 10:32:42,IBM,109.1,3,BID
2020-10-30 10:32:38,IBM,109.19,3,ASK
2020-10-30 10:32:42,IBM,109.1,3,BID
2020-10-30 10:32:38,IBM,109.19,3,ASK
2020-10-30 10:32:42,IBM,109.1,3,BID
2020-10-30 10:32:38,IBM,109.19,3,ASK
2020-10-30 10:32:42,IBM,109.1,3,BID
2020-10-30 10:32:38,IBM,109.19,3,ASK
2020-10-30 10:32:45,IBM,109.1,2,BID
2020-10-30 10:32:45,IBM,109.19,12,ASK
2020-10-30 10:32:46,IBM,109.11,2,BID
2020-10-30 10:32:46,IBM,109.19,10,ASK
2020-10-30 10:32:46,IBM,109.11,2,BID
2020-10-30 10:32:46,IBM,109.19,10,ASK
2020-10-30 10:32:49,IBM,109.11,7,BID
2020-10-30 10:32:49,IBM,109.19,7,ASK
2020-10-30 10:32:50,IBM,109.13,1,BID
2020-10-30 10:32:49,IBM,109.19,8,ASK
2020-10-30 10:32:51,IBM,109.13,2,BID
2020-10-30 10:32:51,IBM,109.18,4,ASK
2020-10-30 10:32:52,IBM,109.1,1,BID
2020-10-30 10:32:52,IBM,109.17,3,ASK
2020-10-30 10:32:55,IBM,109.1,4,BID
2020-10-30 10:32:55,IBM,109.17,4,ASK
2020-10-30 10:32:55,IBM,109.1,4,BID
2020-10-30 10:32:55,IBM,109.17,4,ASK
2020-10-30 10:32:55,IBM,109.1,4,BID
2020-10-30 10:32:57,IBM,109.17,4,ASK
2020-10-30 10:32:55,IBM,109.1,4,BID
2020-10-30 10:32:57,IBM,109.17,4,ASK
2020-10-30 10:32:55,IBM,109.1,4,BID
2020-10-30 10:32:57,IBM,109.17,4,ASK
2020-10-30 10:32:55,IBM,109.1,4,BID
2020-10-30 10:32:57,IBM,109.17,4,ASK
2020-10-30 10:33:00,IBM,109.12,3,BID
2020-10-30 10:33:00,IBM,109.2,9,ASK
2020-10-30 10:33:01,IBM,109.14,2,BID
2020-10-30 10:33:01,IBM,109.2,7,ASK
2020-10-30 10:33:02,IBM,109.17,6,BID
2020-10-30 10:33:02,IBM,109.25,2,ASK
2020-10-30 10:33:02,IBM,109.21,4,BID
2020-10-30 10:33:02,IBM,109.28,2,ASK
2020-10-30 10:33:03,IBM,109.21,7,BID
2020-10-30 10:33:03,IBM,109.27,1,ASK
2020-10-30 10:33:03,IBM,109.21,7,BID
2020-10-30 10:33:03,IBM,109.27,1,ASK
2020-10-30 10:33:05,IBM,109.21,9,BID
2020-10-30 10:33:05,IBM,109.28,4,ASK
2020-10-30 10:33:05,IBM,109.21,9,BID
2020-10-30 10:33:07,IBM,109.28,1,ASK
2020-10-30 10:33:05,IBM,109.21,9,BID
2020-10-30 10:33:07,IBM,109.28,1,ASK
2020-10-30 10:33:08,IBM,109.21,12,BID
2020-10-30 10:33:08,IBM,109.28,3,ASK
2020-10-30 10:33:08,IBM,109.21,12,BID
2020-10-30 10:33:08,IBM,109.28,3,ASK
2020-10-30 10:33:08,IBM,109.21,12,BID
2020-10-30 10:33:08,IBM,109.28,3,ASK
2020-10-30 10:33:08,IBM,109.21,12,BID
2020-10-30 10:33:08,IBM,109.28,3,ASK
2020-10-30 10:33:12,IBM,109.21,12,BID
2020-10-30 10:33:12,IBM,109.28,2,ASK
2020-10-30 10:33:12,IBM,109.21,13,BID
2020-10-30 10:33:13,IBM,109.28,5,ASK
2020-10-30 10:33:12,IBM,109.21,13,BID
2020-10-30 10:33:13,IBM,109.28,5,ASK
2020-10-30 10:33:12,IBM,109.21,13,BID
2020-10-30 10:33:13,IBM,109.28,5,ASK
2020-10-30 10:33:12,IBM,109.21,13,BID
2020-10-30 10:33:16,IBM,109.28,8,ASK
2020-10-30 10:33:12,IBM,109.21,13,BID
2020-10-30 10:33:17,IBM,109.28,9,ASK
2020-10-30 10:33:12,IBM,109.21,13,BID
2020-10-30 10:33:17,IBM,109.28,9,ASK
2020-10-30 10:33:12,IBM,109.21,13,BID
2020-10-30 10:33:17,IBM,109.28,9,ASK
2020-10-30 10:33:12,IBM,109.21,13,BID
2020-10-30 10:33:21,IBM,109.28,8,ASK
2020-10-30 10:33:12,IBM,109.21,13,BID
2020-10-30 10:33:21,IBM,109.28,8,ASK
2020-10-30 10:33:12,IBM,109.21,13,BID
2020-10-30 10:33:21,IBM,109.28,8,ASK
2020-10-30 10:33:12,IBM,109.21,13,BID
2020-10-30 10:33:21,IBM,109.28,8,ASK
2020-10-30 10:33:12,IBM,109.21,13,BID
2020-10-30 10:33:21,IBM,109.28,8,ASK
2020-10-30 10:33:12,IBM,109.21,13,BID
2020-10-30 10:33:21,IBM,109.28,8,ASK
2020-10-30 10:33:12,IBM,109.21,13,BID
2020-10-30 10:33:27,IBM,109.28,7,ASK
2020-10-30 10:33:12,IBM,109.21,13,BID
2020-10-30 10:33:30,IBM,109.28,7,ASK
2020-10-30 10:33:12,IBM,109.21,14,BID
2020-10-30 10:33:31,IBM,109.28,7,ASK
2020-10-30 10:33:32,IBM,109.25,2,BID
2020-10-30 10:33:32,IBM,109.3,1,ASK
2020-10-30 10:33:32,IBM,109.25,4,BID
2020-10-30 10:33:33,IBM,109.3,1,ASK
2020-10-30 10:33:32,IBM,109.25,4,BID
2020-10-30 10:33:33,IBM,109.31,4,ASK
2020-10-30 10:33:32,IBM,109.25,4,BID
2020-10-30 10:33:33,IBM,109.31,4,ASK
2020-10-30 10:33:32,IBM,109.25,4,BID
2020-10-30 10:33:35,IBM,109.3,1,ASK
2020-10-30 10:33:35,IBM,109.25,5,BID
2020-10-30 10:33:35,IBM,109.3,1,ASK
2020-10-30 10:33:36,IBM,109.25,6,BID
2020-10-30 10:33:37,IBM,109.3,1,ASK
2020-10-30 10:33:36,IBM,109.25,6,BID
2020-10-30 10:33:37,IBM,109.3,1,ASK
2020-10-30 10:33:38,IBM,109.25,6,BID
2020-10-30 10:33:38,IBM,109.3,1,ASK
2020-10-30 10:33:38,IBM,109.25,6,BID
2020-10-30 10:33:39,IBM,109.31,4,ASK
2020-10-30 10:33:38,IBM,109.25,6,BID
2020-10-30 10:33:39,IBM,109.31,4,ASK
2020-10-30 10:33:41,IBM,109.25,6,BID
2020-10-30 10:33:41,IBM,109.3,1,ASK
2020-10-30 10:33:43,IBM,109.26,2,BID
2020-10-30 10:33:43,IBM,109.31,4,ASK
2020-10-30 10:33:43,IBM,109.26,2,BID
2020-10-30 10:33:43,IBM,109.31,4,ASK
2020-10-30 10:33:43,IBM,109.26,2,BID
2020-10-30 10:33:43,IBM,109.31,4,ASK
2020-10-30 10:33:43,IBM,109.26,2,BID
2020-10-30 10:33:43,IBM,109.31,4,ASK
2020-10-30 10:33:43,IBM,109.26,2,BID
2020-10-30 10:33:43,IBM,109.31,4,ASK
2020-10-30 10:33:43,IBM,109.26,2,BID
2020-10-30 10:33:43,IBM,109.31,4,ASK
2020-10-30 10:33:47,IBM,109.26,7,BID
2020-10-30 10:33:47,IBM,109.31,4,ASK
2020-10-30 10:33:47,IBM,109.26,7,BID
2020-10-30 10:33:48,IBM,109.31,4,ASK
2020-10-30 10:33:48,IBM,109.27,3,BID
2020-10-30 10:32:17,IBM,109.33,4,ASK
2020-10-30 10:33:49,IBM,109.27,7,BID
2020-10-30 10:32:17,IBM,109.33,4,ASK
2020-10-30 10:33:49,IBM,109.27,6,BID
2020-10-30 10:32:17,IBM,109.33,4,ASK
2020-10-30 10:33:51,IBM,109.27,5,BID
2020-10-30 10:33:51,IBM,109.33,2,ASK
2020-10-30 10:33:51,IBM,109.27,5,BID
2020-10-30 10:33:51,IBM,109.33,2,ASK
2020-10-30 10:33:51,IBM,109.27,5,BID
2020-10-30 10:33:51,IBM,109.33,2,ASK
2020-10-30 10:33:56,IBM,109.27,5,BID
2020-10-30 10:33:56,IBM,109.32,1,ASK
2020-10-30 10:33:56,IBM,109.27,5,BID
2020-10-30 10:33:57,IBM,109.33,2,ASK
2020-10-30 10:33:58,IBM,109.27,8,BID
2020-10-30 10:33:58,IBM,109.33,3,ASK
2020-10-30 10:33:58,IBM,109.27,8,BID
2020-10-30 10:34:00,IBM,109.33,3,ASK
2020-10-30 10:34:00,IBM,109.28,1,BID
2020-10-30 10:34:00,IBM,109.35,2,ASK
2020-10-30 10:34:01,IBM,109.28,2,BID
2020-10-30 10:34:01,IBM,109.31,1,ASK
2020-10-30 10:34:01,IBM,109.28,2,BID
2020-10-30 10:34:01,IBM,109.31,1,ASK
2020-10-30 10:34:02,IBM,109.28,2,BID
2020-10-30 10:34:03,IBM,109.35,3,ASK
2020-10-30 10:34:02,IBM,109.28,2,BID
2020-10-30 10:34:03,IBM,109.35,3,ASK
2020-10-30 10:34:02,IBM,109.28,2,BID
2020-10-30 10:34:03,IBM,109.35,3,ASK
2020-10-30 10:34:05,IBM,109.28,2,BID
2020-10-30 10:34:05,IBM,109.35,3,ASK
2020-10-30 10:34:05,IBM,109.28,2,BID
2020-10-30 10:34:06,IBM,109.35,3,ASK
2020-10-30 10:34:05,IBM,109.28,2,BID
2020-10-30 10:34:06,IBM,109.35,3,ASK
2020-10-30 10:34:08,IBM,109.28,9,BID
2020-10-30 10:34:08,IBM,109.35,3,ASK
2020-10-30 10:34:09,IBM,109.3,2,BID
2020-10-30 10:34:09,IBM,109.35,3,ASK
2020-10-30 10:34:09,IBM,109.3,2,BID
2020-10-30 10:34:09,IBM,109.34,3,ASK
2020-10-30 10:34:10,IBM,109.29,2,BID
2020-10-30 10:34:09,IBM,109.34,3,ASK
2020-10-30 10:34:10,IBM,109.29,2,BID
2020-10-30 10:34:09,IBM,109.34,3,ASK
2020-10-30 10:34:10,IBM,109.29,2,BID
2020-10-30 10:34:09,IBM,109.34,3,ASK
2020-10-30 10:34:12,IBM,109.29,3,BID
2020-10-30 10:34:12,IBM,109.34,4,ASK
2020-10-30 10:34:12,IBM,109.29,3,BID
2020-10-30 10:34:12,IBM,109.34,4,ASK
2020-10-30 10:34:13,IBM,109.27,10,BID
2020-10-30 10:34:13,IBM,109.33,2,ASK
2020-10-30 10:34:14,IBM,109.28,1,BID
2020-10-30 10:34:14,IBM,109.34,6,ASK
2020-10-30 10:34:14,IBM,109.28,1,BID
2020-10-30 10:34:14,IBM,109.34,6,ASK
2020-10-30 10:34:14,IBM,109.28,1,BID
2020-10-30 10:34:14,IBM,109.34,6,ASK
2020-10-30 10:34:14,IBM,109.28,1,BID
2020-10-30 10:34:14,IBM,109.34,6,ASK
2020-10-30 10:34:18,IBM,109.28,1,BID
2020-10-30 10:34:18,IBM,109.34,1,ASK
2020-10-30 10:34:18,IBM,109.28,1,BID
2020-10-30 10:34:18,IBM,109.34,1,ASK
2020-10-30 10:34:18,IBM,109.28,1,BID
2020-10-30 10:34:18,IBM,109.34,1,ASK
2020-10-30 10:34:18,IBM,109.28,1,BID
2020-10-30 10:34:18,IBM,109.34,1,ASK
2020-10-30 10:34:13,IBM,109.27,8,BID
2020-10-30 10:34:23,IBM,109.34,1,ASK
2020-10-30 10:34:24,IBM,109.28,1,BID
2020-10-30 10:34:24,IBM,109.34,1,ASK
2020-10-30 10:34:24,IBM,109.28,1,BID
2020-10-30 10:34:24,IBM,109.34,1,ASK
2020-10-30 10:34:25,IBM,109.28,1,BID
2020-10-30 10:34:25,IBM,109.34,1,ASK
2020-10-30 10:34:26,IBM,109.28,3,BID
2020-10-30 10:34:26,IBM,109.34,1,ASK
2020-10-30 10:34:26,IBM,109.28,3,BID
2020-10-30 10:34:28,IBM,109.34,1,ASK
2020-10-30 10:34:26,IBM,109.28,3,BID
2020-10-30 10:34:29,IBM,109.34,1,ASK
2020-10-30 10:34:26,IBM,109.28,3,BID
2020-10-30 10:34:31,IBM,109.34,1,ASK
2020-10-30 10:34:26,IBM,109.28,3,BID
2020-10-30 10:34:31,IBM,109.34,1,ASK
2020-10-30 10:34:33,IBM,109.28,3,BID
2020-10-30 10:34:33,IBM,109.34,1,ASK
2020-10-30 10:34:33,IBM,109.28,3,BID
2020-10-30 10:34:35,IBM,109.34,1,ASK
2020-10-30 10:34:33,IBM,109.28,3,BID
2020-10-30 10:34:36,IBM,109.34,1,ASK
2020-10-30 10:34:37,IBM,109.28,3,BID
2020-10-30 10:34:37,IBM,109.34,1,ASK
2020-10-30 10:34:37,IBM,109.28,3,BID
2020-10-30 10:34:39,IBM,109.34,1,ASK
2020-10-30 10:34:40,IBM,109.28,3,BID
2020-10-30 10:34:40,IBM,109.34,1,ASK
2020-10-30 10:34:40,IBM,109.28,3,BID
2020-10-30 10:34:41,IBM,109.34,2,ASK
2020-10-30 10:34:44,IBM,109.28,3,BID
2020-10-30 10:34:44,IBM,109.34,2,ASK
2020-10-30 10:34:44,IBM,109.28,3,BID
2020-10-30 10:34:44,IBM,109.34,2,ASK
2020-10-30 10:34:44,IBM,109.28,3,BID
2020-10-30 10:34:44,IBM,109.34,2,ASK
2020-10-30 10:34:44,IBM,109.28,3,BID
2020-10-30 10:34:44,IBM,109.34,2,ASK
2020-10-30 10:34:49,IBM,109.31,5,BID
2020-10-30 10:34:49,IBM,109.39,3,ASK
2020-10-30 10:34:50,IBM,109.32,3,BID
2020-10-30 10:34:50,IBM,109.38,1,ASK
2020-10-30 10:34:51,IBM,109.31,6,BID
2020-10-30 10:34:51,IBM,109.38,1,ASK
2020-10-30 10:34:51,IBM,109.31,6,BID
2020-10-30 10:34:51,IBM,109.38,1,ASK
2020-10-30 10:34:51,IBM,109.31,6,BID
2020-10-30 10:34:51,IBM,109.38,1,ASK
2020-10-30 10:34:52,IBM,109.31,7,BID
2020-10-30 10:34:52,IBM,109.38,2,ASK
2020-10-30 10:34:52,IBM,109.31,7,BID
2020-10-30 10:34:52,IBM,109.38,2,ASK
2020-10-30 10:34:53,IBM,109.29,7,BID
2020-10-30 10:34:53,IBM,109.38,3,ASK
2020-10-30 10:34:53,IBM,109.29,7,BID
2020-10-30 10:34:53,IBM,109.38,3,ASK
2020-10-30 10:34:53,IBM,109.31,1,BID
2020-10-30 10:34:53,IBM,109.38,3,ASK
2020-10-30 10:34:53,IBM,109.31,1,BID
2020-10-30 10:34:53,IBM,109.37,2,ASK
2020-10-30 10:34:53,IBM,109.31,1,BID
2020-10-30 10:34:53,IBM,109.38,3,ASK
2020-10-30 10:34:54,IBM,109.29,9,BID
2020-10-30 10:34:54,IBM,109.37,1,ASK
2020-10-30 10:34:55,IBM,109.31,1,BID
2020-10-30 10:34:55,IBM,109.37,1,ASK
2020-10-30 10:34:58,IBM,109.31,1,BID
2020-10-30 10:34:58,IBM,109.37,2,ASK
2020-10-30 10:35:00,IBM,109.27,8,BID
2020-10-30 10:35:00,IBM,109.35,7,ASK
2020-10-30 10:35:00,IBM,109.27,9,BID
2020-10-30 10:35:02,IBM,109.35,6,ASK
2020-10-30 10:35:00,IBM,109.27,9,BID
2020-10-30 10:35:02,IBM,109.35,6,ASK
2020-10-30 10:35:00,IBM,109.27,9,BID
2020-10-30 10:35:02,IBM,109.35,6,ASK
2020-10-30 10:35:00,IBM,109.27,9,BID
2020-10-30 10:35:02,IBM,109.35,6,ASK
2020-10-30 10:35:00,IBM,109.27,9,BID
2020-10-30 10:35:02,IBM,109.35,6,ASK
2020-10-30 10:35:00,IBM,109.27,9,BID
2020-10-30 10:35:02,IBM,109.35,6,ASK
2020-10-30 10:33:02,IBM,109.21,14,BID
2020-10-30 10:35:05,IBM,109.31,3,ASK
2020-10-30 10:33:02,IBM,109.21,15,BID
2020-10-30 10:35:05,IBM,109.3,3,ASK
2020-10-30 10:33:02,IBM,109.21,15,BID
2020-10-30 10:35:05,IBM,109.3,3,ASK
2020-10-30 10:33:02,IBM,109.21,15,BID
2020-10-30 10:35:05,IBM,109.3,3,ASK
2020-10-30 10:33:02,IBM,109.21,15,BID
2020-10-30 10:35:05,IBM,109.3,3,ASK
2020-10-30 10:33:02,IBM,109.21,15,BID
2020-10-30 10:35:05,IBM,109.3,3,ASK
2020-10-30 10:33:02,IBM,109.21,15,BID
2020-10-30 10:35:05,IBM,109.3,3,ASK
2020-10-30 10:33:02,IBM,109.21,15,BID
2020-10-30 10:35:05,IBM,109.3,3,ASK
2020-10-30 10:33:02,IBM,109.21,15,BID
2020-10-30 10:35:05,IBM,109.3,3,ASK
2020-10-30 10:33:02,IBM,109.21,15,BID
2020-10-30 10:35:06,IBM,109.29,1,ASK
2020-10-30 10:35:08,IBM,109.2,2,BID
2020-10-30 10:35:08,IBM,109.25,4,ASK
2020-10-30 10:35:08,IBM,109.2,4,BID
2020-10-30 10:35:08,IBM,109.26,3,ASK
2020-10-30 10:35:08,IBM,109.2,4,BID
2020-10-30 10:35:08,IBM,109.26,3,ASK
2020-10-30 10:35:08,IBM,109.2,4,BID
2020-10-30 10:35:08,IBM,109.26,3,ASK
2020-10-30 10:35:08,IBM,109.2,3,BID
2020-10-30 10:35:08,IBM,109.26,3,ASK
2020-10-30 10:35:09,IBM,109.22,2,BID
2020-10-30 10:35:09,IBM,109.29,3,ASK
2020-10-30 10:35:11,IBM,109.2,3,BID
2020-10-30 10:35:10,IBM,109.29,3,ASK
2020-10-30 10:35:13,IBM,109.25,3,BID
2020-10-30 10:35:13,IBM,109.33,3,ASK
2020-10-30 10:35:15,IBM,109.25,4,BID
2020-10-30 10:35:15,IBM,109.3,4,ASK
2020-10-30 10:35:18,IBM,109.25,5,BID
2020-10-30 10:35:15,IBM,109.3,4,ASK
2020-10-30 10:35:18,IBM,109.25,5,BID
2020-10-30 10:35:15,IBM,109.3,4,ASK
2020-10-30 10:35:18,IBM,109.25,5,BID
2020-10-30 10:35:15,IBM,109.3,4,ASK
2020-10-30 10:35:18,IBM,109.25,5,BID
2020-10-30 10:35:15,IBM,109.3,4,ASK
2020-10-30 10:35:18,IBM,109.25,5,BID
2020-10-30 10:35:15,IBM,109.3,4,ASK
2020-10-30 10:35:21,IBM,109.2,4,BID
2020-10-30 10:35:21,IBM,109.26,1,ASK
2020-10-30 10:35:21,IBM,109.14,5,BID
2020-10-30 10:35:21,IBM,109.26,8,ASK
2020-10-30 10:35:21,IBM,109.14,5,BID
2020-10-30 10:35:21,IBM,109.26,8,ASK
2020-10-30 10:35:21,IBM,109.14,5,BID
2020-10-30 10:35:21,IBM,109.26,8,ASK
2020-10-30 10:35:22,IBM,109.14,6,BID
2020-10-30 10:35:21,IBM,109.26,8,ASK
2020-10-30 10:35:23,IBM,109.14,7,BID
2020-10-30 10:35:23,IBM,109.26,8,ASK
2020-10-30 10:35:23,IBM,109.14,8,BID
2020-10-30 10:35:24,IBM,109.26,8,ASK
2020-10-30 10:35:24,IBM,109.14,6,BID
2020-10-30 10:35:24,IBM,109.26,8,ASK
2020-10-30 10:35:24,IBM,109.14,6,BID
2020-10-30 10:35:24,IBM,109.26,8,ASK
2020-10-30 10:35:24,IBM,109.14,6,BID
2020-10-30 10:35:24,IBM,109.26,8,ASK
2020-10-30 10:35:26,IBM,109.14,8,BID
2020-10-30 10:35:27,IBM,109.25,2,ASK
2020-10-30 10:35:26,IBM,109.14,8,BID
2020-10-30 10:35:27,IBM,109.25,2,ASK
2020-10-30 10:35:28,IBM,109.14,9,BID
2020-10-30 10:35:28,IBM,109.24,4,ASK
2020-10-30 10:35:28,IBM,109.14,9,BID
2020-10-30 10:35:28,IBM,109.24,4,ASK
2020-10-30 10:35:29,IBM,109.14,8,BID
2020-10-30 10:35:29,IBM,109.24,4,ASK
2020-10-30 10:35:29,IBM,109.14,8,BID
2020-10-30 10:35:30,IBM,109.24,4,ASK
2020-10-30 10:35:30,IBM,109.12,5,BID
2020-10-30 10:35:30,IBM,109.18,1,ASK
2020-10-30 10:35:31,IBM,109.11,4,BID
2020-10-30 10:35:31,IBM,109.18,3,ASK
2020-10-30 10:35:31,IBM,109.11,4,BID
2020-10-30 10:35:31,IBM,109.18,3,ASK
2020-10-30 10:35:32,IBM,109.13,8,BID
2020-10-30 10:35:32,IBM,109.2,4,ASK
2020-10-30 10:35:32,IBM,109.13,8,BID
2020-10-30 10:35:32,IBM,109.2,4,ASK
2020-10-30 10:35:32,IBM,109.13,8,BID
2020-10-30 10:35:32,IBM,109.2,5,ASK
2020-10-30 10:35:34,IBM,109.14,6,BID
2020-10-30 10:35:34,IBM,109.23,3,ASK
2020-10-30 10:35:32,IBM,109.13,8,BID
2020-10-30 10:35:35,IBM,109.23,5,ASK
2020-10-30 10:35:37,IBM,109.13,10,BID
2020-10-30 10:35:35,IBM,109.23,5,ASK
2020-10-30 10:35:39,IBM,109.13,9,BID
2020-10-30 10:35:39,IBM,109.19,2,ASK
2020-10-30 10:35:40,IBM,109.13,11,BID
2020-10-30 10:35:40,IBM,109.19,3,ASK
2020-10-30 10:35:40,IBM,109.13,11,BID
2020-10-30 10:35:40,IBM,109.19,3,ASK
2020-10-30 10:35:42,IBM,109.14,11,BID
2020-10-30 10:35:35,IBM,109.23,5,ASK
2020-10-30 10:35:43,IBM,109.14,13,BID
2020-10-30 10:35:35,IBM,109.23,5,ASK
2020-10-30 10:35:44,IBM,109.15,3,BID
2020-10-30 10:35:44,IBM,109.23,1,ASK
2020-10-30 10:35:44,IBM,109.19,4,BID
2020-10-30 10:35:44,IBM,109.28,2,ASK
2020-10-30 10:35:44,IBM,109.19,4,BID
2020-10-30 10:35:44,IBM,109.28,2,ASK
2020-10-30 10:35:44,IBM,109.19,6,BID
2020-10-30 10:35:45,IBM,109.28,3,ASK
2020-10-30 10:35:45,IBM,109.2,2,BID
2020-10-30 10:35:45,IBM,109.28,5,ASK
2020-10-30 10:35:45,IBM,109.19,6,BID
2020-10-30 10:35:21,IBM,109.28,5,ASK
2020-10-30 10:35:46,IBM,109.2,3,BID
2020-10-30 10:35:46,IBM,109.28,4,ASK
2020-10-30 10:35:48,IBM,109.2,3,BID
2020-10-30 10:35:48,IBM,109.28,4,ASK
2020-10-30 10:35:49,IBM,109.21,3,BID
2020-10-30 10:35:49,IBM,109.28,3,ASK
2020-10-30 10:35:51,IBM,109.21,3,BID
2020-10-30 10:35:51,IBM,109.28,5,ASK
2020-10-30 10:35:52,IBM,109.21,3,BID
2020-10-30 10:35:51,IBM,109.28,5,ASK
2020-10-30 10:35:52,IBM,109.21,3,BID
2020-10-30 10:35:51,IBM,109.28,5,ASK
2020-10-30 10:35:53,IBM,109.21,3,BID
2020-10-30 10:35:51,IBM,109.28,5,ASK
2020-10-30 10:35:54,IBM,109.21,8,BID
2020-10-30 10:35:54,IBM,109.28,4,ASK
2020-10-30 10:35:55,IBM,109.21,8,BID
2020-10-30 10:35:55,IBM,109.26,2,ASK
2020-10-30 10:35:55,IBM,109.21,8,BID
2020-10-30 10:35:55,IBM,109.28,6,ASK
2020-10-30 10:35:57,IBM,109.22,3,BID
2020-10-30 10:35:57,IBM,109.28,6,ASK
2020-10-30 10:35:57,IBM,109.22,3,BID
2020-10-30 10:35:57,IBM,109.28,6,ASK
2020-10-30 10:35:57,IBM,109.22,3,BID
2020-10-30 10:35:57,IBM,109.28,6,ASK
2020-10-30 10:35:57,IBM,109.22,3,BID
2020-10-30 10:35:57,IBM,109.28,6,ASK
2020-10-30 10:35:57,IBM,109.22,3,BID
2020-10-30 10:35:57,IBM,109.28,6,ASK
2020-10-30 10:35:58,IBM,109.25,3,BID
2020-10-30 10:35:58,IBM,109.33,4,ASK
2020-10-30 10:36:00,IBM,109.25,9,BID
2020-10-30 10:36:00,IBM,109.3,3,ASK
2020-10-30 10:36:02,IBM,109.22,4,BID
2020-10-30 10:36:02,IBM,109.29,2,ASK
2020-10-30 10:36:03,IBM,109.19,5,BID
2020-10-30 10:36:03,IBM,109.26,1,ASK
2020-10-30 10:36:03,IBM,109.19,5,BID
2020-10-30 10:36:03,IBM,109.26,1,ASK
2020-10-30 10:36:05,IBM,109.19,6,BID
2020-10-30 10:36:05,IBM,109.25,2,ASK
2020-10-30 10:36:05,IBM,109.19,7,BID
2020-10-30 10:36:05,IBM,109.25,3,ASK
2020-10-30 10:36:05,IBM,109.19,7,BID
2020-10-30 10:36:05,IBM,109.25,3,ASK
2020-10-30 10:36:07,IBM,109.19,7,BID
2020-10-30 10:36:05,IBM,109.25,6,ASK
2020-10-30 10:36:07,IBM,109.19,7,BID
2020-10-30 10:36:05,IBM,109.25,6,ASK
2020-10-30 10:36:07,IBM,109.19,7,BID
2020-10-30 10:36:05,IBM,109.25,6,ASK
2020-10-30 10:36:07,IBM,109.19,7,BID
2020-10-30 10:36:05,IBM,109.25,6,ASK
2020-10-30 10:36:07,IBM,109.19,7,BID
2020-10-30 10:36:05,IBM,109.25,6,ASK
2020-10-30 10:36:14,IBM,109.18,8,BID
2020-10-30 10:36:05,IBM,109.25,6,ASK
2020-10-30 10:36:15,IBM,109.18,7,BID
2020-10-30 10:36:15,IBM,109.24,1,ASK
2020-10-30 10:36:15,IBM,109.18,7,BID
2020-10-30 10:36:15,IBM,109.24,2,ASK
2020-10-30 10:36:16,IBM,109.18,7,BID
2020-10-30 10:36:16,IBM,109.24,3,ASK
2020-10-30 10:36:16,IBM,109.18,7,BID
2020-10-30 10:36:16,IBM,109.24,3,ASK
2020-10-30 10:36:16,IBM,109.18,7,BID
2020-10-30 10:36:16,IBM,109.24,3,ASK
2020-10-30 10:36:16,IBM,109.18,7,BID
2020-10-30 10:36:16,IBM,109.24,3,ASK
2020-10-30 10:36:20,IBM,109.14,13,BID
2020-10-30 10:36:20,IBM,109.21,1,ASK
2020-10-30 10:36:21,IBM,109.14,14,BID
2020-10-30 10:36:21,IBM,109.21,2,ASK
2020-10-30 10:36:21,IBM,109.14,14,BID
2020-10-30 10:36:21,IBM,109.21,2,ASK
2020-10-30 10:36:21,IBM,109.14,10,BID
2020-10-30 10:36:21,IBM,109.21,2,ASK
2020-10-30 10:36:21,IBM,109.14,10,BID
2020-10-30 10:36:22,IBM,109.2,2,ASK
2020-10-30 10:36:21,IBM,109.14,10,BID
2020-10-30 10:36:23,IBM,109.17,1,ASK
2020-10-30 10:36:21,IBM,109.14,10,BID
2020-10-30 10:36:23,IBM,109.17,1,ASK
2020-10-30 10:36:24,IBM,109.19,1,BID
2020-10-30 10:36:24,IBM,109.21,3,ASK
2020-10-30 10:36:25,IBM,109.19,1,BID
2020-10-30 10:36:05,IBM,109.25,6,ASK
2020-10-30 10:36:26,IBM,109.19,1,BID
2020-10-30 10:36:26,IBM,109.22,4,ASK
2020-10-30 10:36:26,IBM,109.19,1,BID
2020-10-30 10:36:26,IBM,109.22,4,ASK
2020-10-30 10:36:26,IBM,109.19,1,BID
2020-10-30 10:36:26,IBM,109.22,4,ASK
2020-10-30 10:36:29,IBM,109.19,1,BID
2020-10-30 10:36:29,IBM,109.22,2,ASK
2020-10-30 10:36:30,IBM,109.19,1,BID
2020-10-30 10:36:30,IBM,109.22,2,ASK
2020-10-30 10:36:30,IBM,109.19,1,BID
2020-10-30 10:36:30,IBM,109.22,2,ASK
2020-10-30 10:36:31,IBM,109.17,6,BID
2020-10-30 10:36:31,IBM,109.21,1,ASK
2020-10-30 10:36:31,IBM,109.14,7,BID
2020-10-30 10:36:31,IBM,109.21,2,ASK
2020-10-30 10:36:32,IBM,109.14,7,BID
2020-10-30 10:36:32,IBM,109.21,5,ASK
2020-10-30 10:36:32,IBM,109.14,7,BID
2020-10-30 10:36:32,IBM,109.21,5,ASK
2020-10-30 10:36:34,IBM,109.13,12,BID
2020-10-30 10:36:34,IBM,109.2,1,ASK
2020-10-30 10:36:35,IBM,109.14,1,BID
2020-10-30 10:36:35,IBM,109.19,2,ASK
2020-10-30 10:36:37,IBM,109.14,3,BID
2020-10-30 10:36:37,IBM,109.2,3,ASK
2020-10-30 10:36:37,IBM,109.14,3,BID
2020-10-30 10:36:37,IBM,109.2,3,ASK
2020-10-30 10:36:37,IBM,109.14,3,BID
2020-10-30 10:36:35,IBM,109.2,3,ASK
2020-10-30 10:35:32,IBM,109.13,10,BID
2020-10-30 10:36:39,IBM,109.19,2,ASK
2020-10-30 10:35:32,IBM,109.13,10,BID
2020-10-30 10:36:41,IBM,109.19,2,ASK
2020-10-30 10:36:42,IBM,109.14,3,BID
2020-10-30 10:36:42,IBM,109.19,2,ASK
2020-10-30 10:35:32,IBM,109.13,10,BID
2020-10-30 10:36:43,IBM,109.19,2,ASK
2020-10-30 10:35:32,IBM,109.13,10,BID
2020-10-30 10:36:43,IBM,109.19,2,ASK
2020-10-30 10:35:32,IBM,109.13,10,BID
2020-10-30 10:36:43,IBM,109.19,2,ASK
2020-10-30 10:35:32,IBM,109.13,10,BID
2020-10-30 10:36:46,IBM,109.18,1,ASK
2020-10-30 10:36:46,IBM,109.14,1,BID
2020-10-30 10:36:46,IBM,109.18,1,ASK
2020-10-30 10:36:46,IBM,109.14,1,BID
2020-10-30 10:36:46,IBM,109.18,1,ASK
2020-10-30 10:35:32,IBM,109.13,10,BID
2020-10-30 10:36:47,IBM,109.16,1,ASK
2020-10-30 10:35:32,IBM,109.13,10,BID
2020-10-30 10:36:47,IBM,109.16,1,ASK
2020-10-30 10:35:32,IBM,109.13,10,BID
2020-10-30 10:36:47,IBM,109.16,1,ASK
2020-10-30 10:36:50,IBM,109.13,11,BID
2020-10-30 10:36:50,IBM,109.16,1,ASK
2020-10-30 10:36:50,IBM,109.13,11,BID
2020-10-30 10:36:50,IBM,109.16,1,ASK
2020-10-30 10:36:50,IBM,109.13,11,BID
2020-10-30 10:36:52,IBM,109.16,2,ASK
2020-10-30 10:36:50,IBM,109.13,11,BID
2020-10-30 10:36:53,IBM,109.16,4,ASK
2020-10-30 10:36:50,IBM,109.13,11,BID
2020-10-30 10:36:53,IBM,109.16,4,ASK
2020-10-30 10:36:50,IBM,109.13,11,BID
2020-10-30 10:36:53,IBM,109.16,4,ASK
2020-10-30 10:36:50,IBM,109.13,11,BID
2020-10-30 10:36:47,IBM,109.18,3,ASK
2020-10-30 10:36:55,IBM,109.14,1,BID
2020-10-30 10:36:35,IBM,109.2,4,ASK
2020-10-30 10:36:55,IBM,109.14,2,BID
2020-10-30 10:36:35,IBM,109.2,3,ASK
2020-10-30 10:36:55,IBM,109.14,2,BID
2020-10-30 10:36:35,IBM,109.2,3,ASK
2020-10-30 10:36:56,IBM,109.14,2,BID
2020-10-30 10:36:35,IBM,109.2,3,ASK
2020-10-30 10:36:58,IBM,109.15,1,BID
2020-10-30 10:36:35,IBM,109.2,3,ASK
2020-10-30 10:37:00,IBM,109.14,4,BID
2020-10-30 10:37:00,IBM,109.2,4,ASK
2020-10-30 10:37:00,IBM,109.14,5,BID
2020-10-30 10:37:00,IBM,109.2,4,ASK
2020-10-30 10:37:01,IBM,109.16,5,BID
2020-10-30 10:37:01,IBM,109.24,2,ASK
2020-10-30 10:37:02,IBM,109.16,9,BID
2020-10-30 10:37:02,IBM,109.24,2,ASK
2020-10-30 10:37:02,IBM,109.16,8,BID
2020-10-30 10:37:02,IBM,109.24,2,ASK
2020-10-30 10:37:04,IBM,109.16,8,BID
2020-10-30 10:37:04,IBM,109.24,4,ASK
2020-10-30 10:37:04,IBM,109.16,7,BID
2020-10-30 10:37:04,IBM,109.24,4,ASK
2020-10-30 10:37:05,IBM,109.16,7,BID
2020-10-30 10:37:05,IBM,109.23,2,ASK
2020-10-30 10:37:06,IBM,109.16,7,BID
2020-10-30 10:37:06,IBM,109.23,3,ASK
2020-10-30 10:37:07,IBM,109.15,5,BID
2020-10-30 10:37:07,IBM,109.23,3,ASK
2020-10-30 10:37:07,IBM,109.15,5,BID
2020-10-30 10:37:07,IBM,109.23,3,ASK
2020-10-30 10:37:08,IBM,109.15,7,BID
2020-10-30 10:37:08,IBM,109.23,3,ASK
2020-10-30 10:37:08,IBM,109.15,7,BID
2020-10-30 10:37:08,IBM,109.23,3,ASK
2020-10-30 10:37:10,IBM,109.15,7,BID
2020-10-30 10:37:11,IBM,109.23,3,ASK
2020-10-30 10:37:10,IBM,109.15,7,BID
2020-10-30 10:37:11,IBM,109.23,3,ASK
2020-10-30 10:37:10,IBM,109.15,7,BID
2020-10-30 10:37:11,IBM,109.23,3,ASK
2020-10-30 10:37:10,IBM,109.15,7,BID
2020-10-30 10:37:11,IBM,109.23,4,ASK
2020-10-30 10:37:10,IBM,109.15,7,BID
2020-10-30 10:37:11,IBM,109.23,4,ASK
2020-10-30 10:37:10,IBM,109.15,7,BID
2020-10-30 10:37:11,IBM,109.23,4,ASK
2020-10-30 10:37:16,IBM,109.15,11,BID
2020-10-30 10:37:11,IBM,109.23,4,ASK
2020-10-30 10:37:17,IBM,109.2,3,BID
2020-10-30 10:37:17,IBM,109.28,3,ASK
2020-10-30 10:37:18,IBM,109.2,4,BID
2020-10-30 10:37:18,IBM,109.28,3,ASK
2020-10-30 10:37:19,IBM,109.2,4,BID
2020-10-30 10:37:19,IBM,109.28,3,ASK
2020-10-30 10:37:17,IBM,109.19,4,BID
2020-10-30 10:37:20,IBM,109.28,6,ASK
2020-10-30 10:37:22,IBM,109.19,6,BID
2020-10-30 10:37:22,IBM,109.28,5,ASK
2020-10-30 10:37:22,IBM,109.19,8,BID
2020-10-30 10:37:22,IBM,109.28,5,ASK
2020-10-30 10:37:22,IBM,109.19,8,BID
2020-10-30 10:37:22,IBM,109.28,5,ASK
2020-10-30 10:37:22,IBM,109.19,8,BID
2020-10-30 10:37:22,IBM,109.28,5,ASK
2020-10-30 10:37:25,IBM,109.19,8,BID
2020-10-30 10:37:25,IBM,109.27,4,ASK
2020-10-30 10:37:25,IBM,109.2,2,BID
2020-10-30 10:37:25,IBM,109.28,4,ASK
2020-10-30 10:37:26,IBM,109.21,3,BID
2020-10-30 10:37:26,IBM,109.28,4,ASK
2020-10-30 10:37:26,IBM,109.21,3,BID
2020-10-30 10:37:26,IBM,109.28,4,ASK
2020-10-30 10:37:28,IBM,109.22,1,BID
2020-10-30 10:37:28,IBM,109.32,2,ASK
2020-10-30 10:37:30,IBM,109.22,3,BID
2020-10-30 10:37:30,IBM,109.32,4,ASK
2020-10-30 10:37:30,IBM,109.26,2,BID
2020-10-30 10:37:30,IBM,109.32,4,ASK
2020-10-30 10:37:31,IBM,109.26,5,BID
2020-10-30 10:37:30,IBM,109.32,4,ASK
2020-10-30 10:37:31,IBM,109.26,11,BID
2020-10-30 10:37:30,IBM,109.32,4,ASK
2020-10-30 10:37:32,IBM,109.26,10,BID
2020-10-30 10:37:30,IBM,109.32,4,ASK
2020-10-30 10:37:32,IBM,109.26,10,BID
2020-10-30 10:37:30,IBM,109.32,4,ASK
2020-10-30 10:37:32,IBM,109.26,10,BID
2020-10-30 10:37:30,IBM,109.32,4,ASK
2020-10-30 10:37:35,IBM,109.29,3,BID
2020-10-30 10:37:35,IBM,109.35,1,ASK
2020-10-30 10:37:35,IBM,109.29,2,BID
2020-10-30 10:37:35,IBM,109.34,1,ASK
2020-10-30 10:37:35,IBM,109.29,2,BID
2020-10-30 10:37:35,IBM,109.34,1,ASK
2020-10-30 10:37:37,IBM,109.29,4,BID
2020-10-30 10:37:37,IBM,109.34,1,ASK
2020-10-30 10:37:37,IBM,109.29,4,BID
2020-10-30 10:37:37,IBM,109.34,1,ASK
2020-10-30 10:37:38,IBM,109.3,3,BID
2020-10-30 10:37:38,IBM,109.38,4,ASK
2020-10-30 10:37:38,IBM,109.3,3,BID
2020-10-30 10:37:38,IBM,109.38,4,ASK
2020-10-30 10:37:38,IBM,109.3,3,BID
2020-10-30 10:37:38,IBM,109.38,4,ASK
2020-10-30 10:37:40,IBM,109.3,6,BID
2020-10-30 10:37:40,IBM,109.38,4,ASK
2020-10-30 10:37:40,IBM,109.3,9,BID
2020-10-30 10:37:40,IBM,109.38,4,ASK
2020-10-30 10:37:40,IBM,109.3,9,BID
2020-10-30 10:37:42,IBM,109.38,4,ASK
2020-10-30 10:37:40,IBM,109.3,9,BID
2020-10-30 10:37:42,IBM,109.38,4,ASK
2020-10-30 10:37:40,IBM,109.3,9,BID
2020-10-30 10:37:45,IBM,109.35,1,ASK
2020-10-30 10:37:45,IBM,109.33,3,BID
2020-10-30 10:37:45,IBM,109.38,4,ASK
2020-10-30 10:37:46,IBM,109.33,4,BID
2020-10-30 10:37:46,IBM,109.38,4,ASK
2020-10-30 10:37:46,IBM,109.33,4,BID
2020-10-30 10:37:46,IBM,109.38,4,ASK
2020-10-30 10:37:47,IBM,109.33,5,BID
2020-10-30 10:37:47,IBM,109.39,6,ASK
2020-10-30 10:37:47,IBM,109.33,5,BID
2020-10-30 10:37:47,IBM,109.38,1,ASK
2020-10-30 10:37:49,IBM,109.32,2,BID
2020-10-30 10:37:49,IBM,109.39,6,ASK
2020-10-30 10:37:50,IBM,109.32,4,BID
2020-10-30 10:37:50,IBM,109.39,6,ASK
2020-10-30 10:37:50,IBM,109.32,4,BID
2020-10-30 10:37:50,IBM,109.39,6,ASK
2020-10-30 10:37:52,IBM,109.32,4,BID
2020-10-30 10:37:52,IBM,109.38,2,ASK
2020-10-30 10:37:52,IBM,109.33,3,BID
2020-10-30 10:37:52,IBM,109.39,6,ASK
2020-10-30 10:37:52,IBM,109.33,3,BID
2020-10-30 10:37:52,IBM,109.39,6,ASK
2020-10-30 10:37:52,IBM,109.33,3,BID
2020-10-30 10:37:52,IBM,109.39,6,ASK
2020-10-30 10:37:53,IBM,109.33,6,BID
2020-10-30 10:37:53,IBM,109.39,6,ASK
2020-10-30 10:37:54,IBM,109.37,3,BID
2020-10-30 10:37:54,IBM,109.43,11,ASK
2020-10-30 10:37:54,IBM,109.37,9,BID
2020-10-30 10:37:54,IBM,109.43,11,ASK
2020-10-30 10:37:54,IBM,109.37,9,BID
2020-10-30 10:37:55,IBM,109.43,11,ASK
2020-10-30 10:37:56,IBM,109.37,9,BID
2020-10-30 10:37:56,IBM,109.43,11,ASK
2020-10-30 10:37:57,IBM,109.37,11,BID
2020-10-30 10:37:57,IBM,109.43,11,ASK
2020-10-30 10:37:57,IBM,109.37,11,BID
2020-10-30 10:37:57,IBM,109.43,11,ASK
2020-10-30 10:38:00,IBM,109.37,11,BID
2020-10-30 10:38:00,IBM,109.43,11,ASK
2020-10-30 10:38:00,IBM,109.37,11,BID
2020-10-30 10:38:00,IBM,109.43,11,ASK
2020-10-30 10:38:00,IBM,109.37,11,BID
2020-10-30 10:38:00,IBM,109.43,11,ASK
2020-10-30 10:38:00,IBM,109.37,11,BID
2020-10-30 10:38:00,IBM,109.43,11,ASK
2020-10-30 10:38:02,IBM,109.37,10,BID
2020-10-30 10:38:02,IBM,109.43,11,ASK
2020-10-30 10:38:02,IBM,109.37,10,BID
2020-10-30 10:38:02,IBM,109.43,11,ASK
2020-10-30 10:38:02,IBM,109.37,10,BID
2020-10-30 10:38:02,IBM,109.43,11,ASK
2020-10-30 10:38:04,IBM,109.35,3,BID
2020-10-30 10:38:04,IBM,109.41,2,ASK
2020-10-30 10:38:06,IBM,109.33,5,BID
2020-10-30 10:38:06,IBM,109.38,5,ASK
2020-10-30 10:38:06,IBM,109.32,3,BID
2020-10-30 10:38:06,IBM,109.36,2,ASK
2020-10-30 10:37:35,IBM,109.27,4,BID
2020-10-30 10:38:06,IBM,109.35,4,ASK
2020-10-30 10:37:35,IBM,109.27,4,BID
2020-10-30 10:38:06,IBM,109.35,4,ASK
2020-10-30 10:37:35,IBM,109.27,4,BID
2020-10-30 10:38:06,IBM,109.35,4,ASK
2020-10-30 10:38:10,IBM,109.27,6,BID
2020-10-30 10:38:10,IBM,109.35,4,ASK
2020-10-30 10:38:10,IBM,109.27,6,BID
2020-10-30 10:38:10,IBM,109.35,4,ASK
2020-10-30 10:38:10,IBM,109.27,6,BID
2020-10-30 10:38:10,IBM,109.35,4,ASK
2020-10-30 10:37:32,IBM,109.26,9,BID
2020-10-30 10:38:13,IBM,109.35,9,ASK
2020-10-30 10:37:32,IBM,109.26,9,BID
2020-10-30 10:38:13,IBM,109.35,10,ASK
2020-10-30 10:37:32,IBM,109.26,10,BID
2020-10-30 10:38:13,IBM,109.35,10,ASK
2020-10-30 10:38:16,IBM,109.27,2,BID
2020-10-30 10:38:13,IBM,109.35,10,ASK
2020-10-30 10:38:16,IBM,109.26,9,BID
2020-10-30 10:38:13,IBM,109.35,10,ASK
2020-10-30 10:38:17,IBM,109.26,9,BID
2020-10-30 10:38:17,IBM,109.35,9,ASK
2020-10-30 10:38:17,IBM,109.26,9,BID
2020-10-30 10:38:18,IBM,109.34,3,ASK
2020-10-30 10:38:19,IBM,109.27,3,BID
2020-10-30 10:38:19,IBM,109.35,9,ASK
2020-10-30 10:38:19,IBM,109.27,3,BID
2020-10-30 10:38:19,IBM,109.35,9,ASK
2020-10-30 10:38:21,IBM,109.27,3,BID
2020-10-30 10:38:19,IBM,109.35,8,ASK
2020-10-30 10:38:21,IBM,109.27,3,BID
2020-10-30 10:38:19,IBM,109.35,8,ASK
2020-10-30 10:38:24,IBM,109.27,3,BID
2020-10-30 10:38:19,IBM,109.35,8,ASK
2020-10-30 10:38:24,IBM,109.27,4,BID
2020-10-30 10:38:24,IBM,109.35,8,ASK
2020-10-30 10:38:24,IBM,109.27,4,BID
2020-10-30 10:38:24,IBM,109.35,8,ASK
2020-10-30 10:38:28,IBM,109.26,9,BID
2020-10-30 10:38:28,IBM,109.35,8,ASK
2020-10-30 10:38:28,IBM,109.26,9,BID
2020-10-30 10:38:28,IBM,109.35,8,ASK
2020-10-30 10:38:30,IBM,109.26,9,BID
2020-10-30 10:38:30,IBM,109.35,8,ASK
2020-10-30 10:38:30,IBM,109.26,9,BID
2020-10-30 10:38:30,IBM,109.35,8,ASK
2020-10-30 10:38:32,IBM,109.26,8,BID
2020-10-30 10:38:32,IBM,109.35,8,ASK
2020-10-30 10:38:32,IBM,109.26,8,BID
2020-10-30 10:38:32,IBM,109.35,8,ASK
2020-10-30 10:38:32,IBM,109.26,8,BID
2020-10-30 10:38:32,IBM,109.35,8,ASK
2020-10-30 10:38:36,IBM,109.24,2,BID
2020-10-30 10:38:36,IBM,109.32,6,ASK
2020-10-30 10:38:36,IBM,109.22,6,BID
2020-10-30 10:38:36,IBM,109.32,6,ASK
2020-10-30 10:38:36,IBM,109.22,5,BID
2020-10-30 10:38:37,IBM,109.32,6,ASK
2020-10-30 10:38:36,IBM,109.22,6,BID
2020-10-30 10:38:32,IBM,109.35,11,ASK
2020-10-30 10:38:38,IBM,109.23,2,BID
2020-10-30 10:38:32,IBM,109.35,13,ASK
2020-10-30 10:38:38,IBM,109.23,2,BID
2020-10-30 10:38:32,IBM,109.35,13,ASK
2020-10-30 10:38:36,IBM,109.22,5,BID
2020-10-30 10:38:32,IBM,109.35,13,ASK
2020-10-30 10:38:41,IBM,109.23,2,BID
2020-10-30 10:38:32,IBM,109.35,13,ASK
2020-10-30 10:38:42,IBM,109.24,2,BID
2020-10-30 10:38:32,IBM,109.35,12,ASK
2020-10-30 10:38:44,IBM,109.25,3,BID
2020-10-30 10:38:32,IBM,109.35,9,ASK
2020-10-30 10:38:44,IBM,109.25,6,BID
2020-10-30 10:38:32,IBM,109.35,7,ASK
2020-10-30 10:38:44,IBM,109.25,6,BID
2020-10-30 10:38:32,IBM,109.35,7,ASK
2020-10-30 10:38:44,IBM,109.25,6,BID
2020-10-30 10:38:32,IBM,109.35,7,ASK
2020-10-30 10:38:49,IBM,109.27,4,BID
2020-10-30 10:38:32,IBM,109.35,7,ASK
2020-10-30 10:38:50,IBM,109.31,3,BID
2020-10-30 10:38:50,IBM,109.4,5,ASK
2020-10-30 10:38:50,IBM,109.32,4,BID
2020-10-30 10:38:50,IBM,109.4,5,ASK
2020-10-30 10:38:50,IBM,109.32,4,BID
2020-10-30 10:38:50,IBM,109.4,5,ASK
2020-10-30 10:38:50,IBM,109.32,4,BID
2020-10-30 10:38:50,IBM,109.4,5,ASK
2020-10-30 10:38:50,IBM,109.32,4,BID
2020-10-30 10:38:50,IBM,109.4,5,ASK
2020-10-30 10:38:50,IBM,109.32,4,BID
2020-10-30 10:38:50,IBM,109.4,5,ASK
2020-10-30 10:38:53,IBM,109.32,4,BID
2020-10-30 10:38:53,IBM,109.4,1,ASK
2020-10-30 10:38:53,IBM,109.32,4,BID
2020-10-30 10:38:53,IBM,109.4,1,ASK
2020-10-30 10:38:53,IBM,109.32,4,BID
2020-10-30 10:38:53,IBM,109.4,1,ASK
2020-10-30 10:38:56,IBM,109.32,4,BID
2020-10-30 10:38:56,IBM,109.4,1,ASK
2020-10-30 10:38:57,IBM,109.32,4,BID
2020-10-30 10:38:57,IBM,109.43,11,ASK
2020-10-30 10:38:58,IBM,109.35,3,BID
2020-10-30 10:38:58,IBM,109.43,11,ASK
2020-10-30 10:38:59,IBM,109.35,8,BID
2020-10-30 10:39:00,IBM,109.43,11,ASK
2020-10-30 10:38:59,IBM,109.35,7,BID
2020-10-30 10:39:00,IBM,109.43,11,ASK
2020-10-30 10:39:02,IBM,109.36,2,BID
2020-10-30 10:39:02,IBM,109.43,10,ASK
2020-10-30 10:39:02,IBM,109.36,2,BID
2020-10-30 10:39:02,IBM,109.43,10,ASK
2020-10-30 10:38:59,IBM,109.35,6,BID
2020-10-30 10:39:03,IBM,109.43,10,ASK
2020-10-30 10:38:59,IBM,109.35,7,BID
2020-10-30 10:39:04,IBM,109.43,10,ASK
2020-10-30 10:38:59,IBM,109.35,6,BID
2020-10-30 10:39:04,IBM,109.43,10,ASK
2020-10-30 10:38:59,IBM,109.35,6,BID
2020-10-30 10:39:04,IBM,109.43,10,ASK
2020-10-30 10:38:59,IBM,109.35,6,BID
2020-10-30 10:39:06,IBM,109.43,11,ASK
2020-10-30 10:39:08,IBM,109.31,7,BID
2020-10-30 10:39:08,IBM,109.39,5,ASK
2020-10-30 10:39:08,IBM,109.3,3,BID
2020-10-30 10:39:08,IBM,109.39,5,ASK
2020-10-30 10:39:10,IBM,109.3,7,BID
2020-10-30 10:39:10,IBM,109.4,3,ASK
2020-10-30 10:39:10,IBM,109.3,7,BID
2020-10-30 10:39:10,IBM,109.4,3,ASK
2020-10-30 10:39:10,IBM,109.3,7,BID
2020-10-30 10:39:10,IBM,109.4,3,ASK
2020-10-30 10:39:12,IBM,109.3,7,BID
2020-10-30 10:39:12,IBM,109.4,3,ASK
2020-10-30 10:39:13,IBM,109.3,7,BID
2020-10-30 10:39:13,IBM,109.39,4,ASK
2020-10-30 10:39:13,IBM,109.3,7,BID
2020-10-30 10:39:13,IBM,109.39,4,ASK
2020-10-30 10:39:14,IBM,109.3,7,BID
2020-10-30 10:39:14,IBM,109.39,4,ASK
2020-10-30 10:39:17,IBM,109.31,2,BID
2020-10-30 10:39:17,IBM,109.39,4,ASK
2020-10-30 10:39:18,IBM,109.31,4,BID
2020-10-30 10:39:18,IBM,109.39,5,ASK
2020-10-30 10:39:18,IBM,109.31,4,BID
2020-10-30 10:39:17,IBM,109.39,5,ASK
2020-10-30 10:39:18,IBM,109.31,4,BID
2020-10-30 10:39:17,IBM,109.39,5,ASK
2020-10-30 10:39:25,IBM,109.31,6,BID
2020-10-30 10:39:17,IBM,109.39,5,ASK
2020-10-30 10:39:28,IBM,109.31,6,BID
2020-10-30 10:39:28,IBM,109.39,5,ASK
2020-10-30 10:39:28,IBM,109.31,6,BID
2020-10-30 10:39:28,IBM,109.39,9,ASK
2020-10-30 10:39:29,IBM,109.31,6,BID
2020-10-30 10:39:29,IBM,109.39,8,ASK
2020-10-30 10:39:30,IBM,109.26,7,BID
2020-10-30 10:39:30,IBM,109.39,10,ASK
2020-10-30 10:39:32,IBM,109.29,3,BID
2020-10-30 10:39:32,IBM,109.35,2,ASK
2020-10-30 10:39:32,IBM,109.29,3,BID
2020-10-30 10:39:32,IBM,109.35,2,ASK
2020-10-30 10:39:32,IBM,109.29,3,BID
2020-10-30 10:39:32,IBM,109.35,2,ASK
2020-10-30 10:39:32,IBM,109.29,3,BID
2020-10-30 10:39:33,IBM,109.35,2,ASK
2020-10-30 10:39:36,IBM,109.26,6,BID
2020-10-30 10:39:36,IBM,109.32,3,ASK
2020-10-30 10:39:36,IBM,109.26,6,BID
2020-10-30 10:39:36,IBM,109.32,3,ASK
2020-10-30 10:39:38,IBM,109.26,6,BID
2020-10-30 10:39:38,IBM,109.32,4,ASK
2020-10-30 10:39:39,IBM,109.26,6,BID
2020-10-30 10:39:38,IBM,109.32,4,ASK
2020-10-30 10:39:41,IBM,109.27,2,BID
2020-10-30 10:39:41,IBM,109.32,4,ASK
2020-10-30 10:39:41,IBM,109.27,2,BID
2020-10-30 10:39:41,IBM,109.32,4,ASK
2020-10-30 10:39:42,IBM,109.27,2,BID
2020-10-30 10:39:41,IBM,109.32,4,ASK
2020-10-30 10:39:46,IBM,109.26,5,BID
2020-10-30 10:39:46,IBM,109.31,3,ASK
2020-10-30 10:39:46,IBM,109.26,5,BID
2020-10-30 10:39:46,IBM,109.31,3,ASK
2020-10-30 10:39:46,IBM,109.26,5,BID
2020-10-30 10:39:46,IBM,109.31,4,ASK
2020-10-30 10:39:46,IBM,109.26,5,BID
2020-10-30 10:39:46,IBM,109.31,4,ASK
2020-10-30 10:39:47,IBM,109.26,6,BID
2020-10-30 10:39:47,IBM,109.3,1,ASK
2020-10-30 10:39:47,IBM,109.26,6,BID
2020-10-30 10:39:47,IBM,109.3,1,ASK
2020-10-30 10:39:49,IBM,109.25,4,BID
2020-10-30 10:39:49,IBM,109.3,4,ASK
2020-10-30 10:39:51,IBM,109.25,6,BID
2020-10-30 10:39:51,IBM,109.3,5,ASK
2020-10-30 10:39:53,IBM,109.28,3,BID
2020-10-30 10:39:53,IBM,109.34,1,ASK
2020-10-30 10:39:56,IBM,109.3,3,BID
2020-10-30 10:39:56,IBM,109.36,1,ASK
2020-10-30 10:39:56,IBM,109.29,3,BID
2020-10-30 10:39:56,IBM,109.36,1,ASK
2020-10-30 10:39:58,IBM,109.29,3,BID
2020-10-30 10:39:58,IBM,109.36,3,ASK
2020-10-30 10:39:59,IBM,109.29,3,BID
2020-10-30 10:39:59,IBM,109.36,4,ASK
2020-10-30 10:40:00,IBM,109.29,5,BID
2020-10-30 10:39:59,IBM,109.36,5,ASK
2020-10-30 10:40:00,IBM,109.29,4,BID
2020-10-30 10:39:59,IBM,109.36,5,ASK
2020-10-30 10:40:00,IBM,109.29,4,BID
2020-10-30 10:39:59,IBM,109.36,6,ASK
2020-10-30 10:40:00,IBM,109.29,4,BID
2020-10-30 10:39:59,IBM,109.36,6,ASK
2020-10-30 10:40:00,IBM,109.29,4,BID
2020-10-30 10:39:59,IBM,109.36,6,ASK
2020-10-30 10:40:00,IBM,109.29,4,BID
2020-10-30 10:39:59,IBM,109.36,6,ASK
2020-10-30 10:40:00,IBM,109.29,4,BID
2020-10-30 10:39:59,IBM,109.36,6,ASK
2020-10-30 10:40:00,IBM,109.29,4,BID
2020-10-30 10:39:59,IBM,109.36,6,ASK
2020-10-30 10:40:00,IBM,109.29,4,BID
2020-10-30 10:39:59,IBM,109.36,6,ASK
2020-10-30 10:40:00,IBM,109.29,4,BID
2020-10-30 10:39:59,IBM,109.36,6,ASK
2020-10-30 10:40:00,IBM,109.29,4,BID
2020-10-30 10:40:02,IBM,109.35,3,ASK
2020-10-30 10:37:27,IBM,109.21,3,BID
2020-10-30 10:40:03,IBM,109.3,3,ASK
2020-10-30 10:40:03,IBM,109.18,1,BID
2020-10-30 10:40:03,IBM,109.3,3,ASK
2020-10-30 10:40:04,IBM,109.19,2,BID
2020-10-30 10:40:04,IBM,109.3,3,ASK
2020-10-30 10:40:06,IBM,109.2,2,BID
2020-10-30 10:40:06,IBM,109.3,3,ASK
2020-10-30 10:40:08,IBM,109.19,1,BID
2020-10-30 10:40:08,IBM,109.29,3,ASK
2020-10-30 10:40:09,IBM,109.2,5,BID
2020-10-30 10:40:09,IBM,109.29,3,ASK
2020-10-30 10:40:10,IBM,109.19,1,BID
2020-10-30 10:40:10,IBM,109.29,3,ASK
2020-10-30 10:40:10,IBM,109.19,2,BID
2020-10-30 10:40:10,IBM,109.29,3,ASK
2020-10-30 10:40:11,IBM,109.19,3,BID
2020-10-30 10:40:11,IBM,109.29,3,ASK
2020-10-30 10:40:12,IBM,109.19,3,BID
2020-10-30 10:40:12,IBM,109.28,3,ASK
2020-10-30 10:40:12,IBM,109.19,3,BID
2020-10-30 10:40:13,IBM,109.28,3,ASK
2020-10-30 10:40:13,IBM,109.18,4,BID
2020-10-30 10:40:13,IBM,109.28,3,ASK
2020-10-30 10:40:13,IBM,109.18,4,BID
2020-10-30 10:40:13,IBM,109.27,5,ASK
2020-10-30 10:40:14,IBM,109.18,4,BID
2020-10-30 10:40:14,IBM,109.25,1,ASK
2020-10-30 10:40:17,IBM,109.18,4,BID
2020-10-30 10:40:17,IBM,109.25,2,ASK
2020-10-30 10:40:17,IBM,109.18,4,BID
2020-10-30 10:40:17,IBM,109.25,2,ASK
2020-10-30 10:40:18,IBM,109.18,4,BID
2020-10-30 10:40:18,IBM,109.25,2,ASK
2020-10-30 10:40:18,IBM,109.18,4,BID
2020-10-30 10:40:18,IBM,109.25,2,ASK
2020-10-30 10:40:18,IBM,109.18,4,BID
2020-10-30 10:40:18,IBM,109.25,2,ASK
2020-10-30 10:40:18,IBM,109.18,4,BID
2020-10-30 10:40:18,IBM,109.25,2,ASK
2020-10-30 10:40:18,IBM,109.18,4,BID
2020-10-30 10:40:18,IBM,109.25,2,ASK
2020-10-30 10:40:18,IBM,109.18,4,BID
2020-10-30 10:40:18,IBM,109.25,2,ASK
2020-10-30 10:40:18,IBM,109.18,4,BID
2020-10-30 10:40:19,IBM,109.25,2,ASK
2020-10-30 10:40:18,IBM,109.18,4,BID
2020-10-30 10:40:19,IBM,109.25,2,ASK
2020-10-30 10:40:28,IBM,109.21,2,BID
2020-10-30 10:40:28,IBM,109.27,3,ASK
2020-10-30 10:40:30,IBM,109.2,1,BID
2020-10-30 10:40:30,IBM,109.26,4,ASK
2020-10-30 10:40:31,IBM,109.2,3,BID
2020-10-30 10:40:31,IBM,109.26,6,ASK
2020-10-30 10:40:10,IBM,109.18,4,BID
2020-10-30 10:40:32,IBM,109.25,3,ASK
2020-10-30 10:40:10,IBM,109.18,4,BID
2020-10-30 10:40:32,IBM,109.25,3,ASK
2020-10-30 10:40:10,IBM,109.18,4,BID
2020-10-30 10:40:32,IBM,109.25,3,ASK
2020-10-30 10:40:10,IBM,109.18,4,BID
2020-10-30 10:40:33,IBM,109.24,3,ASK
2020-10-30 10:40:10,IBM,109.18,4,BID
2020-10-30 10:40:33,IBM,109.24,3,ASK
2020-10-30 10:40:10,IBM,109.18,4,BID
2020-10-30 10:40:35,IBM,109.23,2,ASK
2020-10-30 10:40:36,IBM,109.18,5,BID
2020-10-30 10:40:36,IBM,109.23,1,ASK
2020-10-30 10:40:38,IBM,109.19,3,BID
2020-10-30 10:40:38,IBM,109.25,5,ASK
2020-10-30 10:40:39,IBM,109.19,3,BID
2020-10-30 10:40:32,IBM,109.26,7,ASK
2020-10-30 10:40:41,IBM,109.19,4,BID
2020-10-30 10:40:41,IBM,109.28,5,ASK
2020-10-30 10:40:41,IBM,109.19,4,BID
2020-10-30 10:40:41,IBM,109.28,8,ASK
2020-10-30 10:40:41,IBM,109.19,4,BID
2020-10-30 10:40:41,IBM,109.28,8,ASK
2020-10-30 10:40:45,IBM,109.19,4,BID
2020-10-30 10:40:41,IBM,109.28,8,ASK
2020-10-30 10:40:45,IBM,109.19,4,BID
2020-10-30 10:40:41,IBM,109.28,8,ASK
2020-10-30 10:40:47,IBM,109.19,1,BID
2020-10-30 10:40:47,IBM,109.28,13,ASK
2020-10-30 10:40:48,IBM,109.19,1,BID
2020-10-30 10:40:48,IBM,109.27,2,ASK
2020-10-30 10:40:50,IBM,109.19,1,BID
2020-10-30 10:40:49,IBM,109.26,6,ASK
2020-10-30 10:37:06,IBM,109.15,7,BID
2020-10-30 10:40:50,IBM,109.23,2,ASK
2020-10-30 10:40:51,IBM,109.17,1,BID
2020-10-30 10:40:51,IBM,109.23,2,ASK
2020-10-30 10:40:53,IBM,109.17,1,BID
2020-10-30 10:40:53,IBM,109.23,5,ASK
2020-10-30 10:40:53,IBM,109.17,1,BID
2020-10-30 10:40:53,IBM,109.23,5,ASK
2020-10-30 10:40:55,IBM,109.18,2,BID
2020-10-30 10:40:54,IBM,109.23,6,ASK
2020-10-30 10:40:55,IBM,109.21,4,BID
2020-10-30 10:40:48,IBM,109.27,3,ASK
2020-10-30 10:40:56,IBM,109.19,2,BID
2020-10-30 10:40:56,IBM,109.26,3,ASK
2020-10-30 10:40:57,IBM,109.19,2,BID
2020-10-30 10:40:55,IBM,109.27,5,ASK
2020-10-30 10:40:57,IBM,109.19,2,BID
2020-10-30 10:40:57,IBM,109.26,1,ASK
2020-10-30 10:40:59,IBM,109.19,3,BID
2020-10-30 10:40:59,IBM,109.27,5,ASK
2020-10-30 10:41:00,IBM,109.19,4,BID
2020-10-30 10:41:00,IBM,109.24,7,ASK
2020-10-30 10:41:00,IBM,109.19,4,BID
2020-10-30 10:41:00,IBM,109.24,7,ASK
2020-10-30 10:41:00,IBM,109.19,4,BID
2020-10-30 10:41:00,IBM,109.24,7,ASK
2020-10-30 10:41:00,IBM,109.19,4,BID
2020-10-30 10:41:00,IBM,109.24,7,ASK
2020-10-30 10:41:00,IBM,109.19,4,BID
2020-10-30 10:41:00,IBM,109.24,7,ASK
2020-10-30 10:41:00,IBM,109.19,4,BID
2020-10-30 10:41:00,IBM,109.24,7,ASK
2020-10-30 10:41:05,IBM,109.19,6,BID
2020-10-30 10:41:06,IBM,109.24,10,ASK
2020-10-30 10:41:05,IBM,109.19,6,BID
2020-10-30 10:41:06,IBM,109.24,10,ASK
2020-10-30 10:41:08,IBM,109.21,3,BID
2020-10-30 10:40:48,IBM,109.28,12,ASK
2020-10-30 10:41:08,IBM,109.21,3,BID
2020-10-30 10:40:48,IBM,109.28,12,ASK
2020-10-30 10:41:11,IBM,109.21,4,BID
2020-10-30 10:40:48,IBM,109.28,12,ASK
2020-10-30 10:41:11,IBM,109.21,4,BID
2020-10-30 10:40:48,IBM,109.28,12,ASK
2020-10-30 10:41:11,IBM,109.21,4,BID
2020-10-30 10:40:48,IBM,109.28,12,ASK
2020-10-30 10:41:14,IBM,109.21,4,BID
2020-10-30 10:40:48,IBM,109.28,12,ASK
2020-10-30 10:41:08,IBM,109.19,6,BID
2020-10-30 10:41:15,IBM,109.24,2,ASK
2020-10-30 10:41:08,IBM,109.19,6,BID
2020-10-30 10:41:15,IBM,109.24,2,ASK
2020-10-30 10:41:17,IBM,109.18,4,BID
2020-10-30 10:41:17,IBM,109.24,2,ASK
2020-10-30 10:41:18,IBM,109.17,3,BID
2020-10-30 10:41:18,IBM,109.23,3,ASK
2020-10-30 10:41:19,IBM,109.15,10,BID
2020-10-30 10:41:19,IBM,109.21,2,ASK
2020-10-30 10:41:19,IBM,109.15,10,BID
2020-10-30 10:41:20,IBM,109.21,2,ASK
2020-10-30 10:41:19,IBM,109.15,10,BID
2020-10-30 10:41:20,IBM,109.21,2,ASK
2020-10-30 10:41:22,IBM,109.14,5,BID
2020-10-30 10:41:22,IBM,109.18,2,ASK
2020-10-30 10:41:22,IBM,109.14,5,BID
2020-10-30 10:41:22,IBM,109.18,2,ASK
2020-10-30 10:41:22,IBM,109.14,5,BID
2020-10-30 10:41:22,IBM,109.18,2,ASK
2020-10-30 10:41:23,IBM,109.12,2,BID
2020-10-30 10:41:23,IBM,109.16,2,ASK
2020-10-30 10:41:23,IBM,109.12,4,BID
2020-10-30 10:41:23,IBM,109.16,2,ASK
2020-10-30 10:41:23,IBM,109.12,4,BID
2020-10-30 10:41:23,IBM,109.16,2,ASK
2020-10-30 10:41:23,IBM,109.12,4,BID
2020-10-30 10:41:23,IBM,109.16,2,ASK
2020-10-30 10:41:23,IBM,109.12,4,BID
2020-10-30 10:41:23,IBM,109.16,2,ASK
2020-10-30 10:41:26,IBM,109.13,1,BID
2020-10-30 10:41:26,IBM,109.21,3,ASK
2020-10-30 10:41:26,IBM,109.13,2,BID
2020-10-30 10:41:27,IBM,109.18,2,ASK
2020-10-30 10:41:27,IBM,109.12,4,BID
2020-10-30 10:41:27,IBM,109.18,2,ASK
2020-10-30 10:41:27,IBM,109.12,4,BID
2020-10-30 10:41:27,IBM,109.18,2,ASK
2020-10-30 10:41:30,IBM,109.12,4,BID
2020-10-30 10:41:30,IBM,109.18,2,ASK
2020-10-30 10:41:30,IBM,109.12,4,BID
2020-10-30 10:41:30,IBM,109.18,2,ASK
2020-10-30 10:41:30,IBM,109.12,4,BID
2020-10-30 10:41:30,IBM,109.18,2,ASK
2020-10-30 10:41:30,IBM,109.12,4,BID
2020-10-30 10:41:30,IBM,109.18,2,ASK
2020-10-30 10:41:30,IBM,109.12,4,BID
2020-10-30 10:41:30,IBM,109.18,2,ASK
2020-10-30 10:41:36,IBM,109.1,9,BID
2020-10-30 10:41:36,IBM,109.15,2,ASK
2020-10-30 10:41:36,IBM,109.1,9,BID
2020-10-30 10:41:36,IBM,109.15,2,ASK
2020-10-30 10:41:36,IBM,109.1,9,BID
2020-10-30 10:41:36,IBM,109.15,2,ASK
2020-10-30 10:41:36,IBM,109.1,9,BID
2020-10-30 10:41:36,IBM,109.15,2,ASK
2020-10-30 10:41:40,IBM,109.09,3,BID
2020-10-30 10:41:40,IBM,109.15,2,ASK
2020-10-30 10:41:41,IBM,109.08,5,BID
2020-10-30 10:41:41,IBM,109.15,2,ASK
2020-10-30 10:32:29,IBM,109.06,11,BID
2020-10-30 10:41:41,IBM,109.13,3,ASK
2020-10-30 10:41:43,IBM,109.13,1,BID
2020-10-30 10:41:43,IBM,109.17,1,ASK
2020-10-30 10:41:44,IBM,109.08,3,BID
2020-10-30 10:41:44,IBM,109.17,3,ASK
2020-10-30 10:41:44,IBM,109.1,1,BID
2020-10-30 10:41:44,IBM,109.17,3,ASK
2020-10-30 10:41:45,IBM,109.1,1,BID
2020-10-30 10:41:45,IBM,109.19,3,ASK
2020-10-30 10:41:46,IBM,109.1,1,BID
2020-10-30 10:41:46,IBM,109.17,2,ASK
2020-10-30 10:41:46,IBM,109.13,1,BID
2020-10-30 10:41:46,IBM,109.19,1,ASK
2020-10-30 10:41:47,IBM,109.13,1,BID
2020-10-30 10:41:47,IBM,109.19,4,ASK
2020-10-30 10:41:49,IBM,109.13,4,BID
2020-10-30 10:41:26,IBM,109.21,3,ASK
2020-10-30 10:41:50,IBM,109.15,3,BID
2020-10-30 10:41:50,IBM,109.24,6,ASK
2020-10-30 10:41:50,IBM,109.13,1,BID
2020-10-30 10:41:50,IBM,109.19,3,ASK
2020-10-30 10:41:50,IBM,109.11,2,BID
2020-10-30 10:41:50,IBM,109.19,3,ASK
2020-10-30 10:41:50,IBM,109.11,2,BID
2020-10-30 10:41:50,IBM,109.19,3,ASK
2020-10-30 10:41:51,IBM,109.11,1,BID
2020-10-30 10:41:51,IBM,109.16,2,ASK
2020-10-30 10:41:51,IBM,109.11,1,BID
2020-10-30 10:41:51,IBM,109.16,2,ASK
2020-10-30 10:41:51,IBM,109.11,1,BID
2020-10-30 10:41:51,IBM,109.16,2,ASK
2020-10-30 10:41:54,IBM,109.12,1,BID
2020-10-30 10:41:54,IBM,109.22,1,ASK
2020-10-30 10:41:54,IBM,109.12,1,BID
2020-10-30 10:41:54,IBM,109.22,1,ASK
2020-10-30 10:41:56,IBM,109.12,2,BID
2020-10-30 10:41:56,IBM,109.22,1,ASK
2020-10-30 10:41:58,IBM,109.13,4,BID
2020-10-30 10:41:58,IBM,109.27,1,ASK
2020-10-30 10:41:58,IBM,109.13,5,BID
2020-10-30 10:41:58,IBM,109.22,1,ASK
2020-10-30 10:41:58,IBM,109.13,5,BID
2020-10-30 10:41:59,IBM,109.22,2,ASK
2020-10-30 10:42:00,IBM,109.12,1,BID
2020-10-30 10:42:00,IBM,109.22,2,ASK
2020-10-30 10:42:00,IBM,109.13,1,BID
2020-10-30 10:42:00,IBM,109.22,2,ASK
2020-10-30 10:42:01,IBM,109.13,1,BID
2020-10-30 10:42:01,IBM,109.22,2,ASK
2020-10-30 10:42:02,IBM,109.13,1,BID
2020-10-30 10:42:02,IBM,109.22,2,ASK
2020-10-30 10:42:02,IBM,109.13,1,BID
2020-10-30 10:42:02,IBM,109.22,2,ASK
2020-10-30 10:42:03,IBM,109.12,1,BID
2020-10-30 10:42:03,IBM,109.22,2,ASK
2020-10-30 10:42:04,IBM,109.08,4,BID
2020-10-30 10:42:04,IBM,109.22,2,ASK
2020-10-30 10:42:04,IBM,109.08,2,BID
2020-10-30 10:42:04,IBM,109.21,9,ASK
2020-10-30 10:42:04,IBM,109.08,2,BID
2020-10-30 10:42:04,IBM,109.21,9,ASK
2020-10-30 10:42:05,IBM,109.08,2,BID
2020-10-30 10:42:04,IBM,109.21,9,ASK
2020-10-30 10:42:05,IBM,109.08,2,BID
2020-10-30 10:42:04,IBM,109.21,9,ASK
2020-10-30 10:42:04,IBM,109.07,4,BID
2020-10-30 10:42:07,IBM,109.2,3,ASK
2020-10-30 10:42:08,IBM,109.07,5,BID
2020-10-30 10:42:08,IBM,109.19,5,ASK
2020-10-30 10:42:09,IBM,109.08,1,BID
2020-10-30 10:42:08,IBM,109.19,5,ASK
2020-10-30 10:42:09,IBM,109.08,1,BID
2020-10-30 10:42:08,IBM,109.19,5,ASK
2020-10-30 10:42:11,IBM,109.08,1,BID
2020-10-30 10:42:08,IBM,109.19,5,ASK
2020-10-30 10:42:11,IBM,109.08,1,BID
2020-10-30 10:42:08,IBM,109.19,5,ASK
2020-10-30 10:42:11,IBM,109.08,1,BID
2020-10-30 10:42:08,IBM,109.19,5,ASK
2020-10-30 10:42:13,IBM,109.08,2,BID
2020-10-30 10:42:08,IBM,109.19,5,ASK
2020-10-30 10:42:13,IBM,109.08,2,BID
2020-10-30 10:42:08,IBM,109.19,5,ASK
2020-10-30 10:42:16,IBM,109.08,2,BID
2020-10-30 10:42:16,IBM,109.18,5,ASK
2020-10-30 10:42:17,IBM,109.08,2,BID
2020-10-30 10:42:17,IBM,109.17,2,ASK
2020-10-30 10:42:04,IBM,109.07,5,BID
2020-10-30 10:42:18,IBM,109.16,3,ASK
2020-10-30 10:42:04,IBM,109.07,5,BID
2020-10-30 10:42:18,IBM,109.16,3,ASK
2020-10-30 10:42:19,IBM,109.07,6,BID
2020-10-30 10:42:19,IBM,109.16,3,ASK
2020-10-30 10:42:19,IBM,109.07,6,BID
2020-10-30 10:42:19,IBM,109.16,3,ASK
2020-10-30 10:42:22,IBM,109.08,4,BID
2020-10-30 10:42:22,IBM,109.16,3,ASK
2020-10-30 10:42:22,IBM,109.08,4,BID
2020-10-30 10:42:22,IBM,109.16,3,ASK
2020-10-30 10:42:22,IBM,109.08,4,BID
2020-10-30 10:42:22,IBM,109.16,3,ASK
2020-10-30 10:42:25,IBM,109.08,6,BID
2020-10-30 10:42:25,IBM,109.16,3,ASK
2020-10-30 10:42:27,IBM,109.08,6,BID
2020-10-30 10:42:25,IBM,109.16,3,ASK
2020-10-30 10:42:27,IBM,109.08,6,BID
2020-10-30 10:42:25,IBM,109.16,3,ASK
2020-10-30 10:42:28,IBM,109.08,6,BID
2020-10-30 10:42:28,IBM,109.16,4,ASK
2020-10-30 10:42:30,IBM,109.08,6,BID
2020-10-30 10:42:31,IBM,109.16,4,ASK
2020-10-30 10:42:30,IBM,109.08,6,BID
2020-10-30 10:42:31,IBM,109.15,2,ASK
2020-10-30 10:42:33,IBM,109.08,6,BID
2020-10-30 10:42:33,IBM,109.15,6,ASK
2020-10-30 10:42:35,IBM,109.08,1,BID
2020-10-30 10:42:33,IBM,109.15,6,ASK
2020-10-30 10:42:35,IBM,109.08,1,BID
2020-10-30 10:42:33,IBM,109.15,6,ASK
2020-10-30 10:42:37,IBM,109.08,1,BID
2020-10-30 10:42:33,IBM,109.15,6,ASK
2020-10-30 10:42:37,IBM,109.08,1,BID
2020-10-30 10:42:33,IBM,109.15,6,ASK
2020-10-30 10:42:19,IBM,109.07,6,BID
2020-10-30 10:42:38,IBM,109.12,2,ASK
2020-10-30 10:42:19,IBM,109.07,6,BID
2020-10-30 10:42:38,IBM,109.12,2,ASK
2020-10-30 10:42:19,IBM,109.07,6,BID
2020-10-30 10:42:40,IBM,109.11,3,ASK
2020-10-30 10:42:41,IBM,109.03,6,BID
2020-10-30 10:42:41,IBM,109.11,3,ASK
2020-10-30 10:42:43,IBM,109.04,1,BID
2020-10-30 10:42:43,IBM,109.11,3,ASK
2020-10-30 10:42:44,IBM,109.03,6,BID
2020-10-30 10:42:44,IBM,109.11,4,ASK
2020-10-30 10:42:45,IBM,109.04,4,BID
2020-10-30 10:42:45,IBM,109.12,4,ASK
2020-10-30 10:42:46,IBM,109.04,3,BID
2020-10-30 10:42:46,IBM,109.11,1,ASK
2020-10-30 10:42:48,IBM,109.04,5,BID
2020-10-30 10:42:48,IBM,109.11,2,ASK
2020-10-30 10:42:50,IBM,109.04,6,BID
2020-10-30 10:42:50,IBM,109.11,2,ASK
2020-10-30 10:42:50,IBM,109.04,6,BID
2020-10-30 10:42:50,IBM,109.11,2,ASK
2020-10-30 10:42:50,IBM,109.04,6,BID
2020-10-30 10:42:50,IBM,109.11,2,ASK
2020-10-30 10:42:52,IBM,109.08,1,BID
2020-10-30 10:42:52,IBM,109.12,4,ASK
2020-10-30 10:42:52,IBM,109.08,1,BID
2020-10-30 10:42:52,IBM,109.12,4,ASK
2020-10-30 10:42:54,IBM,109.05,1,BID
2020-10-30 10:42:54,IBM,109.12,4,ASK
2020-10-30 10:42:55,IBM,109.05,1,BID
2020-10-30 10:42:55,IBM,109.14,2,ASK
2020-10-30 10:42:55,IBM,109.05,2,BID
2020-10-30 10:42:55,IBM,109.14,2,ASK
2020-10-30 10:42:55,IBM,109.05,2,BID
2020-10-30 10:42:55,IBM,109.14,2,ASK
2020-10-30 10:42:57,IBM,109.05,1,BID
2020-10-30 10:42:57,IBM,109.14,2,ASK
2020-10-30 10:42:58,IBM,109.06,2,BID
2020-10-30 10:42:58,IBM,109.14,2,ASK
2020-10-30 10:42:59,IBM,109.07,1,BID
2020-10-30 10:42:59,IBM,109.14,2,ASK
2020-10-30 10:43:00,IBM,109.06,1,BID
2020-10-30 10:43:00,IBM,109.14,2,ASK
2020-10-30 10:43:00,IBM,109.07,2,BID
2020-10-30 10:43:00,IBM,109.15,7,ASK
2020-10-30 10:43:00,IBM,109.08,3,BID
2020-10-30 10:43:00,IBM,109.15,7,ASK
2020-10-30 10:43:00,IBM,109.08,3,BID
2020-10-30 10:43:00,IBM,109.15,7,ASK
2020-10-30 10:43:01,IBM,109.1,6,BID
2020-10-30 10:43:01,IBM,109.21,7,ASK
2020-10-30 10:43:01,IBM,109.12,4,BID
2020-10-30 10:43:01,IBM,109.21,7,ASK
2020-10-30 10:43:01,IBM,109.12,4,BID
2020-10-30 10:43:01,IBM,109.21,7,ASK
2020-10-30 10:43:02,IBM,109.12,5,BID
2020-10-30 10:43:02,IBM,109.2,3,ASK
2020-10-30 10:43:03,IBM,109.12,5,BID
2020-10-30 10:43:02,IBM,109.21,5,ASK
2020-10-30 10:43:03,IBM,109.12,8,BID
2020-10-30 10:43:03,IBM,109.21,5,ASK
2020-10-30 10:43:03,IBM,109.14,6,BID
2020-10-30 10:43:03,IBM,109.27,3,ASK
2020-10-30 10:43:04,IBM,109.15,4,BID
2020-10-30 10:43:04,IBM,109.27,6,ASK
2020-10-30 10:43:04,IBM,109.15,5,BID
2020-10-30 10:43:04,IBM,109.27,6,ASK
2020-10-30 10:43:04,IBM,109.12,7,BID
2020-10-30 10:43:05,IBM,109.27,11,ASK
2020-10-30 10:43:04,IBM,109.12,7,BID
2020-10-30 10:43:05,IBM,109.27,12,ASK
2020-10-30 10:43:04,IBM,109.12,7,BID
2020-10-30 10:43:05,IBM,109.27,12,ASK
2020-10-30 10:43:04,IBM,109.12,7,BID
2020-10-30 10:43:06,IBM,109.27,12,ASK
2020-10-30 10:43:04,IBM,109.12,7,BID
2020-10-30 10:43:06,IBM,109.24,3,ASK
2020-10-30 10:43:04,IBM,109.12,7,BID
2020-10-30 10:43:06,IBM,109.24,3,ASK
2020-10-30 10:43:04,IBM,109.12,7,BID
2020-10-30 10:43:08,IBM,109.21,3,ASK
2020-10-30 10:43:09,IBM,109.12,7,BID
2020-10-30 10:43:09,IBM,109.18,4,ASK
2020-10-30 10:43:09,IBM,109.12,7,BID
2020-10-30 10:43:09,IBM,109.18,4,ASK
2020-10-30 10:43:09,IBM,109.12,7,BID
2020-10-30 10:43:10,IBM,109.17,3,ASK
2020-10-30 10:43:09,IBM,109.12,7,BID
2020-10-30 10:43:10,IBM,109.17,3,ASK
2020-10-30 10:43:09,IBM,109.12,7,BID
2020-10-30 10:43:10,IBM,109.17,3,ASK
2020-10-30 10:43:09,IBM,109.12,7,BID
2020-10-30 10:43:10,IBM,109.17,3,ASK
2020-10-30 10:43:09,IBM,109.12,7,BID
2020-10-30 10:43:14,IBM,109.17,5,ASK
2020-10-30 10:43:09,IBM,109.12,7,BID
2020-10-30 10:43:15,IBM,109.22,2,ASK
2020-10-30 10:43:15,IBM,109.12,8,BID
2020-10-30 10:43:15,IBM,109.22,3,ASK
2020-10-30 10:43:15,IBM,109.12,8,BID
2020-10-30 10:43:16,IBM,109.22,2,ASK
2020-10-30 10:43:17,IBM,109.12,9,BID
2020-10-30 10:43:17,IBM,109.18,2,ASK
2020-10-30 10:43:17,IBM,109.12,9,BID
2020-10-30 10:43:18,IBM,109.18,2,ASK
2020-10-30 10:43:17,IBM,109.12,9,BID
2020-10-30 10:43:18,IBM,109.18,2,ASK
2020-10-30 10:43:19,IBM,109.07,1,BID
2020-10-30 10:43:19,IBM,109.17,4,ASK
2020-10-30 10:43:19,IBM,109.07,1,BID
2020-10-30 10:43:19,IBM,109.17,4,ASK
2020-10-30 10:43:19,IBM,109.07,1,BID
2020-10-30 10:43:19,IBM,109.17,4,ASK
2020-10-30 10:43:19,IBM,109.07,1,BID
2020-10-30 10:43:19,IBM,109.17,4,ASK
2020-10-30 10:43:22,IBM,109.05,2,BID
2020-10-30 10:43:22,IBM,109.13,3,ASK
2020-10-30 10:43:22,IBM,109.05,2,BID
2020-10-30 10:43:22,IBM,109.13,3,ASK
2020-10-30 10:43:22,IBM,109.05,2,BID
2020-10-30 10:43:22,IBM,109.13,3,ASK
2020-10-30 10:43:21,IBM,109.04,9,BID
2020-10-30 10:43:23,IBM,109.12,4,ASK
2020-10-30 10:43:21,IBM,109.04,8,BID
2020-10-30 10:43:23,IBM,109.12,4,ASK
2020-10-30 10:43:21,IBM,109.04,8,BID
2020-10-30 10:43:23,IBM,109.12,4,ASK
2020-10-30 10:43:21,IBM,109.04,8,BID
2020-10-30 10:43:23,IBM,109.12,4,ASK
2020-10-30 10:43:21,IBM,109.04,8,BID
2020-10-30 10:43:24,IBM,109.07,3,ASK
2020-10-30 10:43:25,IBM,109.01,2,BID
2020-10-30 10:43:25,IBM,109.05,3,ASK
2020-10-30 10:43:26,IBM,109.01,2,BID
2020-10-30 10:43:26,IBM,109.05,6,ASK
2020-10-30 10:43:27,IBM,109.02,3,BID
2020-10-30 10:43:27,IBM,109.1,2,ASK
2020-10-30 10:43:27,IBM,109.01,3,BID
2020-10-30 10:43:27,IBM,109.1,2,ASK
2020-10-30 10:43:30,IBM,109.0,15,BID
2020-10-30 10:43:30,IBM,109.06,4,ASK
2020-10-30 10:43:31,IBM,109.02,1,BID
2020-10-30 10:43:31,IBM,109.06,4,ASK
2020-10-30 10:43:31,IBM,109.02,1,BID
2020-10-30 10:43:31,IBM,109.06,4,ASK
2020-10-30 10:43:32,IBM,109.03,1,BID
2020-10-30 10:43:32,IBM,109.1,4,ASK
2020-10-30 10:43:33,IBM,109.03,2,BID
2020-10-30 10:43:33,IBM,109.1,5,ASK
2020-10-30 10:43:33,IBM,109.03,2,BID
2020-10-30 10:43:33,IBM,109.1,5,ASK
2020-10-30 10:43:33,IBM,109.03,2,BID
2020-10-30 10:43:33,IBM,109.1,5,ASK
2020-10-30 10:43:37,IBM,109.02,3,BID
2020-10-30 10:43:37,IBM,109.09,3,ASK
2020-10-30 10:43:37,IBM,109.02,3,BID
2020-10-30 10:43:38,IBM,109.08,2,ASK
2020-10-30 10:43:37,IBM,109.02,3,BID
2020-10-30 10:43:38,IBM,109.09,4,ASK
2020-10-30 10:43:37,IBM,109.02,3,BID
2020-10-30 10:43:38,IBM,109.09,4,ASK
2020-10-30 10:43:37,IBM,109.02,3,BID
2020-10-30 10:43:38,IBM,109.09,4,ASK
2020-10-30 10:43:37,IBM,109.02,3,BID
2020-10-30 10:43:38,IBM,109.09,4,ASK
2020-10-30 10:43:42,IBM,109.02,3,BID
2020-10-30 10:43:38,IBM,109.09,4,ASK
2020-10-30 10:43:44,IBM,109.02,3,BID
2020-10-30 10:43:38,IBM,109.09,4,ASK
2020-10-30 10:43:45,IBM,109.0,30,BID
2020-10-30 10:43:45,IBM,109.09,7,ASK
2020-10-30 10:43:45,IBM,109.0,30,BID
2020-10-30 10:43:45,IBM,109.09,7,ASK
2020-10-30 10:43:45,IBM,109.0,30,BID
2020-10-30 10:43:45,IBM,109.09,7,ASK
2020-10-30 10:43:45,IBM,109.0,30,BID
2020-10-30 10:43:45,IBM,109.09,7,ASK
2020-10-30 10:43:45,IBM,109.0,30,BID
2020-10-30 10:43:47,IBM,109.08,1,ASK
2020-10-30 10:43:45,IBM,109.0,30,BID
2020-10-30 10:43:47,IBM,109.08,1,ASK
2020-10-30 10:43:48,IBM,109.01,2,BID
2020-10-30 10:43:45,IBM,109.09,10,ASK
2020-10-30 10:43:45,IBM,109.0,30,BID
2020-10-30 10:43:45,IBM,109.09,10,ASK
2020-10-30 10:43:45,IBM,109.0,30,BID
2020-10-30 10:43:45,IBM,109.09,10,ASK
2020-10-30 10:43:45,IBM,109.0,30,BID
2020-10-30 10:43:45,IBM,109.09,10,ASK
2020-10-30 10:43:45,IBM,109.0,30,BID
2020-10-30 10:43:45,IBM,109.09,10,ASK
2020-10-30 10:43:50,IBM,109.0,27,BID
2020-10-30 10:43:50,IBM,109.05,1,ASK
2020-10-30 10:43:50,IBM,108.91,3,BID
2020-10-30 10:43:50,IBM,108.99,5,ASK
2020-10-30 10:43:50,IBM,108.89,2,BID
2020-10-30 10:43:50,IBM,108.98,1,ASK
2020-10-30 10:43:50,IBM,108.82,1,BID
2020-10-30 10:43:50,IBM,108.94,2,ASK
2020-10-30 10:43:51,IBM,108.83,2,BID
2020-10-30 10:43:51,IBM,108.92,6,ASK
2020-10-30 10:43:51,IBM,108.89,1,BID
2020-10-30 10:43:51,IBM,108.96,5,ASK
2020-10-30 10:43:51,IBM,108.87,3,BID
2020-10-30 10:43:51,IBM,109.0,5,ASK
2020-10-30 10:43:52,IBM,108.87,3,BID
2020-10-30 10:43:52,IBM,109.0,5,ASK
2020-10-30 10:43:52,IBM,108.87,3,BID
2020-10-30 10:43:52,IBM,109.0,8,ASK
2020-10-30 10:43:52,IBM,108.89,3,BID
2020-10-30 10:43:52,IBM,109.0,7,ASK
2020-10-30 10:43:53,IBM,108.9,4,BID
2020-10-30 10:43:53,IBM,109.0,5,ASK
2020-10-30 10:43:53,IBM,108.91,3,BID
2020-10-30 10:43:53,IBM,109.03,3,ASK
2020-10-30 10:43:53,IBM,108.92,3,BID
2020-10-30 10:43:53,IBM,109.03,3,ASK
2020-10-30 10:43:54,IBM,108.93,7,BID
2020-10-30 10:43:54,IBM,109.05,10,ASK
2020-10-30 10:43:54,IBM,108.93,7,BID
2020-10-30 10:43:54,IBM,109.05,10,ASK
2020-10-30 10:43:54,IBM,108.93,7,BID
2020-10-30 10:43:54,IBM,109.05,9,ASK
2020-10-30 10:43:55,IBM,108.93,8,BID
2020-10-30 10:43:54,IBM,109.05,9,ASK
2020-10-30 10:43:55,IBM,108.87,4,BID
2020-10-30 10:43:55,IBM,108.96,2,ASK
2020-10-30 10:43:55,IBM,108.9,2,BID
2020-10-30 10:43:55,IBM,108.98,1,ASK
2020-10-30 10:43:55,IBM,108.9,2,BID
2020-10-30 10:43:55,IBM,108.98,1,ASK
2020-10-30 10:43:55,IBM,108.9,2,BID
2020-10-30 10:43:55,IBM,108.98,1,ASK
2020-10-30 10:43:56,IBM,108.87,5,BID
2020-10-30 10:43:56,IBM,108.98,2,ASK
2020-10-30 10:43:56,IBM,108.87,5,BID
2020-10-30 10:43:57,IBM,108.98,4,ASK
2020-10-30 10:43:56,IBM,108.87,5,BID
2020-10-30 10:43:57,IBM,108.98,4,ASK
2020-10-30 10:43:57,IBM,108.87,5,BID
2020-10-30 10:43:57,IBM,108.95,5,ASK
2020-10-30 10:43:57,IBM,108.87,5,BID
2020-10-30 10:43:57,IBM,108.95,5,ASK
2020-10-30 10:43:57,IBM,108.87,5,BID
2020-10-30 10:43:57,IBM,108.95,5,ASK
2020-10-30 10:43:57,IBM,108.87,5,BID
2020-10-30 10:44:00,IBM,108.95,5,ASK
2020-10-30 10:44:01,IBM,108.89,6,BID
2020-10-30 10:44:01,IBM,109.02,4,ASK
2020-10-30 10:44:01,IBM,108.9,5,BID
2020-10-30 10:44:01,IBM,109.02,4,ASK
2020-10-30 10:44:02,IBM,108.9,5,BID
2020-10-30 10:44:02,IBM,109.02,3,ASK
2020-10-30 10:44:02,IBM,108.9,5,BID
2020-10-30 10:44:02,IBM,109.02,3,ASK
2020-10-30 10:44:03,IBM,108.91,4,BID
2020-10-30 10:44:03,IBM,109.02,2,ASK
2020-10-30 10:44:04,IBM,108.93,4,BID
2020-10-30 10:44:04,IBM,109.04,2,ASK
2020-10-30 10:44:04,IBM,108.93,10,BID
2020-10-30 10:44:04,IBM,109.04,2,ASK
2020-10-30 10:44:04,IBM,108.93,11,BID
2020-10-30 10:44:04,IBM,109.02,2,ASK
2020-10-30 10:44:04,IBM,108.93,11,BID
2020-10-30 10:44:05,IBM,109.02,2,ASK
2020-10-30 10:44:04,IBM,108.93,11,BID
2020-10-30 10:44:05,IBM,109.02,3,ASK
2020-10-30 10:44:05,IBM,108.93,12,BID
2020-10-30 10:44:05,IBM,109.02,3,ASK
2020-10-30 10:44:05,IBM,108.93,12,BID
2020-10-30 10:44:05,IBM,109.02,3,ASK
2020-10-30 10:44:05,IBM,108.93,12,BID
2020-10-30 10:44:06,IBM,109.02,3,ASK
2020-10-30 10:44:05,IBM,108.93,12,BID
2020-10-30 10:44:06,IBM,109.02,3,ASK
2020-10-30 10:44:08,IBM,108.93,1,BID
2020-10-30 10:44:08,IBM,109.02,3,ASK
2020-10-30 10:44:08,IBM,108.93,1,BID
2020-10-30 10:44:08,IBM,109.02,3,ASK
2020-10-30 10:44:09,IBM,108.93,3,BID
2020-10-30 10:44:09,IBM,109.02,3,ASK
2020-10-30 10:44:09,IBM,108.93,3,BID
2020-10-30 10:44:09,IBM,109.02,3,ASK
2020-10-30 10:44:10,IBM,108.93,5,BID
2020-10-30 10:44:11,IBM,109.02,3,ASK
2020-10-30 10:44:10,IBM,108.93,5,BID
2020-10-30 10:44:11,IBM,109.02,3,ASK
2020-10-30 10:44:12,IBM,108.91,1,BID
2020-10-30 10:44:12,IBM,109.01,8,ASK
2020-10-30 10:44:13,IBM,108.91,2,BID
2020-10-30 10:44:13,IBM,109.01,10,ASK
2020-10-30 10:44:14,IBM,108.92,2,BID
2020-10-30 10:44:14,IBM,109.01,9,ASK
2020-10-30 10:44:15,IBM,108.91,1,BID
2020-10-30 10:44:15,IBM,109.0,3,ASK
2020-10-30 10:44:17,IBM,108.95,1,BID
2020-10-30 10:44:17,IBM,109.0,3,ASK
2020-10-30 10:44:17,IBM,108.95,1,BID
2020-10-30 10:44:17,IBM,109.0,3,ASK
2020-10-30 10:44:20,IBM,108.95,1,BID
2020-10-30 10:44:20,IBM,109.02,3,ASK
2020-10-30 10:44:20,IBM,108.95,1,BID
2020-10-30 10:44:20,IBM,109.02,3,ASK
2020-10-30 10:44:23,IBM,108.92,2,BID
2020-10-30 10:44:23,IBM,109.06,2,ASK
2020-10-30 10:44:23,IBM,108.96,3,BID
2020-10-30 10:44:23,IBM,109.06,3,ASK
2020-10-30 10:44:24,IBM,108.96,3,BID
2020-10-30 10:44:23,IBM,109.06,3,ASK
2020-10-30 10:44:25,IBM,108.99,3,BID
2020-10-30 10:44:23,IBM,109.07,2,ASK
2020-10-30 10:44:26,IBM,108.99,5,BID
2020-10-30 10:44:26,IBM,109.07,5,ASK
2020-10-30 10:44:26,IBM,108.99,5,BID
2020-10-30 10:44:27,IBM,109.07,5,ASK
2020-10-30 10:44:28,IBM,108.99,5,BID
2020-10-30 10:44:26,IBM,109.07,6,ASK
2020-10-30 10:44:30,IBM,108.99,5,BID
2020-10-30 10:44:26,IBM,109.07,6,ASK
2020-10-30 10:44:31,IBM,109.0,4,BID
2020-10-30 10:44:26,IBM,109.07,6,ASK
2020-10-30 10:44:32,IBM,109.0,6,BID
2020-10-30 10:44:26,IBM,109.07,6,ASK
2020-10-30 10:44:32,IBM,109.0,6,BID
2020-10-30 10:44:26,IBM,109.07,6,ASK
2020-10-30 10:44:32,IBM,109.0,6,BID
2020-10-30 10:44:26,IBM,109.07,6,ASK
2020-10-30 10:44:36,IBM,108.99,5,BID
2020-10-30 10:44:26,IBM,109.07,6,ASK
2020-10-30 10:44:36,IBM,109.0,1,BID
2020-10-30 10:44:26,IBM,109.07,6,ASK
2020-10-30 10:44:39,IBM,108.97,1,BID
2020-10-30 10:44:39,IBM,109.06,1,ASK
2020-10-30 10:44:40,IBM,108.9,3,BID
2020-10-30 10:44:40,IBM,109.0,2,ASK
2020-10-30 10:44:40,IBM,108.96,2,BID
2020-10-30 10:44:40,IBM,109.02,1,ASK
2020-10-30 10:44:40,IBM,108.96,2,BID
2020-10-30 10:44:40,IBM,109.02,1,ASK
2020-10-30 10:44:40,IBM,108.96,2,BID
2020-10-30 10:44:40,IBM,109.02,1,ASK
2020-10-30 10:44:41,IBM,108.96,1,BID
2020-10-30 10:44:41,IBM,109.02,3,ASK
2020-10-30 10:44:41,IBM,108.96,3,BID
2020-10-30 10:44:41,IBM,109.02,3,ASK
2020-10-30 10:44:43,IBM,108.97,1,BID
2020-10-30 10:44:43,IBM,109.02,3,ASK
2020-10-30 10:44:44,IBM,108.96,3,BID
2020-10-30 10:44:44,IBM,109.02,3,ASK
2020-10-30 10:44:44,IBM,108.96,3,BID
2020-10-30 10:44:44,IBM,109.02,3,ASK
2020-10-30 10:44:46,IBM,108.95,3,BID
2020-10-30 10:44:46,IBM,109.02,9,ASK
2020-10-30 10:44:48,IBM,108.95,3,BID
2020-10-30 10:44:26,IBM,109.07,8,ASK
2020-10-30 10:44:48,IBM,108.95,3,BID
2020-10-30 10:44:48,IBM,109.06,3,ASK
2020-10-30 10:44:48,IBM,108.95,3,BID
2020-10-30 10:44:48,IBM,109.06,3,ASK
2020-10-30 10:44:49,IBM,108.96,3,BID
2020-10-30 10:44:48,IBM,109.06,4,ASK
2020-10-30 10:44:51,IBM,108.96,4,BID
2020-10-30 10:44:51,IBM,109.05,3,ASK
2020-10-30 10:44:51,IBM,108.96,4,BID
2020-10-30 10:44:51,IBM,109.05,3,ASK
2020-10-30 10:44:51,IBM,108.96,4,BID
2020-10-30 10:44:51,IBM,109.05,3,ASK
2020-10-30 10:44:52,IBM,108.96,5,BID
2020-10-30 10:44:52,IBM,109.05,6,ASK
2020-10-30 10:44:53,IBM,108.96,5,BID
2020-10-30 10:44:52,IBM,109.05,10,ASK
2020-10-30 10:44:54,IBM,108.92,1,BID
2020-10-30 10:44:52,IBM,109.05,10,ASK
2020-10-30 10:44:54,IBM,108.92,1,BID
2020-10-30 10:44:52,IBM,109.05,10,ASK
2020-10-30 10:44:55,IBM,108.92,1,BID
2020-10-30 10:44:55,IBM,109.04,5,ASK
2020-10-30 10:44:55,IBM,108.92,1,BID
2020-10-30 10:44:55,IBM,109.04,5,ASK
2020-10-30 10:44:55,IBM,108.92,1,BID
2020-10-30 10:44:55,IBM,109.04,5,ASK
2020-10-30 10:44:55,IBM,108.92,1,BID
2020-10-30 10:44:55,IBM,109.04,5,ASK
2020-10-30 10:44:55,IBM,108.92,1,BID
2020-10-30 10:44:55,IBM,109.04,5,ASK
2020-10-30 10:44:55,IBM,108.92,1,BID
2020-10-30 10:44:55,IBM,109.04,5,ASK
2020-10-30 10:44:55,IBM,108.92,1,BID
2020-10-30 10:44:55,IBM,109.04,5,ASK
2020-10-30 10:44:55,IBM,108.92,1,BID
2020-10-30 10:44:55,IBM,109.04,5,ASK
2020-10-30 10:44:55,IBM,108.92,1,BID
2020-10-30 10:44:55,IBM,109.04,5,ASK
2020-10-30 10:44:56,IBM,108.92,1,BID
2020-10-30 10:44:56,IBM,109.04,5,ASK
2020-10-30 10:44:57,IBM,108.92,3,BID
2020-10-30 10:44:59,IBM,109.03,4,ASK
2020-10-30 10:45:00,IBM,108.94,4,BID
2020-10-30 10:45:00,IBM,109.03,5,ASK
2020-10-30 10:45:00,IBM,108.94,4,BID
2020-10-30 10:45:00,IBM,109.03,5,ASK
2020-10-30 10:45:00,IBM,108.94,4,BID
2020-10-30 10:45:00,IBM,109.03,5,ASK
2020-10-30 10:45:01,IBM,108.94,4,BID
2020-10-30 10:45:01,IBM,109.03,5,ASK
2020-10-30 10:45:01,IBM,108.94,4,BID
2020-10-30 10:45:01,IBM,109.03,5,ASK
2020-10-30 10:45:01,IBM,108.94,4,BID
2020-10-30 10:45:01,IBM,109.03,5,ASK
2020-10-30 10:45:03,IBM,108.94,4,BID
2020-10-30 10:45:01,IBM,109.03,5,ASK
2020-10-30 10:45:03,IBM,108.94,4,BID
2020-10-30 10:45:01,IBM,109.03,5,ASK
2020-10-30 10:45:03,IBM,108.94,4,BID
2020-10-30 10:45:03,IBM,109.01,2,ASK
2020-10-30 10:45:04,IBM,108.92,3,BID
2020-10-30 10:45:04,IBM,109.01,3,ASK
2020-10-30 10:45:04,IBM,108.92,3,BID
2020-10-30 10:45:04,IBM,109.01,3,ASK
2020-10-30 10:45:05,IBM,108.92,3,BID
2020-10-30 10:45:05,IBM,109.01,7,ASK
2020-10-30 10:45:06,IBM,108.92,3,BID
2020-10-30 10:45:06,IBM,109.01,7,ASK
2020-10-30 10:45:06,IBM,108.92,6,BID
2020-10-30 10:45:06,IBM,109.03,4,ASK
2020-10-30 10:45:06,IBM,108.92,6,BID
2020-10-30 10:45:06,IBM,109.03,4,ASK
2020-10-30 10:45:08,IBM,108.92,9,BID
2020-10-30 10:45:08,IBM,109.03,6,ASK
2020-10-30 10:45:09,IBM,108.93,4,BID
2020-10-30 10:45:09,IBM,109.04,2,ASK
2020-10-30 10:45:10,IBM,108.94,3,BID
2020-10-30 10:45:10,IBM,109.04,4,ASK
2020-10-30 10:45:11,IBM,108.94,3,BID
2020-10-30 10:45:11,IBM,109.04,4,ASK
2020-10-30 10:45:12,IBM,108.94,3,BID
2020-10-30 10:45:11,IBM,109.04,4,ASK
2020-10-30 10:45:13,IBM,109.02,3,BID
2020-10-30 10:45:13,IBM,109.12,8,ASK
2020-10-30 10:45:13,IBM,109.02,6,BID
2020-10-30 10:45:13,IBM,109.12,8,ASK
2020-10-30 10:45:13,IBM,109.02,6,BID
2020-10-30 10:45:13,IBM,109.12,8,ASK
2020-10-30 10:45:15,IBM,109.0,3,BID
2020-10-30 10:45:15,IBM,109.08,2,ASK
2020-10-30 10:45:16,IBM,108.97,2,BID
2020-10-30 10:45:16,IBM,109.08,2,ASK
2020-10-30 10:45:17,IBM,108.97,3,BID
2020-10-30 10:45:17,IBM,109.07,1,ASK
2020-10-30 10:45:18,IBM,108.97,5,BID
2020-10-30 10:45:18,IBM,109.07,1,ASK
2020-10-30 10:45:18,IBM,108.97,5,BID
2020-10-30 10:45:18,IBM,109.07,1,ASK
2020-10-30 10:45:20,IBM,108.97,7,BID
2020-10-30 10:45:20,IBM,109.05,1,ASK
2020-10-30 10:45:21,IBM,108.97,7,BID
2020-10-30 10:45:21,IBM,109.06,3,ASK
2020-10-30 10:45:22,IBM,108.97,7,BID
2020-10-30 10:45:22,IBM,109.05,1,ASK
2020-10-30 10:45:22,IBM,108.97,9,BID
2020-10-30 10:45:22,IBM,109.06,3,ASK
2020-10-30 10:45:23,IBM,108.97,9,BID
2020-10-30 10:45:23,IBM,109.06,4,ASK
2020-10-30 10:45:23,IBM,108.97,9,BID
2020-10-30 10:45:23,IBM,109.06,4,ASK
2020-10-30 10:45:23,IBM,108.97,9,BID
2020-10-30 10:45:23,IBM,109.06,4,ASK
2020-10-30 10:45:23,IBM,108.97,9,BID
2020-10-30 10:45:25,IBM,109.07,1,ASK
2020-10-30 10:45:23,IBM,108.97,9,BID
2020-10-30 10:45:26,IBM,109.07,3,ASK
2020-10-30 10:45:23,IBM,108.97,9,BID
2020-10-30 10:45:28,IBM,109.06,3,ASK
2020-10-30 10:45:23,IBM,108.97,9,BID
2020-10-30 10:45:29,IBM,109.06,3,ASK
2020-10-30 10:45:30,IBM,108.98,2,BID
2020-10-30 10:45:30,IBM,109.06,3,ASK
2020-10-30 10:45:32,IBM,108.98,2,BID
2020-10-30 10:45:31,IBM,109.06,4,ASK
2020-10-30 10:45:32,IBM,108.97,8,BID
2020-10-30 10:45:31,IBM,109.06,4,ASK
2020-10-30 10:45:34,IBM,108.98,2,BID
2020-10-30 10:45:34,IBM,109.07,7,ASK
2020-10-30 10:45:34,IBM,108.98,2,BID
2020-10-30 10:45:34,IBM,109.07,6,ASK
2020-10-30 10:45:34,IBM,108.98,2,BID
2020-10-30 10:45:34,IBM,109.07,6,ASK
2020-10-30 10:45:37,IBM,108.99,3,BID
2020-10-30 10:45:34,IBM,109.07,6,ASK
2020-10-30 10:45:39,IBM,108.98,2,BID
2020-10-30 10:45:34,IBM,109.07,6,ASK
2020-10-30 10:45:39,IBM,108.98,2,BID
2020-10-30 10:45:34,IBM,109.07,6,ASK
2020-10-30 10:45:41,IBM,108.98,3,BID
2020-10-30 10:45:34,IBM,109.07,6,ASK
2020-10-30 10:45:41,IBM,108.98,3,BID
2020-10-30 10:45:34,IBM,109.07,6,ASK
2020-10-30 10:45:41,IBM,108.98,3,BID
2020-10-30 10:45:34,IBM,109.07,6,ASK
2020-10-30 10:45:41,IBM,108.98,3,BID
2020-10-30 10:45:34,IBM,109.07,6,ASK
2020-10-30 10:45:45,IBM,108.98,3,BID
2020-10-30 10:45:34,IBM,109.07,4,ASK
2020-10-30 10:45:46,IBM,108.98,3,BID
2020-10-30 10:45:46,IBM,109.08,3,ASK
2020-10-30 10:45:46,IBM,109.02,4,BID
2020-10-30 10:45:46,IBM,109.1,4,ASK
2020-10-30 10:45:46,IBM,109.02,4,BID
2020-10-30 10:45:46,IBM,109.07,1,ASK
2020-10-30 10:45:46,IBM,109.02,4,BID
2020-10-30 10:45:46,IBM,109.07,1,ASK
2020-10-30 10:45:48,IBM,108.98,1,BID
2020-10-30 10:45:48,IBM,109.07,3,ASK
2020-10-30 10:45:41,IBM,108.97,11,BID
2020-10-30 10:45:50,IBM,109.06,2,ASK
2020-10-30 10:45:51,IBM,108.98,1,BID
2020-10-30 10:45:51,IBM,109.06,2,ASK
2020-10-30 10:45:41,IBM,108.97,11,BID
2020-10-30 10:45:53,IBM,109.04,3,ASK
2020-10-30 10:45:53,IBM,108.97,11,BID
2020-10-30 10:45:53,IBM,109.04,3,ASK
2020-10-30 10:45:56,IBM,108.98,1,BID
2020-10-30 10:45:56,IBM,109.04,3,ASK
2020-10-30 10:45:57,IBM,108.98,3,BID
2020-10-30 10:45:57,IBM,109.05,3,ASK
2020-10-30 10:45:59,IBM,108.98,4,BID
2020-10-30 10:45:59,IBM,109.05,3,ASK
2020-10-30 10:45:59,IBM,108.98,4,BID
2020-10-30 10:46:00,IBM,109.05,3,ASK
2020-10-30 10:46:01,IBM,108.97,7,BID
2020-10-30 10:46:01,IBM,109.03,2,ASK
2020-10-30 10:46:02,IBM,108.94,6,BID
2020-10-30 10:46:02,IBM,108.99,2,ASK
2020-10-30 10:46:02,IBM,108.94,6,BID
2020-10-30 10:46:02,IBM,108.99,2,ASK
2020-10-30 10:46:02,IBM,108.94,6,BID
2020-10-30 10:46:04,IBM,108.99,2,ASK
2020-10-30 10:45:04,IBM,108.92,6,BID
2020-10-30 10:46:05,IBM,109.01,4,ASK
2020-10-30 10:46:07,IBM,108.92,8,BID
2020-10-30 10:46:07,IBM,109.0,4,ASK
2020-10-30 10:46:08,IBM,108.93,1,BID
2020-10-30 10:46:08,IBM,108.99,3,ASK
2020-10-30 10:46:09,IBM,108.93,3,BID
2020-10-30 10:46:08,IBM,108.99,4,ASK
2020-10-30 10:46:10,IBM,108.94,7,BID
2020-10-30 10:46:10,IBM,109.02,1,ASK
2020-10-30 10:46:10,IBM,108.94,7,BID
2020-10-30 10:46:10,IBM,109.02,3,ASK
2020-10-30 10:46:09,IBM,108.93,3,BID
2020-10-30 10:46:11,IBM,109.0,3,ASK
2020-10-30 10:46:09,IBM,108.93,3,BID
2020-10-30 10:46:11,IBM,109.0,3,ASK
2020-10-30 10:46:09,IBM,108.93,3,BID
2020-10-30 10:46:11,IBM,109.0,3,ASK
2020-10-30 10:46:14,IBM,108.94,1,BID
2020-10-30 10:46:14,IBM,109.0,3,ASK
2020-10-30 10:46:15,IBM,108.94,12,BID
2020-10-30 10:46:15,IBM,109.02,2,ASK
2020-10-30 10:46:15,IBM,108.94,12,BID
2020-10-30 10:46:15,IBM,109.02,2,ASK
2020-10-30 10:46:17,IBM,108.97,3,BID
2020-10-30 10:46:17,IBM,109.06,7,ASK
2020-10-30 10:46:17,IBM,108.97,8,BID
2020-10-30 10:46:17,IBM,109.06,9,ASK
2020-10-30 10:46:18,IBM,108.97,7,BID
2020-10-30 10:46:17,IBM,109.06,9,ASK
2020-10-30 10:46:19,IBM,108.95,2,BID
2020-10-30 10:46:19,IBM,109.05,3,ASK
2020-10-30 10:46:19,IBM,108.94,9,BID
2020-10-30 10:46:19,IBM,109.05,3,ASK
2020-10-30 10:46:19,IBM,108.94,9,BID
2020-10-30 10:46:19,IBM,109.05,8,ASK
2020-10-30 10:46:19,IBM,108.94,9,BID
2020-10-30 10:46:19,IBM,109.04,3,ASK
2020-10-30 10:46:20,IBM,108.94,9,BID
2020-10-30 10:46:20,IBM,109.04,5,ASK
2020-10-30 10:46:20,IBM,108.94,9,BID
2020-10-30 10:46:20,IBM,109.04,5,ASK
2020-10-30 10:46:22,IBM,108.94,9,BID
2020-10-30 10:46:22,IBM,109.04,5,ASK
2020-10-30 10:46:23,IBM,108.94,9,BID
2020-10-30 10:46:23,IBM,109.04,5,ASK
2020-10-30 10:46:24,IBM,108.94,9,BID
2020-10-30 10:46:24,IBM,109.03,5,ASK
2020-10-30 10:46:25,IBM,108.93,4,BID
2020-10-30 10:46:25,IBM,109.01,5,ASK
2020-10-30 10:46:25,IBM,108.91,2,BID
2020-10-30 10:46:25,IBM,108.99,5,ASK
2020-10-30 10:46:26,IBM,108.91,2,BID
2020-10-30 10:46:26,IBM,108.99,4,ASK
2020-10-30 10:46:27,IBM,108.91,2,BID
2020-10-30 10:46:27,IBM,108.99,3,ASK
2020-10-30 10:46:27,IBM,108.91,2,BID
2020-10-30 10:46:27,IBM,108.99,3,ASK
2020-10-30 10:46:27,IBM,108.91,2,BID
2020-10-30 10:46:27,IBM,108.99,3,ASK
2020-10-30 10:46:30,IBM,108.91,2,BID
2020-10-30 10:46:30,IBM,108.99,3,ASK
2020-10-30 10:46:30,IBM,108.91,2,BID
2020-10-30 10:46:30,IBM,108.99,3,ASK
2020-10-30 10:46:32,IBM,108.92,1,BID
2020-10-30 10:46:32,IBM,108.99,3,ASK
2020-10-30 10:46:32,IBM,108.92,1,BID
2020-10-30 10:46:32,IBM,108.99,3,ASK
2020-10-30 10:46:32,IBM,108.92,1,BID
2020-10-30 10:46:32,IBM,108.99,3,ASK
2020-10-30 10:46:32,IBM,108.92,1,BID
2020-10-30 10:46:32,IBM,108.99,3,ASK
2020-10-30 10:46:32,IBM,108.92,1,BID
2020-10-30 10:46:32,IBM,108.99,3,ASK
2020-10-30 10:46:32,IBM,108.92,1,BID
2020-10-30 10:46:32,IBM,108.99,3,ASK
2020-10-30 10:46:39,IBM,108.93,4,BID
2020-10-30 10:46:38,IBM,109.01,5,ASK
2020-10-30 10:46:38,IBM,108.92,3,BID
2020-10-30 10:46:40,IBM,109.01,7,ASK
2020-10-30 10:46:41,IBM,108.91,3,BID
2020-10-30 10:46:40,IBM,109.01,8,ASK
2020-10-30 10:46:41,IBM,108.91,3,BID
2020-10-30 10:46:40,IBM,109.01,8,ASK
2020-10-30 10:46:43,IBM,108.91,3,BID
2020-10-30 10:46:40,IBM,109.01,10,ASK
2020-10-30 10:46:43,IBM,108.91,3,BID
2020-10-30 10:46:43,IBM,108.99,4,ASK
2020-10-30 10:46:43,IBM,108.91,3,BID
2020-10-30 10:46:43,IBM,108.99,4,ASK
2020-10-30 10:46:43,IBM,108.91,3,BID
2020-10-30 10:46:43,IBM,108.99,4,ASK
2020-10-30 10:46:47,IBM,108.91,5,BID
2020-10-30 10:46:47,IBM,108.99,4,ASK
2020-10-30 10:46:47,IBM,108.91,5,BID
2020-10-30 10:46:47,IBM,108.99,4,ASK
2020-10-30 10:46:47,IBM,108.91,5,BID
2020-10-30 10:46:47,IBM,108.99,4,ASK
2020-10-30 10:46:47,IBM,108.91,5,BID
2020-10-30 10:46:47,IBM,108.99,4,ASK
2020-10-30 10:46:47,IBM,108.91,6,BID
2020-10-30 10:46:51,IBM,108.99,4,ASK
2020-10-30 10:46:47,IBM,108.91,6,BID
2020-10-30 10:46:51,IBM,108.99,4,ASK
2020-10-30 10:46:47,IBM,108.91,6,BID
2020-10-30 10:46:51,IBM,108.99,4,ASK
2020-10-30 10:46:47,IBM,108.91,6,BID
2020-10-30 10:46:51,IBM,108.99,4,ASK
2020-10-30 10:46:47,IBM,108.91,6,BID
2020-10-30 10:46:51,IBM,108.99,4,ASK
2020-10-30 10:46:47,IBM,108.91,6,BID
2020-10-30 10:46:51,IBM,108.99,4,ASK
2020-10-30 10:46:47,IBM,108.91,6,BID
2020-10-30 10:46:51,IBM,108.99,4,ASK
2020-10-30 10:46:47,IBM,108.91,6,BID
2020-10-30 10:46:51,IBM,108.99,4,ASK
2020-10-30 10:46:47,IBM,108.91,6,BID
2020-10-30 10:46:51,IBM,108.99,4,ASK
2020-10-30 10:46:47,IBM,108.91,6,BID
2020-10-30 10:46:51,IBM,108.99,4,ASK
2020-10-30 10:46:47,IBM,108.91,6,BID
2020-10-30 10:46:51,IBM,108.99,4,ASK
2020-10-30 10:46:47,IBM,108.91,6,BID
2020-10-30 10:46:51,IBM,108.99,4,ASK
2020-10-30 10:46:47,IBM,108.91,6,BID
2020-10-30 10:46:51,IBM,108.99,4,ASK
2020-10-30 10:46:47,IBM,108.91,6,BID
2020-10-30 10:46:51,IBM,108.99,4,ASK
2020-10-30 10:46:47,IBM,108.91,6,BID
2020-10-30 10:46:51,IBM,108.99,4,ASK
2020-10-30 10:46:47,IBM,108.91,6,BID
2020-10-30 10:46:51,IBM,108.99,4,ASK
2020-10-30 10:46:47,IBM,108.91,6,BID
2020-10-30 10:46:51,IBM,108.99,4,ASK
2020-10-30 10:46:47,IBM,108.91,6,BID
2020-10-30 10:46:51,IBM,108.99,4,ASK
2020-10-30 10:46:47,IBM,108.91,6,BID
2020-10-30 10:46:51,IBM,108.99,4,ASK
2020-10-30 10:46:47,IBM,108.91,6,BID
2020-10-30 10:46:51,IBM,108.99,4,ASK
2020-10-30 10:46:47,IBM,108.91,6,BID
2020-10-30 10:46:51,IBM,108.99,4,ASK
2020-10-30 10:46:47,IBM,108.91,6,BID
2020-10-30 10:46:51,IBM,108.99,4,ASK
2020-10-30 10:46:47,IBM,108.91,6,BID
2020-10-30 10:46:51,IBM,108.99,4,ASK
2020-10-30 10:46:47,IBM,108.91,6,BID
2020-10-30 10:46:51,IBM,108.99,4,ASK
2020-10-30 10:46:47,IBM,108.91,6,BID
2020-10-30 10:46:51,IBM,108.99,4,ASK
2020-10-30 10:46:47,IBM,108.91,6,BID
2020-10-30 10:46:51,IBM,108.99,4,ASK
2020-10-30 10:46:47,IBM,108.91,6,BID
2020-10-30 10:46:51,IBM,108.99,4,ASK
2020-10-30 10:46:47,IBM,108.91,6,BID
2020-10-30 10:46:51,IBM,108.99,4,ASK
2020-10-30 10:46:59,IBM,108.93,1,BID
2020-10-30 10:46:59,IBM,108.99,4,ASK
2020-10-30 10:47:01,IBM,108.92,2,BID
2020-10-30 10:47:01,IBM,108.99,3,ASK
2020-10-30 10:46:47,IBM,108.91,4,BID
2020-10-30 10:47:02,IBM,108.98,3,ASK
2020-10-30 10:46:47,IBM,108.91,4,BID
2020-10-30 10:47:02,IBM,108.98,3,ASK
2020-10-30 10:46:47,IBM,108.91,4,BID
2020-10-30 10:47:02,IBM,108.98,3,ASK
2020-10-30 10:47:02,IBM,108.91,4,BID
2020-10-30 10:47:02,IBM,108.98,3,ASK
2020-10-30 10:47:02,IBM,108.91,4,BID
2020-10-30 10:47:02,IBM,108.98,3,ASK
2020-10-30 10:47:02,IBM,108.91,4,BID
2020-10-30 10:47:02,IBM,108.98,3,ASK
2020-10-30 10:47:02,IBM,108.91,4,BID
2020-10-30 10:47:02,IBM,108.98,3,ASK
2020-10-30 10:47:02,IBM,108.91,4,BID
2020-10-30 10:47:02,IBM,108.98,3,ASK
2020-10-30 10:47:07,IBM,108.91,8,BID
2020-10-30 10:47:07,IBM,108.96,1,ASK
2020-10-30 10:47:07,IBM,108.91,8,BID
2020-10-30 10:47:07,IBM,108.98,3,ASK
2020-10-30 10:47:07,IBM,108.91,8,BID
2020-10-30 10:47:07,IBM,108.98,3,ASK
2020-10-30 10:47:07,IBM,108.91,8,BID
2020-10-30 10:47:07,IBM,108.98,3,ASK
2020-10-30 10:47:07,IBM,108.91,8,BID
2020-10-30 10:47:07,IBM,108.98,3,ASK
2020-10-30 10:47:07,IBM,108.91,8,BID
2020-10-30 10:47:07,IBM,108.98,3,ASK
2020-10-30 10:47:07,IBM,108.91,8,BID
2020-10-30 10:47:07,IBM,108.98,3,ASK
2020-10-30 10:47:07,IBM,108.91,8,BID
2020-10-30 10:47:07,IBM,108.98,3,ASK
2020-10-30 10:47:07,IBM,108.91,8,BID
2020-10-30 10:47:07,IBM,108.98,3,ASK
2020-10-30 10:47:07,IBM,108.91,8,BID
2020-10-30 10:47:07,IBM,108.98,3,ASK
2020-10-30 10:47:07,IBM,108.91,8,BID
2020-10-30 10:47:07,IBM,108.98,3,ASK
2020-10-30 10:47:07,IBM,108.91,8,BID
2020-10-30 10:47:07,IBM,108.98,3,ASK
2020-10-30 10:47:07,IBM,108.91,8,BID
2020-10-30 10:47:07,IBM,108.98,3,ASK
2020-10-30 10:47:07,IBM,108.91,8,BID
2020-10-30 10:47:07,IBM,108.98,3,ASK
2020-10-30 10:47:07,IBM,108.91,8,BID
2020-10-30 10:47:07,IBM,108.98,3,ASK
2020-10-30 10:47:13,IBM,108.91,10,BID
2020-10-30 10:47:13,IBM,108.98,3,ASK
2020-10-30 10:47:13,IBM,108.91,10,BID
2020-10-30 10:47:07,IBM,108.99,4,ASK
2020-10-30 10:47:13,IBM,108.91,10,BID
2020-10-30 10:47:07,IBM,108.99,4,ASK
2020-10-30 10:47:13,IBM,108.91,10,BID
2020-10-30 10:47:07,IBM,108.99,4,ASK
2020-10-30 10:47:18,IBM,108.91,10,BID
2020-10-30 10:47:18,IBM,108.99,6,ASK
2020-10-30 10:47:19,IBM,108.91,11,BID
2020-10-30 10:47:19,IBM,108.99,6,ASK
2020-10-30 10:47:21,IBM,108.91,10,BID
2020-10-30 10:47:21,IBM,108.97,4,ASK
2020-10-30 10:47:21,IBM,108.91,10,BID
2020-10-30 10:47:21,IBM,108.98,3,ASK
2020-10-30 10:47:23,IBM,108.91,10,BID
2020-10-30 10:47:23,IBM,108.98,6,ASK
2020-10-30 10:47:23,IBM,108.91,10,BID
2020-10-30 10:47:23,IBM,108.98,6,ASK
2020-10-30 10:47:24,IBM,108.91,10,BID
2020-10-30 10:47:24,IBM,108.98,1,ASK
2020-10-30 10:47:24,IBM,108.91,11,BID
2020-10-30 10:47:24,IBM,108.98,3,ASK
2020-10-30 10:47:25,IBM,108.91,15,BID
2020-10-30 10:47:25,IBM,108.99,2,ASK
2020-10-30 10:47:25,IBM,108.91,14,BID
2020-10-30 10:47:26,IBM,108.99,2,ASK
2020-10-30 10:47:25,IBM,108.91,14,BID
2020-10-30 10:47:26,IBM,108.99,2,ASK
2020-10-30 10:47:29,IBM,108.91,14,BID
2020-10-30 10:47:29,IBM,108.99,2,ASK
2020-10-30 10:47:30,IBM,108.92,1,BID
2020-10-30 10:47:30,IBM,108.99,2,ASK
2020-10-30 10:47:30,IBM,108.92,1,BID
2020-10-30 10:47:30,IBM,108.99,2,ASK
2020-10-30 10:47:33,IBM,108.91,14,BID
2020-10-30 10:47:33,IBM,108.99,2,ASK
2020-10-30 10:47:33,IBM,108.93,3,BID
2020-10-30 10:47:33,IBM,108.99,2,ASK
2020-10-30 10:47:33,IBM,108.93,3,BID
2020-10-30 10:47:33,IBM,108.99,2,ASK
2020-10-30 10:47:33,IBM,108.91,13,BID
2020-10-30 10:47:37,IBM,108.97,2,ASK
2020-10-30 10:47:02,IBM,108.9,3,BID
2020-10-30 10:47:37,IBM,108.94,3,ASK
2020-10-30 10:47:02,IBM,108.9,4,BID
2020-10-30 10:47:38,IBM,108.94,3,ASK
2020-10-30 10:47:02,IBM,108.9,4,BID
2020-10-30 10:47:38,IBM,108.94,3,ASK
2020-10-30 10:47:02,IBM,108.9,4,BID
2020-10-30 10:47:38,IBM,108.94,3,ASK
2020-10-30 10:47:37,IBM,108.9,4,BID
2020-10-30 10:47:38,IBM,108.94,3,ASK
2020-10-30 10:47:37,IBM,108.9,4,BID
2020-10-30 10:47:41,IBM,108.96,1,ASK
2020-10-30 10:47:42,IBM,108.9,9,BID
2020-10-30 10:47:42,IBM,108.96,3,ASK
2020-10-30 10:47:42,IBM,108.9,9,BID
2020-10-30 10:47:42,IBM,108.96,3,ASK
2020-10-30 10:47:44,IBM,108.9,8,BID
2020-10-30 10:47:45,IBM,108.96,3,ASK
2020-10-30 10:47:45,IBM,108.9,10,BID
2020-10-30 10:47:45,IBM,108.96,3,ASK
2020-10-30 10:47:46,IBM,108.9,10,BID
2020-10-30 10:47:45,IBM,108.96,4,ASK
2020-10-30 10:47:46,IBM,108.9,10,BID
2020-10-30 10:47:45,IBM,108.96,4,ASK
2020-10-30 10:47:46,IBM,108.9,10,BID
2020-10-30 10:47:45,IBM,108.96,4,ASK
2020-10-30 10:47:49,IBM,108.89,2,BID
2020-10-30 10:47:49,IBM,108.95,3,ASK
2020-10-30 10:47:50,IBM,108.89,2,BID
2020-10-30 10:47:50,IBM,108.95,5,ASK
2020-10-30 10:47:50,IBM,108.89,2,BID
2020-10-30 10:47:50,IBM,108.95,5,ASK
2020-10-30 10:47:52,IBM,108.88,1,BID
2020-10-30 10:47:52,IBM,108.95,5,ASK
2020-10-30 10:47:02,IBM,108.85,4,BID
2020-10-30 10:47:52,IBM,108.9,2,ASK
2020-10-30 10:47:02,IBM,108.85,4,BID
2020-10-30 10:47:52,IBM,108.9,2,ASK
2020-10-30 10:47:02,IBM,108.85,4,BID
2020-10-30 10:47:52,IBM,108.9,2,ASK
2020-10-30 10:47:02,IBM,108.85,4,BID
2020-10-30 10:47:52,IBM,108.9,2,ASK
2020-10-30 10:47:02,IBM,108.85,4,BID
2020-10-30 10:47:52,IBM,108.9,2,ASK
2020-10-30 10:47:02,IBM,108.85,4,BID
2020-10-30 10:47:57,IBM,108.9,5,ASK
2020-10-30 10:47:58,IBM,108.81,4,BID
2020-10-30 10:47:58,IBM,108.87,2,ASK
2020-10-30 10:47:58,IBM,108.82,1,BID
2020-10-30 10:47:58,IBM,108.88,2,ASK
2020-10-30 10:47:59,IBM,108.82,1,BID
2020-10-30 10:47:59,IBM,108.87,3,ASK
2020-10-30 10:47:58,IBM,108.81,8,BID
2020-10-30 10:48:00,IBM,108.87,3,ASK
2020-10-30 10:47:58,IBM,108.81,8,BID
2020-10-30 10:48:00,IBM,108.87,3,ASK
2020-10-30 10:47:58,IBM,108.81,8,BID
2020-10-30 10:48:00,IBM,108.87,3,ASK
2020-10-30 10:47:58,IBM,108.81,8,BID
2020-10-30 10:48:00,IBM,108.87,3,ASK
2020-10-30 10:47:58,IBM,108.81,7,BID
2020-10-30 10:48:03,IBM,108.87,4,ASK
2020-10-30 10:47:58,IBM,108.81,7,BID
2020-10-30 10:48:03,IBM,108.87,4,ASK
2020-10-30 10:47:58,IBM,108.81,7,BID
2020-10-30 10:48:03,IBM,108.87,4,ASK
2020-10-30 10:48:08,IBM,108.84,3,BID
2020-10-30 10:48:08,IBM,108.89,9,ASK
2020-10-30 10:48:08,IBM,108.84,5,BID
2020-10-30 10:48:08,IBM,108.89,9,ASK
2020-10-30 10:48:09,IBM,108.85,3,BID
2020-10-30 10:48:09,IBM,108.89,13,ASK
2020-10-30 10:48:09,IBM,108.84,5,BID
2020-10-30 10:48:10,IBM,108.89,13,ASK
2020-10-30 10:48:09,IBM,108.84,5,BID
2020-10-30 10:48:10,IBM,108.89,13,ASK
2020-10-30 10:48:09,IBM,108.84,5,BID
2020-10-30 10:48:10,IBM,108.89,13,ASK
2020-10-30 10:48:09,IBM,108.84,5,BID
2020-10-30 10:48:10,IBM,108.89,13,ASK
2020-10-30 10:48:09,IBM,108.84,5,BID
2020-10-30 10:48:10,IBM,108.89,13,ASK
2020-10-30 10:48:09,IBM,108.84,5,BID
2020-10-30 10:48:10,IBM,108.89,15,ASK
2020-10-30 10:48:09,IBM,108.84,5,BID
2020-10-30 10:48:18,IBM,108.89,15,ASK
2020-10-30 10:48:09,IBM,108.84,5,BID
2020-10-30 10:48:18,IBM,108.89,15,ASK
2020-10-30 10:48:09,IBM,108.84,5,BID
2020-10-30 10:48:18,IBM,108.89,15,ASK
2020-10-30 10:48:09,IBM,108.84,5,BID
2020-10-30 10:48:21,IBM,108.91,2,ASK
2020-10-30 10:48:09,IBM,108.84,5,BID
2020-10-30 10:48:22,IBM,108.91,4,ASK
2020-10-30 10:48:09,IBM,108.84,5,BID
2020-10-30 10:48:23,IBM,108.93,2,ASK
2020-10-30 10:48:24,IBM,108.84,6,BID
2020-10-30 10:48:24,IBM,108.93,5,ASK
2020-10-30 10:48:24,IBM,108.84,6,BID
2020-10-30 10:48:25,IBM,108.93,5,ASK
2020-10-30 10:48:26,IBM,108.84,6,BID
2020-10-30 10:48:26,IBM,108.93,5,ASK
2020-10-30 10:48:26,IBM,108.84,6,BID
2020-10-30 10:48:27,IBM,108.93,7,ASK
2020-10-30 10:48:26,IBM,108.84,6,BID
2020-10-30 10:48:29,IBM,108.93,7,ASK
2020-10-30 10:48:26,IBM,108.84,6,BID
2020-10-30 10:48:31,IBM,108.93,15,ASK
2020-10-30 10:48:26,IBM,108.84,6,BID
2020-10-30 10:48:31,IBM,108.93,15,ASK
2020-10-30 10:48:26,IBM,108.84,6,BID
2020-10-30 10:48:33,IBM,108.92,3,ASK
2020-10-30 10:48:26,IBM,108.84,6,BID
2020-10-30 10:48:35,IBM,108.92,3,ASK
2020-10-30 10:48:26,IBM,108.84,6,BID
2020-10-30 10:48:35,IBM,108.92,5,ASK
2020-10-30 10:48:26,IBM,108.84,6,BID
2020-10-30 10:48:40,IBM,108.91,2,ASK
2020-10-30 10:48:26,IBM,108.84,6,BID
2020-10-30 10:48:35,IBM,108.92,6,ASK
2020-10-30 10:48:26,IBM,108.84,6,BID
2020-10-30 10:48:35,IBM,108.92,6,ASK
2020-10-30 10:48:26,IBM,108.84,6,BID
2020-10-30 10:48:35,IBM,108.92,6,ASK
2020-10-30 10:48:26,IBM,108.84,6,BID
2020-10-30 10:48:44,IBM,108.91,2,ASK
2020-10-30 10:48:26,IBM,108.84,6,BID
2020-10-30 10:48:46,IBM,108.91,2,ASK
2020-10-30 10:48:07,IBM,108.84,6,BID
2020-10-30 10:48:46,IBM,108.91,2,ASK
2020-10-30 10:48:07,IBM,108.84,6,BID
2020-10-30 10:48:46,IBM,108.91,2,ASK
2020-10-30 10:48:07,IBM,108.84,6,BID
2020-10-30 10:48:50,IBM,108.91,3,ASK
2020-10-30 10:48:07,IBM,108.84,6,BID
2020-10-30 10:48:50,IBM,108.91,3,ASK
2020-10-30 10:48:07,IBM,108.84,6,BID
2020-10-30 10:48:52,IBM,108.91,4,ASK
2020-10-30 10:48:07,IBM,108.84,6,BID
2020-10-30 10:48:55,IBM,108.91,5,ASK
2020-10-30 10:48:07,IBM,108.84,6,BID
2020-10-30 10:48:56,IBM,108.89,2,ASK
2020-10-30 10:48:58,IBM,108.84,9,BID
2020-10-30 10:48:58,IBM,108.88,2,ASK
2020-10-30 10:48:58,IBM,108.84,9,BID
2020-10-30 10:48:58,IBM,108.88,2,ASK
2020-10-30 10:49:00,IBM,108.84,9,BID
2020-10-30 10:49:00,IBM,108.88,2,ASK
2020-10-30 10:49:00,IBM,108.84,9,BID
2020-10-30 10:49:00,IBM,108.88,2,ASK
2020-10-30 10:49:00,IBM,108.84,9,BID
2020-10-30 10:49:00,IBM,108.88,2,ASK
2020-10-30 10:49:00,IBM,108.84,9,BID
2020-10-30 10:49:00,IBM,108.88,2,ASK
2020-10-30 10:49:00,IBM,108.84,9,BID
2020-10-30 10:49:00,IBM,108.88,2,ASK
2020-10-30 10:49:00,IBM,108.84,9,BID
2020-10-30 10:49:00,IBM,108.88,2,ASK
2020-10-30 10:49:00,IBM,108.84,9,BID
2020-10-30 10:49:00,IBM,108.88,2,ASK
2020-10-30 10:49:00,IBM,108.84,9,BID
2020-10-30 10:49:00,IBM,108.88,2,ASK
2020-10-30 10:49:00,IBM,108.84,9,BID
2020-10-30 10:49:00,IBM,108.88,2,ASK
2020-10-30 10:49:00,IBM,108.84,9,BID
2020-10-30 10:49:00,IBM,108.88,2,ASK
2020-10-30 10:49:00,IBM,108.84,9,BID
2020-10-30 10:49:00,IBM,108.88,2,ASK
2020-10-30 10:49:00,IBM,108.84,9,BID
2020-10-30 10:49:00,IBM,108.88,2,ASK
2020-10-30 10:49:00,IBM,108.84,9,BID
2020-10-30 10:49:00,IBM,108.88,2,ASK
2020-10-30 10:49:00,IBM,108.84,9,BID
2020-10-30 10:49:00,IBM,108.88,2,ASK
2020-10-30 10:49:00,IBM,108.84,9,BID
2020-10-30 10:49:00,IBM,108.88,2,ASK
2020-10-30 10:49:00,IBM,108.84,9,BID
2020-10-30 10:49:00,IBM,108.88,2,ASK
2020-10-30 10:49:00,IBM,108.84,9,BID
2020-10-30 10:49:00,IBM,108.88,2,ASK
2020-10-30 10:49:00,IBM,108.84,9,BID
2020-10-30 10:49:00,IBM,108.88,2,ASK
2020-10-30 10:49:00,IBM,108.84,9,BID
2020-10-30 10:49:00,IBM,108.88,2,ASK
2020-10-30 10:49:00,IBM,108.84,9,BID
2020-10-30 10:49:00,IBM,108.88,2,ASK
2020-10-30 10:49:00,IBM,108.84,9,BID
2020-10-30 10:49:00,IBM,108.88,2,ASK
2020-10-30 10:49:00,IBM,108.84,9,BID
2020-10-30 10:49:00,IBM,108.88,2,ASK
2020-10-30 10:49:00,IBM,108.84,9,BID
2020-10-30 10:49:00,IBM,108.88,2,ASK
2020-10-30 10:49:00,IBM,108.84,9,BID
2020-10-30 10:49:00,IBM,108.88,2,ASK
2020-10-30 10:49:00,IBM,108.84,9,BID
2020-10-30 10:49:00,IBM,108.88,2,ASK
2020-10-30 10:49:00,IBM,108.84,9,BID
2020-10-30 10:49:00,IBM,108.88,2,ASK
2020-10-30 10:49:00,IBM,108.84,9,BID
2020-10-30 10:49:00,IBM,108.88,2,ASK
2020-10-30 10:49:00,IBM,108.84,9,BID
2020-10-30 10:49:00,IBM,108.88,2,ASK
2020-10-30 10:49:07,IBM,108.88,2,BID
2020-10-30 10:49:07,IBM,108.9,9,ASK
2020-10-30 10:49:10,IBM,108.87,1,BID
2020-10-30 10:49:10,IBM,108.91,2,ASK
2020-10-30 10:49:12,IBM,108.87,1,BID
2020-10-30 10:48:35,IBM,108.92,5,ASK
2020-10-30 10:49:12,IBM,108.9,4,BID
2020-10-30 10:47:37,IBM,108.97,5,ASK
2020-10-30 10:49:13,IBM,108.9,5,BID
2020-10-30 10:47:37,IBM,108.97,7,ASK
2020-10-30 10:49:13,IBM,108.9,5,BID
2020-10-30 10:47:37,IBM,108.97,7,ASK
2020-10-30 10:49:13,IBM,108.9,5,BID
2020-10-30 10:47:37,IBM,108.97,7,ASK
2020-10-30 10:49:13,IBM,108.9,5,BID
2020-10-30 10:47:37,IBM,108.97,7,ASK
2020-10-30 10:49:13,IBM,108.9,5,BID
2020-10-30 10:47:37,IBM,108.97,7,ASK
2020-10-30 10:49:13,IBM,108.9,5,BID
2020-10-30 10:47:37,IBM,108.97,7,ASK
2020-10-30 10:49:19,IBM,108.9,8,BID
2020-10-30 10:49:19,IBM,108.96,5,ASK
2020-10-30 10:49:19,IBM,108.9,8,BID
2020-10-30 10:49:19,IBM,108.96,5,ASK
2020-10-30 10:49:22,IBM,108.87,5,BID
2020-10-30 10:49:22,IBM,108.94,6,ASK
2020-10-30 10:49:23,IBM,108.86,5,BID
2020-10-30 10:49:23,IBM,108.93,4,ASK
2020-10-30 10:49:24,IBM,108.86,3,BID
2020-10-30 10:49:24,IBM,108.93,7,ASK
2020-10-30 10:49:26,IBM,108.9,3,BID
2020-10-30 10:49:26,IBM,108.94,2,ASK
2020-10-30 10:49:27,IBM,108.91,3,BID
2020-10-30 10:49:27,IBM,108.94,2,ASK
2020-10-30 10:49:29,IBM,108.86,7,BID
2020-10-30 10:49:29,IBM,108.96,2,ASK
2020-10-30 10:49:30,IBM,108.88,8,BID
2020-10-30 10:49:30,IBM,108.96,5,ASK
2020-10-30 10:49:31,IBM,108.89,1,BID
2020-10-30 10:49:30,IBM,108.96,5,ASK
2020-10-30 10:49:31,IBM,108.89,1,BID
2020-10-30 10:49:30,IBM,108.96,5,ASK
2020-10-30 10:49:32,IBM,108.89,1,BID
2020-10-30 10:49:32,IBM,109.64,2,ASK
2020-10-30 10:49:32,IBM,108.89,1,BID
2020-10-30 10:49:32,IBM,108.96,5,ASK
2020-10-30 10:49:32,IBM,108.89,1,BID
2020-10-30 10:49:32,IBM,108.96,5,ASK
2020-10-30 10:49:32,IBM,108.89,1,BID
2020-10-30 10:49:32,IBM,108.96,5,ASK
2020-10-30 10:49:32,IBM,108.89,1,BID
2020-10-30 10:49:32,IBM,108.96,5,ASK
2020-10-30 10:49:37,IBM,108.9,2,BID
2020-10-30 10:49:37,IBM,108.96,8,ASK
2020-10-30 10:49:37,IBM,108.9,2,BID
2020-10-30 10:49:37,IBM,108.96,8,ASK
2020-10-30 10:49:37,IBM,108.9,2,BID
2020-10-30 10:49:37,IBM,108.96,8,ASK
2020-10-30 10:49:37,IBM,108.9,2,BID
2020-10-30 10:49:37,IBM,108.96,8,ASK
2020-10-30 10:49:37,IBM,108.9,2,BID
2020-10-30 10:49:37,IBM,108.96,8,ASK
2020-10-30 10:49:32,IBM,108.88,7,BID
2020-10-30 10:49:40,IBM,108.91,4,ASK
2020-10-30 10:49:42,IBM,108.87,3,BID
2020-10-30 10:49:42,IBM,108.9,2,ASK
2020-10-30 10:49:43,IBM,108.85,4,BID
2020-10-30 10:49:43,IBM,108.89,2,ASK
2020-10-30 10:49:45,IBM,108.91,3,BID
2020-10-30 10:49:45,IBM,108.95,2,ASK
2020-10-30 10:49:45,IBM,108.91,3,BID
2020-10-30 10:49:45,IBM,108.95,2,ASK
2020-10-30 10:49:49,IBM,108.9,1,BID
2020-10-30 10:49:49,IBM,108.94,4,ASK
2020-10-30 10:49:49,IBM,108.9,2,BID
2020-10-30 10:49:49,IBM,108.94,4,ASK
2020-10-30 10:49:50,IBM,108.9,4,BID
2020-10-30 10:49:50,IBM,108.94,5,ASK
2020-10-30 10:49:52,IBM,108.91,3,BID
2020-10-30 10:49:52,IBM,108.95,2,ASK
2020-10-30 10:49:53,IBM,108.9,4,BID
2020-10-30 10:49:53,IBM,108.94,3,ASK
2020-10-30 10:49:53,IBM,108.89,4,BID
2020-10-30 10:49:54,IBM,108.94,7,ASK
2020-10-30 10:49:56,IBM,108.88,2,BID
2020-10-30 10:49:56,IBM,108.93,3,ASK
2020-10-30 10:49:57,IBM,108.87,1,BID
2020-10-30 10:49:57,IBM,108.93,4,ASK
2020-10-30 10:49:59,IBM,108.85,3,BID
2020-10-30 10:49:57,IBM,108.93,4,ASK
2020-10-30 10:50:00,IBM,108.84,1,BID
2020-10-30 10:49:57,IBM,108.93,5,ASK
2020-10-30 10:50:01,IBM,108.84,1,BID
2020-10-30 10:50:01,IBM,108.93,9,ASK
2020-10-30 10:50:02,IBM,108.85,3,BID
2020-10-30 10:50:01,IBM,108.93,8,ASK
2020-10-30 10:50:02,IBM,108.83,4,BID
2020-10-30 10:50:02,IBM,108.92,6,ASK
2020-10-30 10:50:02,IBM,108.83,6,BID
2020-10-30 10:50:02,IBM,108.92,5,ASK
2020-10-30 10:50:04,IBM,108.83,6,BID
2020-10-30 10:50:04,IBM,108.88,5,ASK
2020-10-30 10:50:04,IBM,108.83,6,BID
2020-10-30 10:50:04,IBM,108.88,5,ASK
2020-10-30 10:50:05,IBM,108.84,3,BID
2020-10-30 10:50:05,IBM,108.93,11,ASK
2020-10-30 10:50:05,IBM,108.84,3,BID
2020-10-30 10:50:05,IBM,108.93,11,ASK
2020-10-30 10:50:07,IBM,108.85,3,BID
2020-10-30 10:50:07,IBM,108.92,5,ASK
2020-10-30 10:50:08,IBM,108.85,6,BID
2020-10-30 10:50:08,IBM,108.92,4,ASK
2020-10-30 10:50:08,IBM,108.85,6,BID
2020-10-30 10:50:08,IBM,108.92,4,ASK
2020-10-30 10:50:09,IBM,108.86,1,BID
2020-10-30 10:50:05,IBM,108.93,8,ASK
2020-10-30 10:50:10,IBM,108.86,1,BID
2020-10-30 10:50:10,IBM,108.92,2,ASK
2020-10-30 10:50:11,IBM,108.85,6,BID
2020-10-30 10:50:11,IBM,108.92,1,ASK
2020-10-30 10:50:13,IBM,108.85,6,BID
2020-10-30 10:50:13,IBM,108.92,3,ASK
2020-10-30 10:50:13,IBM,108.85,6,BID
2020-10-30 10:50:13,IBM,108.92,3,ASK
2020-10-30 10:50:14,IBM,108.88,1,BID
2020-10-30 10:50:05,IBM,108.93,7,ASK
2020-10-30 10:50:15,IBM,108.86,3,BID
2020-10-30 10:50:05,IBM,108.93,6,ASK
2020-10-30 10:50:16,IBM,108.9,1,BID
2020-10-30 10:50:05,IBM,108.93,6,ASK
2020-10-30 10:50:16,IBM,108.9,1,BID
2020-10-30 10:50:05,IBM,108.93,6,ASK
2020-10-30 10:50:16,IBM,108.9,1,BID
2020-10-30 10:50:05,IBM,108.93,6,ASK
2020-10-30 10:50:21,IBM,108.9,1,BID
2020-10-30 10:50:05,IBM,108.93,6,ASK
2020-10-30 10:50:23,IBM,108.88,4,BID
2020-10-30 10:50:23,IBM,108.91,1,ASK
2020-10-30 10:50:23,IBM,108.88,6,BID
2020-10-30 10:50:23,IBM,108.91,2,ASK
2020-10-30 10:50:23,IBM,108.88,6,BID
2020-10-30 10:50:26,IBM,108.91,4,ASK
2020-10-30 10:50:26,IBM,108.88,6,BID
2020-10-30 10:50:26,IBM,108.91,4,ASK
2020-10-30 10:50:26,IBM,108.88,6,BID
2020-10-30 10:50:26,IBM,108.91,4,ASK
2020-10-30 10:50:28,IBM,108.88,1,BID
2020-10-30 10:50:28,IBM,108.9,3,ASK
2020-10-30 10:50:27,IBM,108.85,10,BID
2020-10-30 10:50:29,IBM,108.89,3,ASK
2020-10-30 10:50:31,IBM,108.85,7,BID
2020-10-30 10:50:31,IBM,108.89,3,ASK
2020-10-30 10:50:31,IBM,108.85,7,BID
2020-10-30 10:50:31,IBM,108.89,3,ASK
2020-10-30 10:50:33,IBM,108.87,1,BID
2020-10-30 10:50:33,IBM,108.92,4,ASK
2020-10-30 10:50:34,IBM,108.87,2,BID
2020-10-30 10:50:33,IBM,108.92,4,ASK
2020-10-30 10:50:34,IBM,108.88,4,BID
2020-10-30 10:50:34,IBM,108.95,2,ASK
2020-10-30 10:50:35,IBM,108.88,7,BID
2020-10-30 10:50:35,IBM,108.95,2,ASK
2020-10-30 10:50:35,IBM,108.88,7,BID
2020-10-30 10:50:35,IBM,108.95,2,ASK
2020-10-30 10:50:38,IBM,108.88,6,BID
2020-10-30 10:50:37,IBM,108.95,8,ASK
2020-10-30 10:50:39,IBM,108.86,2,BID
2020-10-30 10:50:39,IBM,108.91,2,ASK
2020-10-30 10:50:39,IBM,108.86,2,BID
2020-10-30 10:50:39,IBM,108.91,2,ASK
2020-10-30 10:50:43,IBM,108.86,2,BID
2020-10-30 10:50:41,IBM,108.91,4,ASK
2020-10-30 10:50:43,IBM,108.86,2,BID
2020-10-30 10:50:41,IBM,108.91,4,ASK
2020-10-30 10:50:45,IBM,108.86,2,BID
2020-10-30 10:50:45,IBM,108.91,4,ASK
2020-10-30 10:50:45,IBM,108.86,2,BID
2020-10-30 10:50:45,IBM,108.91,4,ASK
2020-10-30 10:50:49,IBM,108.86,2,BID
2020-10-30 10:50:49,IBM,108.9,3,ASK
2020-10-30 10:50:49,IBM,108.86,2,BID
2020-10-30 10:50:49,IBM,108.9,3,ASK
2020-10-30 10:50:49,IBM,108.86,2,BID
2020-10-30 10:50:49,IBM,108.9,3,ASK
2020-10-30 10:50:53,IBM,108.84,6,BID
2020-10-30 10:50:53,IBM,108.88,2,ASK
2020-10-30 10:50:56,IBM,108.88,1,BID
2020-10-30 10:50:56,IBM,108.94,5,ASK
2020-10-30 10:50:56,IBM,108.88,1,BID
2020-10-30 10:50:56,IBM,108.93,1,ASK
2020-10-30 10:50:56,IBM,108.88,1,BID
2020-10-30 10:50:56,IBM,108.93,1,ASK
2020-10-30 10:50:58,IBM,108.85,3,BID
2020-10-30 10:50:58,IBM,108.93,3,ASK
2020-10-30 10:50:59,IBM,108.89,1,BID
2020-10-30 10:50:59,IBM,108.94,5,ASK
2020-10-30 10:51:00,IBM,108.89,1,BID
2020-10-30 10:51:00,IBM,108.94,5,ASK
2020-10-30 10:51:01,IBM,108.86,2,BID
2020-10-30 10:51:01,IBM,108.91,3,ASK
2020-10-30 10:51:01,IBM,108.86,2,BID
2020-10-30 10:51:01,IBM,108.91,3,ASK
2020-10-30 10:51:03,IBM,108.87,1,BID
2020-10-30 10:51:03,IBM,108.94,6,ASK
2020-10-30 10:51:03,IBM,108.89,3,BID
2020-10-30 10:51:03,IBM,108.94,6,ASK
2020-10-30 10:51:03,IBM,108.87,1,BID
2020-10-30 10:51:03,IBM,108.94,6,ASK
2020-10-30 10:51:04,IBM,108.88,4,BID
2020-10-30 10:51:05,IBM,108.93,3,ASK
2020-10-30 10:51:05,IBM,108.88,4,BID
2020-10-30 10:51:05,IBM,108.93,4,ASK
2020-10-30 10:51:06,IBM,108.88,6,BID
2020-10-30 10:51:06,IBM,108.9,1,ASK
2020-10-30 10:51:08,IBM,108.9,1,BID
2020-10-30 10:51:08,IBM,108.93,5,ASK
2020-10-30 10:51:09,IBM,108.9,1,BID
2020-10-30 10:51:09,IBM,108.93,5,ASK
2020-10-30 10:51:10,IBM,108.9,1,BID
2020-10-30 10:51:10,IBM,108.92,3,ASK
2020-10-30 10:51:12,IBM,108.9,4,BID
2020-10-30 10:51:12,IBM,108.92,3,ASK
2020-10-30 10:51:12,IBM,108.9,4,BID
2020-10-30 10:51:12,IBM,108.92,3,ASK
2020-10-30 10:51:12,IBM,108.9,4,BID
2020-10-30 10:51:12,IBM,108.92,3,ASK
2020-10-30 10:51:12,IBM,108.9,4,BID
2020-10-30 10:51:12,IBM,108.92,3,ASK
2020-10-30 10:51:19,IBM,108.9,1,BID
2020-10-30 10:51:19,IBM,108.96,1,ASK
2020-10-30 10:51:19,IBM,108.9,4,BID
2020-10-30 10:49:32,IBM,108.97,4,ASK
2020-10-30 10:51:20,IBM,108.93,3,BID
2020-10-30 10:49:32,IBM,108.97,4,ASK
2020-10-30 10:51:20,IBM,108.94,2,BID
2020-10-30 10:51:20,IBM,109.02,3,ASK
2020-10-30 10:51:20,IBM,108.94,2,BID
2020-10-30 10:51:20,IBM,109.02,3,ASK
2020-10-30 10:51:20,IBM,108.94,4,BID
