timestamp,ticker,price,volume,bid_ask
2020-10-30 10:31:27,INTC,44.37,48,BID
2020-10-30 10:31:27,INTC,44.38,16,ASK
2020-10-30 10:31:27,INTC,44.37,50,BID
2020-10-30 10:31:27,INTC,44.38,11,ASK
2020-10-30 10:31:29,INTC,44.37,50,BID
2020-10-30 10:31:29,INTC,44.38,9,ASK
2020-10-30 10:31:30,INTC,44.37,49,BID
2020-10-30 10:31:30,INTC,44.38,9,ASK
2020-10-30 10:31:31,INTC,44.37,38,BID
2020-10-30 10:31:31,INTC,44.38,12,ASK
2020-10-30 10:31:32,INTC,44.37,37,BID
2020-10-30 10:31:32,INTC,44.38,31,ASK
2020-10-30 10:31:32,INTC,44.36,20,BID
2020-10-30 10:31:32,INTC,44.37,16,ASK
2020-10-30 10:31:33,INTC,44.35,49,BID
2020-10-30 10:31:33,INTC,44.36,21,ASK
2020-10-30 10:31:35,INTC,44.35,54,BID
2020-10-30 10:31:34,INTC,44.36,15,ASK
2020-10-30 10:31:35,INTC,44.35,51,BID
2020-10-30 10:31:35,INTC,44.36,35,ASK
2020-10-30 10:31:37,INTC,44.35,48,BID
2020-10-30 10:31:35,INTC,44.36,35,ASK
2020-10-30 10:31:38,INTC,44.35,51,BID
2020-10-30 10:31:35,INTC,44.36,36,ASK
2020-10-30 10:31:39,INTC,44.35,49,BID
2020-10-30 10:31:35,INTC,44.36,40,ASK
2020-10-30 10:31:40,INTC,44.35,47,BID
2020-10-30 10:31:35,INTC,44.36,40,ASK
2020-10-30 10:31:40,INTC,44.35,50,BID
2020-10-30 10:31:35,INTC,44.36,36,ASK
2020-10-30 10:31:42,INTC,44.35,48,BID
2020-10-30 10:31:35,INTC,44.36,42,ASK
2020-10-30 10:31:43,INTC,44.35,48,BID
2020-10-30 10:31:35,INTC,44.36,41,ASK
2020-10-30 10:31:44,INTC,44.35,48,BID
2020-10-30 10:31:35,INTC,44.36,39,ASK
2020-10-30 10:31:44,INTC,44.35,50,BID
2020-10-30 10:31:35,INTC,44.36,41,ASK
2020-10-30 10:31:44,INTC,44.35,50,BID
2020-10-30 10:31:35,INTC,44.36,45,ASK
2020-10-30 10:31:44,INTC,44.35,50,BID
2020-10-30 10:31:35,INTC,44.36,45,ASK
2020-10-30 10:31:44,INTC,44.35,50,BID
2020-10-30 10:31:35,INTC,44.36,59,ASK
2020-10-30 10:31:48,INTC,44.34,35,BID
2020-10-30 10:31:48,INTC,44.35,40,ASK
2020-10-30 10:31:49,INTC,44.34,34,BID
2020-10-30 10:31:49,INTC,44.35,22,ASK
2020-10-30 10:31:50,INTC,44.34,35,BID
2020-10-30 10:31:50,INTC,44.35,31,ASK
2020-10-30 10:31:52,INTC,44.35,35,BID
2020-10-30 10:31:35,INTC,44.36,49,ASK
2020-10-30 10:31:52,INTC,44.35,32,BID
2020-10-30 10:31:35,INTC,44.36,47,ASK
2020-10-30 10:31:54,INTC,44.35,34,BID
2020-10-30 10:31:35,INTC,44.36,46,ASK
2020-10-30 10:31:55,INTC,44.35,34,BID
2020-10-30 10:31:35,INTC,44.36,44,ASK
2020-10-30 10:31:56,INTC,44.35,34,BID
2020-10-30 10:31:35,INTC,44.36,48,ASK
2020-10-30 10:31:57,INTC,44.35,55,BID
2020-10-30 10:31:35,INTC,44.36,42,ASK
2020-10-30 10:31:57,INTC,44.35,55,BID
2020-10-30 10:31:35,INTC,44.36,42,ASK
2020-10-30 10:31:59,INTC,44.35,56,BID
2020-10-30 10:31:35,INTC,44.36,24,ASK
2020-10-30 10:32:00,INTC,44.35,52,BID
2020-10-30 10:31:35,INTC,44.36,43,ASK
2020-10-30 10:32:00,INTC,44.35,49,BID
2020-10-30 10:32:00,INTC,44.36,87,ASK
2020-10-30 10:32:00,INTC,44.34,37,BID
2020-10-30 10:32:00,INTC,44.34,24,ASK
2020-10-30 10:32:01,INTC,44.32,32,BID
2020-10-30 10:32:01,INTC,44.33,26,ASK
2020-10-30 10:32:01,INTC,44.32,29,BID
2020-10-30 10:32:01,INTC,44.33,15,ASK
2020-10-30 10:32:01,INTC,44.32,29,BID
2020-10-30 10:32:01,INTC,44.33,15,ASK
2020-10-30 10:32:02,INTC,44.32,23,BID
2020-10-30 10:32:02,INTC,44.33,22,ASK
2020-10-30 10:32:03,INTC,44.32,9,BID
2020-10-30 10:32:03,INTC,44.32,21,ASK
2020-10-30 10:32:04,INTC,44.31,32,BID
2020-10-30 10:32:04,INTC,44.32,17,ASK
2020-10-30 10:32:04,INTC,44.31,38,BID
2020-10-30 10:32:04,INTC,44.32,10,ASK
2020-10-30 10:32:05,INTC,44.32,57,BID
2020-10-30 10:32:05,INTC,44.33,31,ASK
2020-10-30 10:32:06,INTC,44.32,27,BID
2020-10-30 10:32:06,INTC,44.33,28,ASK
2020-10-30 10:32:07,INTC,44.32,26,BID
2020-10-30 10:32:06,INTC,44.33,34,ASK
2020-10-30 10:32:07,INTC,44.32,38,BID
2020-10-30 10:32:06,INTC,44.33,28,ASK
2020-10-30 10:32:07,INTC,44.32,27,BID
2020-10-30 10:32:09,INTC,44.33,44,ASK
2020-10-30 10:32:07,INTC,44.32,27,BID
2020-10-30 10:32:09,INTC,44.33,45,ASK
2020-10-30 10:32:07,INTC,44.32,27,BID
2020-10-30 10:32:09,INTC,44.33,45,ASK
2020-10-30 10:32:07,INTC,44.32,37,BID
2020-10-30 10:32:09,INTC,44.33,39,ASK
2020-10-30 10:32:07,INTC,44.32,33,BID
2020-10-30 10:32:09,INTC,44.33,42,ASK
2020-10-30 10:32:07,INTC,44.32,38,BID
2020-10-30 10:32:09,INTC,44.33,40,ASK
2020-10-30 10:32:07,INTC,44.32,30,BID
2020-10-30 10:32:16,INTC,44.33,40,ASK
2020-10-30 10:32:07,INTC,44.32,30,BID
2020-10-30 10:32:16,INTC,44.33,47,ASK
2020-10-30 10:32:19,INTC,44.32,30,BID
2020-10-30 10:32:16,INTC,44.33,48,ASK
2020-10-30 10:32:19,INTC,44.32,32,BID
2020-10-30 10:32:19,INTC,44.32,32,ASK
2020-10-30 10:32:20,INTC,44.31,51,BID
2020-10-30 10:32:20,INTC,44.32,56,ASK
2020-10-30 10:32:20,INTC,44.3,45,BID
2020-10-30 10:32:20,INTC,44.31,20,ASK
2020-10-30 10:32:20,INTC,44.29,30,BID
2020-10-30 10:32:20,INTC,44.3,22,ASK
2020-10-30 10:32:21,INTC,44.29,16,BID
2020-10-30 10:32:20,INTC,44.3,51,ASK
2020-10-30 10:32:21,INTC,44.29,28,BID
2020-10-30 10:32:20,INTC,44.3,41,ASK
2020-10-30 10:32:21,INTC,44.28,37,BID
2020-10-30 10:32:22,INTC,44.29,37,ASK
2020-10-30 10:32:21,INTC,44.28,37,BID
2020-10-30 10:32:22,INTC,44.29,37,ASK
2020-10-30 10:32:21,INTC,44.28,36,BID
2020-10-30 10:32:22,INTC,44.29,35,ASK
2020-10-30 10:32:24,INTC,44.27,34,BID
2020-10-30 10:32:24,INTC,44.28,9,ASK
2020-10-30 10:32:24,INTC,44.27,15,BID
2020-10-30 10:32:24,INTC,44.28,41,ASK
2020-10-30 10:32:25,INTC,44.26,29,BID
2020-10-30 10:32:24,INTC,44.27,36,ASK
2020-10-30 09:53:36,INTC,44.25,68,BID
2020-10-30 10:32:25,INTC,44.26,30,ASK
2020-10-30 10:32:25,INTC,44.27,41,BID
2020-10-30 10:32:25,INTC,44.28,36,ASK
2020-10-30 10:32:26,INTC,44.27,37,BID
2020-10-30 10:32:25,INTC,44.28,36,ASK
2020-10-30 10:32:25,INTC,44.26,38,BID
2020-10-30 10:32:26,INTC,44.27,37,ASK
2020-10-30 10:32:27,INTC,44.26,22,BID
2020-10-30 10:32:27,INTC,44.27,54,ASK
2020-10-30 10:32:27,INTC,44.26,25,BID
2020-10-30 10:32:27,INTC,44.27,33,ASK
2020-10-30 10:32:27,INTC,44.26,27,BID
2020-10-30 10:32:27,INTC,44.27,48,ASK
2020-10-30 10:32:27,INTC,44.26,30,BID
2020-10-30 10:32:27,INTC,44.27,46,ASK
2020-10-30 10:32:27,INTC,44.26,34,BID
2020-10-30 10:32:29,INTC,44.27,31,ASK
2020-10-30 10:32:27,INTC,44.26,34,BID
2020-10-30 10:32:29,INTC,44.27,18,ASK
2020-10-30 10:32:31,INTC,44.28,13,BID
2020-10-30 10:32:31,INTC,44.29,46,ASK
2020-10-30 10:32:31,INTC,44.28,32,BID
2020-10-30 10:32:31,INTC,44.29,28,ASK
2020-10-30 10:32:31,INTC,44.28,29,BID
2020-10-30 10:32:31,INTC,44.29,23,ASK
2020-10-30 10:32:32,INTC,44.29,10,BID
2020-10-30 10:32:32,INTC,44.29,26,ASK
2020-10-30 10:32:32,INTC,44.28,36,BID
2020-10-30 10:32:33,INTC,44.29,15,ASK
2020-10-30 10:32:32,INTC,44.28,35,BID
2020-10-30 10:32:34,INTC,44.29,23,ASK
2020-10-30 10:32:32,INTC,44.28,32,BID
2020-10-30 10:32:36,INTC,44.29,27,ASK
2020-10-30 10:32:36,INTC,44.28,31,BID
2020-10-30 10:32:36,INTC,44.29,32,ASK
2020-10-30 10:32:37,INTC,44.28,40,BID
2020-10-30 10:32:37,INTC,44.29,24,ASK
2020-10-30 10:32:38,INTC,44.27,31,BID
2020-10-30 10:32:38,INTC,44.28,29,ASK
2020-10-30 10:32:38,INTC,44.27,27,BID
2020-10-30 10:32:39,INTC,44.28,29,ASK
2020-10-30 10:32:38,INTC,44.27,29,BID
2020-10-30 10:32:39,INTC,44.28,20,ASK
2020-10-30 10:32:38,INTC,44.27,27,BID
2020-10-30 10:32:39,INTC,44.28,25,ASK
2020-10-30 10:32:41,INTC,44.27,31,BID
2020-10-30 10:32:42,INTC,44.28,24,ASK
2020-10-30 10:32:43,INTC,44.28,32,BID
2020-10-30 10:32:43,INTC,44.29,26,ASK
2020-10-30 10:32:41,INTC,44.27,31,BID
2020-10-30 10:32:44,INTC,44.28,11,ASK
2020-10-30 10:32:41,INTC,44.27,34,BID
2020-10-30 10:32:44,INTC,44.28,24,ASK
2020-10-30 10:32:41,INTC,44.27,36,BID
2020-10-30 10:32:45,INTC,44.28,20,ASK
2020-10-30 10:32:45,INTC,44.28,21,BID
2020-10-30 10:32:45,INTC,44.29,31,ASK
2020-10-30 10:32:46,INTC,44.28,6,BID
2020-10-30 10:32:46,INTC,44.29,49,ASK
2020-10-30 10:32:48,INTC,44.28,30,BID
2020-10-30 10:32:48,INTC,44.29,34,ASK
2020-10-30 10:32:49,INTC,44.3,16,BID
2020-10-30 10:32:20,INTC,44.31,53,ASK
2020-10-30 10:32:49,INTC,44.3,11,BID
2020-10-30 10:32:49,INTC,44.31,45,ASK
2020-10-30 10:32:52,INTC,44.3,19,BID
2020-10-30 10:32:49,INTC,44.31,47,ASK
2020-10-30 10:32:54,INTC,44.3,38,BID
2020-10-30 10:32:49,INTC,44.31,47,ASK
2020-10-30 10:32:56,INTC,44.3,38,BID
2020-10-30 10:32:49,INTC,44.31,46,ASK
2020-10-30 10:32:57,INTC,44.3,39,BID
2020-10-30 10:32:49,INTC,44.31,45,ASK
2020-10-30 10:32:57,INTC,44.3,41,BID
2020-10-30 10:32:57,INTC,44.31,42,ASK
2020-10-30 10:32:58,INTC,44.3,41,BID
2020-10-30 10:32:58,INTC,44.31,41,ASK
2020-10-30 10:32:58,INTC,44.31,49,BID
2020-10-30 10:32:58,INTC,44.32,18,ASK
2020-10-30 10:32:59,INTC,44.31,54,BID
2020-10-30 10:32:59,INTC,44.32,22,ASK
2020-10-30 10:33:00,INTC,44.31,53,BID
2020-10-30 10:32:59,INTC,44.32,30,ASK
2020-10-30 10:33:01,INTC,44.31,58,BID
2020-10-30 10:33:01,INTC,44.32,24,ASK
2020-10-30 10:33:01,INTC,44.32,19,BID
2020-10-30 10:33:02,INTC,44.33,43,ASK
2020-10-30 10:33:02,INTC,44.32,29,BID
2020-10-30 10:33:02,INTC,44.33,49,ASK
2020-10-30 10:33:03,INTC,44.32,27,BID
2020-10-30 10:33:02,INTC,44.33,47,ASK
2020-10-30 10:33:04,INTC,44.32,32,BID
2020-10-30 10:33:04,INTC,44.33,38,ASK
2020-10-30 10:33:04,INTC,44.32,67,BID
2020-10-30 10:33:05,INTC,44.33,32,ASK
2020-10-30 10:33:04,INTC,44.32,67,BID
2020-10-30 10:33:07,INTC,44.33,39,ASK
2020-10-30 10:33:04,INTC,44.32,65,BID
2020-10-30 10:33:07,INTC,44.33,42,ASK
2020-10-30 10:33:08,INTC,44.31,67,BID
2020-10-30 10:33:08,INTC,44.32,22,ASK
2020-10-30 10:33:09,INTC,44.31,53,BID
2020-10-30 10:33:09,INTC,44.32,41,ASK
2020-10-30 10:33:10,INTC,44.3,54,BID
2020-10-30 10:33:10,INTC,44.31,16,ASK
2020-10-30 10:33:11,INTC,44.3,43,BID
2020-10-30 10:33:11,INTC,44.31,20,ASK
2020-10-30 10:33:12,INTC,44.3,62,BID
2020-10-30 10:33:12,INTC,44.31,26,ASK
2020-10-30 10:33:12,INTC,44.3,56,BID
2020-10-30 10:33:14,INTC,44.31,8,ASK
2020-10-30 10:33:12,INTC,44.3,53,BID
2020-10-30 10:33:15,INTC,44.31,32,ASK
2020-10-30 10:33:12,INTC,44.3,53,BID
2020-10-30 10:33:15,INTC,44.31,33,ASK
2020-10-30 10:33:12,INTC,44.3,54,BID
2020-10-30 10:33:15,INTC,44.31,38,ASK
2020-10-30 10:33:12,INTC,44.3,54,BID
2020-10-30 10:33:15,INTC,44.31,37,ASK
2020-10-30 10:32:48,INTC,44.28,50,BID
2020-10-30 10:33:19,INTC,44.29,29,ASK
2020-10-30 10:33:20,INTC,44.29,14,BID
2020-10-30 10:33:19,INTC,44.3,17,ASK
2020-10-30 10:33:21,INTC,44.29,19,BID
2020-10-30 10:33:21,INTC,44.3,21,ASK
2020-10-30 10:33:22,INTC,44.29,19,BID
2020-10-30 10:33:21,INTC,44.3,23,ASK
2020-10-30 10:33:23,INTC,44.29,12,BID
2020-10-30 10:33:21,INTC,44.3,27,ASK
2020-10-30 10:33:24,INTC,44.29,15,BID
2020-10-30 10:33:21,INTC,44.3,29,ASK
2020-10-30 10:33:25,INTC,44.29,14,BID
2020-10-30 10:33:21,INTC,44.3,33,ASK
2020-10-30 10:33:25,INTC,44.29,12,BID
2020-10-30 10:33:21,INTC,44.3,34,ASK
2020-10-30 10:33:28,INTC,44.29,28,BID
2020-10-30 10:33:21,INTC,44.3,30,ASK
2020-10-30 10:33:29,INTC,44.29,37,BID
2020-10-30 10:33:21,INTC,44.3,28,ASK
2020-10-30 10:33:31,INTC,44.29,43,BID
2020-10-30 10:33:21,INTC,44.3,28,ASK
2020-10-30 10:33:32,INTC,44.29,40,BID
2020-10-30 10:33:21,INTC,44.3,30,ASK
2020-10-30 10:33:33,INTC,44.29,46,BID
2020-10-30 10:33:21,INTC,44.3,28,ASK
2020-10-30 10:33:33,INTC,44.3,27,BID
2020-10-30 10:33:33,INTC,44.31,33,ASK
2020-10-30 10:33:33,INTC,44.3,25,BID
2020-10-30 10:33:34,INTC,44.31,41,ASK
2020-10-30 10:33:35,INTC,44.31,39,BID
2020-10-30 10:33:35,INTC,44.32,19,ASK
2020-10-30 10:33:35,INTC,44.31,34,BID
2020-10-30 10:33:36,INTC,44.32,18,ASK
2020-10-30 10:33:37,INTC,44.31,58,BID
2020-10-30 10:33:37,INTC,44.32,25,ASK
2020-10-30 10:33:33,INTC,44.3,123,BID
2020-10-30 10:33:37,INTC,44.31,56,ASK
2020-10-30 10:33:33,INTC,44.3,123,BID
2020-10-30 10:33:37,INTC,44.31,53,ASK
2020-10-30 10:33:38,INTC,44.31,34,BID
2020-10-30 10:33:39,INTC,44.32,15,ASK
2020-10-30 10:33:39,INTC,44.31,43,BID
2020-10-30 10:33:40,INTC,44.32,24,ASK
2020-10-30 10:33:39,INTC,44.31,43,BID
2020-10-30 10:33:40,INTC,44.32,30,ASK
2020-10-30 10:33:39,INTC,44.31,40,BID
2020-10-30 10:33:40,INTC,44.32,34,ASK
2020-10-30 10:33:39,INTC,44.31,46,BID
2020-10-30 10:33:40,INTC,44.32,39,ASK
2020-10-30 10:33:39,INTC,44.31,46,BID
2020-10-30 10:33:40,INTC,44.32,50,ASK
2020-10-30 10:33:33,INTC,44.3,122,BID
2020-10-30 10:33:45,INTC,44.31,33,ASK
2020-10-30 10:33:33,INTC,44.3,122,BID
2020-10-30 10:33:46,INTC,44.31,23,ASK
2020-10-30 10:33:33,INTC,44.3,121,BID
2020-10-30 10:33:46,INTC,44.31,23,ASK
2020-10-30 10:33:33,INTC,44.3,124,BID
2020-10-30 10:33:46,INTC,44.31,23,ASK
2020-10-30 10:33:48,INTC,44.31,64,BID
2020-10-30 10:33:07,INTC,44.33,35,ASK
2020-10-30 10:33:49,INTC,44.32,31,BID
2020-10-30 10:33:07,INTC,44.33,38,ASK
2020-10-30 10:33:49,INTC,44.32,33,BID
2020-10-30 10:33:49,INTC,44.33,36,ASK
2020-10-30 10:33:50,INTC,44.32,32,BID
2020-10-30 10:33:50,INTC,44.33,32,ASK
2020-10-30 10:33:52,INTC,44.32,24,BID
2020-10-30 10:33:51,INTC,44.33,49,ASK
2020-10-30 10:33:52,INTC,44.32,25,BID
2020-10-30 10:33:51,INTC,44.33,52,ASK
2020-10-30 10:33:54,INTC,44.32,32,BID
2020-10-30 10:33:53,INTC,44.33,35,ASK
2020-10-30 10:33:56,INTC,44.32,30,BID
2020-10-30 10:33:55,INTC,44.33,45,ASK
2020-10-30 10:33:57,INTC,44.32,33,BID
2020-10-30 10:33:57,INTC,44.33,36,ASK
2020-10-30 10:33:59,INTC,44.32,31,BID
2020-10-30 10:33:57,INTC,44.33,36,ASK
2020-10-30 10:34:00,INTC,44.32,33,BID
2020-10-30 10:33:57,INTC,44.33,31,ASK
2020-10-30 10:34:01,INTC,44.32,30,BID
2020-10-30 10:34:00,INTC,44.33,44,ASK
2020-10-30 10:34:01,INTC,44.32,23,BID
2020-10-30 10:34:00,INTC,44.33,64,ASK
2020-10-30 10:33:33,INTC,44.3,122,BID
2020-10-30 10:34:02,INTC,44.31,41,ASK
2020-10-30 10:33:33,INTC,44.3,118,BID
2020-10-30 10:34:02,INTC,44.31,26,ASK
2020-10-30 10:33:33,INTC,44.3,120,BID
2020-10-30 10:34:03,INTC,44.31,20,ASK
2020-10-30 10:33:33,INTC,44.3,121,BID
2020-10-30 10:34:04,INTC,44.31,26,ASK
2020-10-30 10:33:33,INTC,44.3,118,BID
2020-10-30 10:34:03,INTC,44.31,24,ASK
2020-10-30 10:33:33,INTC,44.3,118,BID
2020-10-30 10:34:03,INTC,44.31,25,ASK
2020-10-30 10:33:33,INTC,44.3,120,BID
2020-10-30 10:34:03,INTC,44.31,25,ASK
2020-10-30 10:33:33,INTC,44.3,120,BID
2020-10-30 10:34:03,INTC,44.31,61,ASK
2020-10-30 10:33:33,INTC,44.3,120,BID
2020-10-30 10:34:03,INTC,44.31,31,ASK
2020-10-30 10:33:33,INTC,44.3,115,BID
2020-10-30 10:34:03,INTC,44.31,51,ASK
2020-10-30 10:33:33,INTC,44.3,37,BID
2020-10-30 10:34:03,INTC,44.31,72,ASK
2020-10-30 10:32:48,INTC,44.28,44,BID
2020-10-30 10:34:10,INTC,44.29,17,ASK
2020-10-30 10:34:11,INTC,44.29,50,BID
2020-10-30 10:34:11,INTC,44.3,19,ASK
2020-10-30 10:32:48,INTC,44.28,46,BID
2020-10-30 10:34:12,INTC,44.29,19,ASK
2020-10-30 10:32:48,INTC,44.28,42,BID
2020-10-30 10:34:13,INTC,44.29,22,ASK
2020-10-30 10:34:13,INTC,44.26,39,BID
2020-10-30 10:34:14,INTC,44.27,19,ASK
2020-10-30 10:34:13,INTC,44.26,40,BID
2020-10-30 10:34:14,INTC,44.27,26,ASK
2020-10-30 10:34:14,INTC,44.27,19,BID
2020-10-30 10:34:14,INTC,44.28,25,ASK
2020-10-30 10:34:13,INTC,44.26,38,BID
2020-10-30 10:34:15,INTC,44.27,13,ASK
2020-10-30 10:34:13,INTC,44.26,39,BID
2020-10-30 10:34:16,INTC,44.27,28,ASK
2020-10-30 10:34:13,INTC,44.26,51,BID
2020-10-30 10:34:18,INTC,44.27,31,ASK
2020-10-30 10:34:19,INTC,44.27,22,BID
2020-10-30 10:34:18,INTC,44.28,25,ASK
2020-10-30 10:34:20,INTC,44.27,15,BID
2020-10-30 10:34:20,INTC,44.28,30,ASK
2020-10-30 10:34:21,INTC,44.27,24,BID
2020-10-30 10:34:22,INTC,44.28,28,ASK
2020-10-30 10:34:21,INTC,44.27,21,BID
2020-10-30 10:34:23,INTC,44.28,38,ASK
2020-10-30 10:34:21,INTC,44.27,22,BID
2020-10-30 10:34:24,INTC,44.28,32,ASK
2020-10-30 10:34:21,INTC,44.27,30,BID
2020-10-30 10:34:24,INTC,44.28,35,ASK
2020-10-30 10:34:25,INTC,44.28,17,BID
2020-10-30 10:34:13,INTC,44.29,27,ASK
2020-10-30 10:34:26,INTC,44.28,34,BID
2020-10-30 10:34:26,INTC,44.29,30,ASK
2020-10-30 10:34:28,INTC,44.28,33,BID
2020-10-30 10:34:26,INTC,44.29,30,ASK
2020-10-30 10:34:29,INTC,44.28,33,BID
2020-10-30 10:34:26,INTC,44.29,29,ASK
2020-10-30 10:34:31,INTC,44.28,35,BID
2020-10-30 10:34:26,INTC,44.29,29,ASK
2020-10-30 10:34:32,INTC,44.28,32,BID
2020-10-30 10:34:26,INTC,44.29,30,ASK
2020-10-30 10:34:34,INTC,44.29,9,BID
2020-10-30 10:34:33,INTC,44.3,21,ASK
2020-10-30 10:34:35,INTC,44.28,42,BID
2020-10-30 10:34:35,INTC,44.29,26,ASK
2020-10-30 10:34:36,INTC,44.28,41,BID
2020-10-30 10:34:35,INTC,44.29,24,ASK
2020-10-30 10:34:37,INTC,44.29,22,BID
2020-10-30 10:34:34,INTC,44.3,40,ASK
2020-10-30 10:34:39,INTC,44.29,17,BID
2020-10-30 10:34:37,INTC,44.3,22,ASK
2020-10-30 10:34:40,INTC,44.29,47,BID
2020-10-30 10:34:40,INTC,44.3,16,ASK
2020-10-30 10:34:42,INTC,44.29,47,BID
2020-10-30 10:34:42,INTC,44.3,31,ASK
2020-10-30 10:34:44,INTC,44.29,47,BID
2020-10-30 10:34:42,INTC,44.3,39,ASK
2020-10-30 10:34:45,INTC,44.29,47,BID
2020-10-30 10:34:42,INTC,44.3,36,ASK
2020-10-30 10:34:47,INTC,44.29,48,BID
2020-10-30 10:34:42,INTC,44.3,39,ASK
2020-10-30 10:34:49,INTC,44.29,47,BID
2020-10-30 10:34:42,INTC,44.3,37,ASK
2020-10-30 10:34:49,INTC,44.3,12,BID
2020-10-30 10:34:49,INTC,44.31,32,ASK
2020-10-30 10:34:50,INTC,44.31,34,BID
2020-10-30 10:34:50,INTC,44.32,24,ASK
2020-10-30 10:34:50,INTC,44.31,30,BID
2020-10-30 10:34:50,INTC,44.32,25,ASK
2020-10-30 10:34:50,INTC,44.3,26,BID
2020-10-30 10:34:51,INTC,44.31,58,ASK
2020-10-30 10:34:52,INTC,44.3,71,BID
2020-10-30 10:34:51,INTC,44.31,40,ASK
2020-10-30 10:34:52,INTC,44.3,71,BID
2020-10-30 10:34:51,INTC,44.31,39,ASK
2020-10-30 10:34:52,INTC,44.3,71,BID
2020-10-30 10:34:51,INTC,44.31,40,ASK
2020-10-30 10:34:53,INTC,44.3,71,BID
2020-10-30 10:34:51,INTC,44.31,46,ASK
2020-10-30 10:34:53,INTC,44.3,71,BID
2020-10-30 10:34:53,INTC,44.31,68,ASK
2020-10-30 10:34:53,INTC,44.3,66,BID
2020-10-30 10:34:53,INTC,44.31,84,ASK
2020-10-30 10:34:53,INTC,44.3,59,BID
2020-10-30 10:34:53,INTC,44.31,131,ASK
2020-10-30 10:34:53,INTC,44.3,54,BID
2020-10-30 10:34:53,INTC,44.31,95,ASK
2020-10-30 10:34:54,INTC,44.28,48,BID
2020-10-30 10:34:54,INTC,44.29,40,ASK
2020-10-30 10:34:55,INTC,44.28,49,BID
2020-10-30 10:34:54,INTC,44.29,26,ASK
2020-10-30 10:34:58,INTC,44.28,28,BID
2020-10-30 10:34:57,INTC,44.29,27,ASK
2020-10-30 10:34:21,INTC,44.27,32,BID
2020-10-30 10:35:00,INTC,44.28,28,ASK
2020-10-30 10:35:02,INTC,44.26,38,BID
2020-10-30 10:35:03,INTC,44.27,18,ASK
2020-10-30 10:35:02,INTC,44.26,38,BID
2020-10-30 10:35:04,INTC,44.27,14,ASK
2020-10-30 10:35:04,INTC,44.26,38,BID
2020-10-30 10:35:04,INTC,44.27,28,ASK
2020-10-30 10:35:04,INTC,44.26,38,BID
2020-10-30 10:35:04,INTC,44.27,28,ASK
2020-10-30 10:35:04,INTC,44.26,38,BID
2020-10-30 10:35:04,INTC,44.27,28,ASK
2020-10-30 10:35:04,INTC,44.26,38,BID
2020-10-30 10:35:04,INTC,44.27,38,ASK
2020-10-30 09:53:36,INTC,44.25,77,BID
2020-10-30 10:35:05,INTC,44.26,23,ASK
2020-10-30 09:53:36,INTC,44.25,78,BID
2020-10-30 10:35:05,INTC,44.26,40,ASK
2020-10-30 09:53:36,INTC,44.25,78,BID
2020-10-30 10:35:05,INTC,44.26,40,ASK
2020-10-30 09:53:36,INTC,44.25,78,BID
2020-10-30 10:35:05,INTC,44.26,40,ASK
2020-10-30 09:53:36,INTC,44.25,78,BID
2020-10-30 10:35:05,INTC,44.26,40,ASK
2020-10-30 09:53:36,INTC,44.25,78,BID
2020-10-30 10:35:05,INTC,44.26,40,ASK
2020-10-30 09:53:36,INTC,44.25,78,BID
2020-10-30 10:35:05,INTC,44.26,40,ASK
2020-10-30 09:53:36,INTC,44.25,78,BID
2020-10-30 10:35:05,INTC,44.26,40,ASK
2020-10-30 09:53:36,INTC,44.25,78,BID
2020-10-30 10:35:05,INTC,44.26,40,ASK
2020-10-30 09:53:36,INTC,44.25,78,BID
2020-10-30 10:35:06,INTC,44.26,38,ASK
2020-10-30 10:35:08,INTC,44.26,26,BID
2020-10-30 10:35:04,INTC,44.27,30,ASK
2020-10-30 10:35:08,INTC,44.26,30,BID
2020-10-30 10:35:08,INTC,44.27,17,ASK
2020-10-30 10:35:08,INTC,44.26,30,BID
2020-10-30 10:35:08,INTC,44.27,17,ASK
2020-10-30 10:35:08,INTC,44.26,30,BID
2020-10-30 10:35:08,INTC,44.27,17,ASK
2020-10-30 10:35:08,INTC,44.26,28,BID
2020-10-30 10:35:08,INTC,44.27,18,ASK
2020-10-30 10:35:09,INTC,44.26,43,BID
2020-10-30 10:35:09,INTC,44.27,29,ASK
2020-10-30 10:35:11,INTC,44.27,66,BID
2020-10-30 10:35:11,INTC,44.28,29,ASK
2020-10-30 10:35:12,INTC,44.28,22,BID
2020-10-30 10:35:13,INTC,44.29,36,ASK
2020-10-30 10:35:17,INTC,44.28,54,BID
2020-10-30 10:35:17,INTC,44.29,25,ASK
2020-10-30 10:35:09,INTC,44.26,38,BID
2020-10-30 10:35:20,INTC,44.27,30,ASK
2020-10-30 10:35:09,INTC,44.26,31,BID
2020-10-30 10:35:20,INTC,44.27,41,ASK
2020-10-30 09:53:36,INTC,44.25,68,BID
2020-10-30 10:35:20,INTC,44.26,32,ASK
2020-10-30 09:31:26,INTC,44.24,43,BID
2020-10-30 10:35:20,INTC,44.25,61,ASK
2020-10-30 09:31:26,INTC,44.24,44,BID
2020-10-30 10:35:21,INTC,44.25,27,ASK
2020-10-30 10:35:21,INTC,44.25,21,BID
2020-10-30 10:35:20,INTC,44.26,41,ASK
2020-10-30 10:35:21,INTC,44.25,22,BID
2020-10-30 10:35:21,INTC,44.25,81,ASK
2020-10-30 10:35:22,INTC,44.23,39,BID
2020-10-30 10:35:22,INTC,44.24,18,ASK
2020-10-30 10:35:22,INTC,44.22,56,BID
2020-10-30 10:35:22,INTC,44.23,31,ASK
2020-10-30 10:35:22,INTC,44.23,26,BID
2020-10-30 10:35:22,INTC,44.24,31,ASK
2020-10-30 10:35:23,INTC,44.23,39,BID
2020-10-30 10:35:23,INTC,44.24,25,ASK
2020-10-30 10:35:24,INTC,44.23,46,BID
2020-10-30 10:35:24,INTC,44.24,20,ASK
2020-10-30 10:35:24,INTC,44.23,32,BID
2020-10-30 10:35:24,INTC,44.24,45,ASK
2020-10-30 10:35:25,INTC,44.23,32,BID
2020-10-30 10:35:25,INTC,44.24,50,ASK
2020-10-30 10:35:25,INTC,44.23,32,BID
2020-10-30 10:35:25,INTC,44.24,42,ASK
2020-10-30 10:35:22,INTC,44.22,70,BID
2020-10-30 10:35:27,INTC,44.23,29,ASK
2020-10-30 10:35:22,INTC,44.22,68,BID
2020-10-30 10:35:28,INTC,44.23,26,ASK
2020-10-30 09:31:21,INTC,44.21,27,BID
2020-10-30 10:35:29,INTC,44.22,40,ASK
2020-10-30 09:31:21,INTC,44.21,28,BID
2020-10-30 10:35:29,INTC,44.22,37,ASK
2020-10-30 09:31:21,INTC,44.21,29,BID
2020-10-30 10:35:29,INTC,44.22,34,ASK
2020-10-30 10:35:30,INTC,44.22,16,BID
2020-10-30 10:35:30,INTC,44.23,29,ASK
2020-10-30 10:35:30,INTC,44.21,20,BID
2020-10-30 10:35:30,INTC,44.22,32,ASK
2020-10-30 10:35:31,INTC,44.21,30,BID
2020-10-30 10:35:31,INTC,44.22,26,ASK
2020-10-30 10:35:32,INTC,44.21,33,BID
2020-10-30 10:35:32,INTC,44.22,23,ASK
2020-10-30 10:35:32,INTC,44.22,23,BID
2020-10-30 10:35:32,INTC,44.23,21,ASK
2020-10-30 10:35:32,INTC,44.22,23,BID
2020-10-30 10:35:32,INTC,44.23,21,ASK
2020-10-30 10:35:33,INTC,44.22,24,BID
2020-10-30 10:35:33,INTC,44.23,38,ASK
2020-10-30 10:35:35,INTC,44.22,29,BID
2020-10-30 10:35:34,INTC,44.23,41,ASK
2020-10-30 10:35:36,INTC,44.21,48,BID
2020-10-30 10:35:36,INTC,44.22,48,ASK
2020-10-30 10:35:38,INTC,44.21,60,BID
2020-10-30 10:35:38,INTC,44.22,4,ASK
2020-10-30 10:35:39,INTC,44.21,60,BID
2020-10-30 10:35:38,INTC,44.22,18,ASK
2020-10-30 10:35:40,INTC,44.21,56,BID
2020-10-30 10:35:38,INTC,44.22,18,ASK
2020-10-30 10:35:41,INTC,44.21,57,BID
2020-10-30 10:35:41,INTC,44.22,18,ASK
2020-10-30 10:35:42,INTC,44.22,21,BID
2020-10-30 10:35:42,INTC,44.23,31,ASK
2020-10-30 10:35:43,INTC,44.22,40,BID
2020-10-30 10:35:42,INTC,44.23,35,ASK
2020-10-30 10:35:44,INTC,44.23,8,BID
2020-10-30 10:35:44,INTC,44.24,23,ASK
2020-10-30 10:35:44,INTC,44.24,18,BID
2020-10-30 10:35:44,INTC,44.25,61,ASK
2020-10-30 10:35:44,INTC,44.24,17,BID
2020-10-30 10:35:44,INTC,44.25,59,ASK
2020-10-30 10:35:45,INTC,44.24,23,BID
2020-10-30 10:35:45,INTC,44.25,35,ASK
2020-10-30 10:35:45,INTC,44.24,17,BID
2020-10-30 10:35:45,INTC,44.25,34,ASK
2020-10-30 10:35:45,INTC,44.24,19,BID
2020-10-30 10:35:45,INTC,44.25,29,ASK
2020-10-30 10:35:47,INTC,44.24,20,BID
2020-10-30 10:35:47,INTC,44.25,35,ASK
2020-10-30 10:35:48,INTC,44.23,37,BID
2020-10-30 10:35:48,INTC,44.24,9,ASK
2020-10-30 10:35:49,INTC,44.24,22,BID
2020-10-30 10:35:49,INTC,44.25,19,ASK
2020-10-30 10:35:50,INTC,44.25,28,BID
2020-10-30 10:35:50,INTC,44.26,25,ASK
2020-10-30 10:35:50,INTC,44.25,23,BID
2020-10-30 10:35:51,INTC,44.26,22,ASK
2020-10-30 10:35:50,INTC,44.25,23,BID
2020-10-30 10:35:51,INTC,44.26,28,ASK
2020-10-30 10:35:50,INTC,44.25,31,BID
2020-10-30 10:35:51,INTC,44.26,20,ASK
2020-10-30 10:35:50,INTC,44.25,27,BID
2020-10-30 10:35:51,INTC,44.26,32,ASK
2020-10-30 10:35:49,INTC,44.24,26,BID
2020-10-30 10:35:55,INTC,44.25,33,ASK
2020-10-30 10:35:56,INTC,44.25,44,BID
2020-10-30 10:35:51,INTC,44.26,27,ASK
2020-10-30 10:35:57,INTC,44.25,43,BID
2020-10-30 10:35:51,INTC,44.26,26,ASK
2020-10-30 10:35:57,INTC,44.25,43,BID
2020-10-30 10:35:51,INTC,44.26,26,ASK
2020-10-30 10:35:57,INTC,44.25,43,BID
2020-10-30 10:35:51,INTC,44.26,26,ASK
2020-10-30 10:35:57,INTC,44.25,43,BID
2020-10-30 10:35:51,INTC,44.26,26,ASK
2020-10-30 10:35:57,INTC,44.25,43,BID
2020-10-30 10:35:51,INTC,44.26,26,ASK
2020-10-30 10:35:57,INTC,44.25,65,BID
2020-10-30 10:35:51,INTC,44.26,23,ASK
2020-10-30 10:36:01,INTC,44.25,47,BID
2020-10-30 10:36:01,INTC,44.26,31,ASK
2020-10-30 10:36:02,INTC,44.25,50,BID
2020-10-30 10:36:01,INTC,44.26,40,ASK
2020-10-30 10:36:02,INTC,44.25,50,BID
2020-10-30 10:36:01,INTC,44.26,39,ASK
2020-10-30 10:36:04,INTC,44.25,51,BID
2020-10-30 10:36:01,INTC,44.26,25,ASK
2020-10-30 10:36:04,INTC,44.26,24,BID
2020-10-30 10:35:20,INTC,44.27,42,ASK
2020-10-30 10:36:04,INTC,44.26,25,BID
2020-10-30 10:35:20,INTC,44.27,41,ASK
2020-10-30 10:36:04,INTC,44.26,29,BID
2020-10-30 10:35:20,INTC,44.27,36,ASK
2020-10-30 10:36:04,INTC,44.26,29,BID
2020-10-30 10:35:20,INTC,44.27,36,ASK
2020-10-30 10:36:09,INTC,44.26,35,BID
2020-10-30 10:35:20,INTC,44.27,42,ASK
2020-10-30 10:36:09,INTC,44.26,35,BID
2020-10-30 10:35:20,INTC,44.27,42,ASK
2020-10-30 10:36:09,INTC,44.26,36,BID
2020-10-30 10:35:20,INTC,44.27,40,ASK
2020-10-30 10:36:09,INTC,44.26,41,BID
2020-10-30 10:35:20,INTC,44.27,42,ASK
2020-10-30 10:36:09,INTC,44.26,41,BID
2020-10-30 10:35:20,INTC,44.27,42,ASK
2020-10-30 10:36:04,INTC,44.25,62,BID
2020-10-30 10:36:15,INTC,44.26,35,ASK
2020-10-30 10:36:15,INTC,44.24,27,BID
2020-10-30 10:36:16,INTC,44.25,7,ASK
2020-10-30 10:36:17,INTC,44.24,24,BID
2020-10-30 10:36:16,INTC,44.25,21,ASK
2020-10-30 10:36:17,INTC,44.24,24,BID
2020-10-30 10:36:17,INTC,44.25,21,ASK
2020-10-30 10:36:18,INTC,44.25,25,BID
2020-10-30 10:36:18,INTC,44.26,21,ASK
2020-10-30 10:36:19,INTC,44.24,22,BID
2020-10-30 10:36:19,INTC,44.25,13,ASK
2020-10-30 10:36:20,INTC,44.24,20,BID
2020-10-30 10:36:20,INTC,44.25,18,ASK
2020-10-30 10:36:20,INTC,44.24,18,BID
2020-10-30 10:36:21,INTC,44.25,19,ASK
2020-10-30 10:36:20,INTC,44.24,19,BID
2020-10-30 10:36:21,INTC,44.25,20,ASK
2020-10-30 10:36:22,INTC,44.23,41,BID
2020-10-30 10:36:22,INTC,44.24,23,ASK
2020-10-30 10:36:22,INTC,44.22,57,BID
2020-10-30 10:36:22,INTC,44.23,45,ASK
2020-10-30 10:36:22,INTC,44.22,62,BID
2020-10-30 10:36:23,INTC,44.23,45,ASK
2020-10-30 10:36:23,INTC,44.23,18,BID
2020-10-30 10:36:24,INTC,44.24,14,ASK
2020-10-30 10:36:24,INTC,44.23,32,BID
2020-10-30 10:36:24,INTC,44.24,22,ASK
2020-10-30 10:36:25,INTC,44.24,20,BID
2020-10-30 10:36:26,INTC,44.25,26,ASK
2020-10-30 10:36:26,INTC,44.24,17,BID
2020-10-30 10:36:26,INTC,44.25,43,ASK
2020-10-30 10:36:28,INTC,44.23,26,BID
2020-10-30 10:36:27,INTC,44.24,28,ASK
2020-10-30 10:36:28,INTC,44.23,23,BID
2020-10-30 10:36:28,INTC,44.24,22,ASK
2020-10-30 10:36:28,INTC,44.23,29,BID
2020-10-30 10:36:29,INTC,44.24,25,ASK
2020-10-30 10:36:30,INTC,44.24,15,BID
2020-10-30 10:36:29,INTC,44.25,23,ASK
2020-10-30 10:36:31,INTC,44.24,12,BID
2020-10-30 10:36:29,INTC,44.25,22,ASK
2020-10-30 10:36:31,INTC,44.23,25,BID
2020-10-30 10:36:31,INTC,44.24,25,ASK
2020-10-30 10:36:22,INTC,44.22,59,BID
2020-10-30 10:36:31,INTC,44.23,15,ASK
2020-10-30 10:36:32,INTC,44.22,3,BID
2020-10-30 10:36:32,INTC,44.23,32,ASK
2020-10-30 10:36:33,INTC,44.22,14,BID
2020-10-30 10:36:33,INTC,44.23,31,ASK
2020-10-30 10:36:35,INTC,44.22,29,BID
2020-10-30 10:36:35,INTC,44.23,35,ASK
2020-10-30 10:36:36,INTC,44.23,40,BID
2020-10-30 10:36:36,INTC,44.24,30,ASK
2020-10-30 10:36:37,INTC,44.23,41,BID
2020-10-30 10:36:37,INTC,44.24,24,ASK
2020-10-30 10:36:38,INTC,44.24,32,BID
2020-10-30 10:36:38,INTC,44.25,23,ASK
2020-10-30 10:36:38,INTC,44.24,21,BID
2020-10-30 10:36:38,INTC,44.25,32,ASK
2020-10-30 10:36:38,INTC,44.24,21,BID
2020-10-30 10:36:39,INTC,44.25,39,ASK
2020-10-30 10:36:40,INTC,44.23,38,BID
2020-10-30 10:36:40,INTC,44.24,15,ASK
2020-10-30 10:36:43,INTC,44.25,28,BID
2020-10-30 10:36:43,INTC,44.26,39,ASK
2020-10-30 10:36:44,INTC,44.24,51,BID
2020-10-30 10:36:44,INTC,44.25,23,ASK
2020-10-30 10:36:44,INTC,44.24,13,BID
2020-10-30 10:36:44,INTC,44.25,21,ASK
2020-10-30 10:36:45,INTC,44.24,17,BID
2020-10-30 10:36:45,INTC,44.25,24,ASK
2020-10-30 10:36:46,INTC,44.24,17,BID
2020-10-30 10:36:46,INTC,44.25,46,ASK
2020-10-30 10:36:46,INTC,44.23,37,BID
2020-10-30 10:36:46,INTC,44.24,38,ASK
2020-10-30 10:36:47,INTC,44.23,33,BID
2020-10-30 10:36:47,INTC,44.24,42,ASK
2020-10-30 10:36:35,INTC,44.22,37,BID
2020-10-30 10:36:47,INTC,44.23,28,ASK
2020-10-30 10:36:48,INTC,44.23,6,BID
2020-10-30 10:36:48,INTC,44.24,39,ASK
2020-10-30 10:36:49,INTC,44.23,34,BID
2020-10-30 10:36:49,INTC,44.24,26,ASK
2020-10-30 10:36:49,INTC,44.23,31,BID
2020-10-30 10:36:50,INTC,44.24,30,ASK
2020-10-30 10:36:49,INTC,44.23,37,BID
2020-10-30 10:36:50,INTC,44.24,27,ASK
2020-10-30 10:36:52,INTC,44.24,27,BID
2020-10-30 10:36:46,INTC,44.25,40,ASK
2020-10-30 10:36:52,INTC,44.24,41,BID
2020-10-30 10:36:53,INTC,44.25,16,ASK
2020-10-30 10:36:54,INTC,44.25,31,BID
2020-10-30 10:36:43,INTC,44.26,25,ASK
2020-10-30 10:36:49,INTC,44.23,34,BID
2020-10-30 10:36:54,INTC,44.24,43,ASK
2020-10-30 10:36:55,INTC,44.24,21,BID
2020-10-30 10:36:54,INTC,44.25,60,ASK
2020-10-30 10:36:55,INTC,44.24,55,BID
2020-10-30 10:36:55,INTC,44.25,28,ASK
2020-10-30 10:36:55,INTC,44.24,56,BID
2020-10-30 10:36:55,INTC,44.25,35,ASK
2020-10-30 10:36:55,INTC,44.24,56,BID
2020-10-30 10:36:55,INTC,44.25,33,ASK
2020-10-30 10:36:57,INTC,44.25,63,BID
2020-10-30 10:36:57,INTC,44.26,42,ASK
2020-10-30 10:36:59,INTC,44.23,42,BID
2020-10-30 10:36:58,INTC,44.24,40,ASK
2020-10-30 10:37:00,INTC,44.23,40,BID
2020-10-30 10:36:58,INTC,44.24,41,ASK
2020-10-30 10:37:01,INTC,44.23,54,BID
2020-10-30 10:36:58,INTC,44.24,31,ASK
2020-10-30 10:37:01,INTC,44.24,29,BID
2020-10-30 10:37:01,INTC,44.25,26,ASK
2020-10-30 10:37:01,INTC,44.24,29,BID
2020-10-30 10:37:02,INTC,44.25,18,ASK
2020-10-30 10:37:03,INTC,44.24,35,BID
2020-10-30 10:37:02,INTC,44.25,23,ASK
2020-10-30 10:37:04,INTC,44.24,35,BID
2020-10-30 10:37:04,INTC,44.25,38,ASK
2020-10-30 10:37:05,INTC,44.24,38,BID
2020-10-30 10:37:04,INTC,44.25,32,ASK
2020-10-30 10:37:05,INTC,44.24,39,BID
2020-10-30 10:37:04,INTC,44.25,32,ASK
2020-10-30 10:37:06,INTC,44.23,39,BID
2020-10-30 10:37:06,INTC,44.24,25,ASK
2020-10-30 10:37:06,INTC,44.23,51,BID
2020-10-30 10:37:07,INTC,44.24,36,ASK
2020-10-30 10:37:06,INTC,44.23,71,BID
2020-10-30 10:37:08,INTC,44.24,30,ASK
2020-10-30 10:37:06,INTC,44.23,71,BID
2020-10-30 10:37:08,INTC,44.24,30,ASK
2020-10-30 10:37:06,INTC,44.23,75,BID
2020-10-30 10:37:10,INTC,44.24,30,ASK
2020-10-30 10:37:06,INTC,44.23,73,BID
2020-10-30 10:37:11,INTC,44.24,55,ASK
2020-10-30 10:37:06,INTC,44.23,73,BID
2020-10-30 10:37:11,INTC,44.24,42,ASK
2020-10-30 10:37:06,INTC,44.23,73,BID
2020-10-30 10:37:11,INTC,44.24,42,ASK
2020-10-30 10:37:06,INTC,44.23,74,BID
2020-10-30 10:37:11,INTC,44.24,43,ASK
2020-10-30 10:37:06,INTC,44.23,73,BID
2020-10-30 10:37:11,INTC,44.24,48,ASK
2020-10-30 10:37:06,INTC,44.23,76,BID
2020-10-30 10:37:11,INTC,44.24,47,ASK
2020-10-30 10:37:06,INTC,44.23,81,BID
2020-10-30 10:37:16,INTC,44.24,18,ASK
2020-10-30 10:37:17,INTC,44.24,24,BID
2020-10-30 10:37:04,INTC,44.25,35,ASK
2020-10-30 10:37:17,INTC,44.24,48,BID
2020-10-30 10:37:04,INTC,44.25,35,ASK
2020-10-30 10:37:17,INTC,44.24,48,BID
2020-10-30 10:37:04,INTC,44.25,37,ASK
2020-10-30 10:37:17,INTC,44.24,33,BID
2020-10-30 10:37:04,INTC,44.25,50,ASK
2020-10-30 10:37:21,INTC,44.24,36,BID
2020-10-30 10:37:04,INTC,44.25,41,ASK
2020-10-30 10:37:22,INTC,44.25,20,BID
2020-10-30 10:37:22,INTC,44.26,31,ASK
2020-10-30 10:37:22,INTC,44.26,21,BID
2020-10-30 10:37:22,INTC,44.27,32,ASK
2020-10-30 10:37:22,INTC,44.26,24,BID
2020-10-30 10:37:22,INTC,44.27,29,ASK
2020-10-30 10:37:22,INTC,44.26,24,BID
2020-10-30 10:37:22,INTC,44.27,31,ASK
2020-10-30 10:37:26,INTC,44.25,9,BID
2020-10-30 10:37:26,INTC,44.26,23,ASK
2020-10-30 10:37:26,INTC,44.24,42,BID
2020-10-30 10:37:26,INTC,44.26,44,ASK
2020-10-30 10:37:26,INTC,44.24,42,BID
2020-10-30 10:37:26,INTC,44.26,24,ASK
2020-10-30 10:37:26,INTC,44.24,41,BID
2020-10-30 10:37:26,INTC,44.26,24,ASK
2020-10-30 10:37:30,INTC,44.25,24,BID
2020-10-30 10:37:29,INTC,44.26,22,ASK
2020-10-30 10:37:30,INTC,44.25,28,BID
2020-10-30 10:37:30,INTC,44.26,29,ASK
2020-10-30 10:37:31,INTC,44.25,41,BID
2020-10-30 10:37:31,INTC,44.26,18,ASK
2020-10-30 10:37:31,INTC,44.26,22,BID
2020-10-30 10:37:22,INTC,44.27,22,ASK
2020-10-30 10:37:32,INTC,44.26,27,BID
2020-10-30 10:37:32,INTC,44.27,38,ASK
2020-10-30 10:37:32,INTC,44.26,28,BID
2020-10-30 10:37:32,INTC,44.27,38,ASK
2020-10-30 10:37:32,INTC,44.26,38,BID
2020-10-30 10:37:32,INTC,44.27,35,ASK
2020-10-30 10:37:35,INTC,44.27,13,BID
2020-10-30 10:37:35,INTC,44.28,11,ASK
2020-10-30 10:37:35,INTC,44.27,20,BID
2020-10-30 10:37:35,INTC,44.28,23,ASK
2020-10-30 10:37:35,INTC,44.27,23,BID
2020-10-30 10:37:36,INTC,44.28,18,ASK
2020-10-30 10:37:36,INTC,44.28,11,BID
2020-10-30 10:35:20,INTC,44.29,39,ASK
2020-10-30 10:37:36,INTC,44.28,12,BID
2020-10-30 10:35:20,INTC,44.29,35,ASK
2020-10-30 10:37:38,INTC,44.28,30,BID
2020-10-30 10:35:20,INTC,44.29,34,ASK
2020-10-30 10:37:39,INTC,44.28,55,BID
2020-10-30 10:37:39,INTC,44.29,42,ASK
2020-10-30 10:37:40,INTC,44.28,46,BID
2020-10-30 10:37:39,INTC,44.29,42,ASK
2020-10-30 10:37:40,INTC,44.28,49,BID
2020-10-30 10:37:39,INTC,44.29,41,ASK
2020-10-30 10:37:41,INTC,44.28,49,BID
2020-10-30 10:37:41,INTC,44.29,40,ASK
2020-10-30 10:37:42,INTC,44.29,16,BID
2020-10-30 10:35:16,INTC,44.3,47,ASK
2020-10-30 10:37:43,INTC,44.28,48,BID
2020-10-30 10:37:43,INTC,44.29,42,ASK
2020-10-30 10:37:45,INTC,44.28,48,BID
2020-10-30 10:37:45,INTC,44.29,38,ASK
2020-10-30 10:37:45,INTC,44.28,48,BID
2020-10-30 10:37:45,INTC,44.29,36,ASK
2020-10-30 10:37:46,INTC,44.29,31,BID
2020-10-30 10:35:16,INTC,44.3,52,ASK
2020-10-30 10:37:46,INTC,44.29,31,BID
2020-10-30 10:35:16,INTC,44.3,46,ASK
2020-10-30 10:37:47,INTC,44.3,20,BID
2020-10-30 10:34:53,INTC,44.31,106,ASK
2020-10-30 10:37:47,INTC,44.3,11,BID
2020-10-30 10:34:53,INTC,44.31,103,ASK
2020-10-30 10:37:48,INTC,44.3,21,BID
2020-10-30 10:34:53,INTC,44.31,102,ASK
2020-10-30 10:37:50,INTC,44.3,31,BID
2020-10-30 10:34:53,INTC,44.31,98,ASK
2020-10-30 10:37:51,INTC,44.3,31,BID
2020-10-30 10:34:53,INTC,44.31,102,ASK
2020-10-30 10:37:52,INTC,44.3,31,BID
2020-10-30 10:34:53,INTC,44.31,101,ASK
2020-10-30 10:37:52,INTC,44.3,33,BID
2020-10-30 10:34:53,INTC,44.31,86,ASK
2020-10-30 10:37:53,INTC,44.31,26,BID
2020-10-30 10:34:50,INTC,44.32,34,ASK
2020-10-30 10:37:53,INTC,44.31,15,BID
2020-10-30 10:34:50,INTC,44.32,31,ASK
2020-10-30 10:37:53,INTC,44.31,22,BID
2020-10-30 10:34:50,INTC,44.32,30,ASK
2020-10-30 10:37:53,INTC,44.31,28,BID
2020-10-30 10:34:50,INTC,44.32,27,ASK
2020-10-30 10:37:55,INTC,44.32,29,BID
2020-10-30 10:37:55,INTC,44.33,30,ASK
2020-10-30 10:37:55,INTC,44.32,8,BID
2020-10-30 10:37:55,INTC,44.33,37,ASK
2020-10-30 10:37:56,INTC,44.32,21,BID
2020-10-30 10:37:56,INTC,44.33,30,ASK
2020-10-30 10:37:57,INTC,44.32,63,BID
2020-10-30 10:37:57,INTC,44.33,32,ASK
2020-10-30 10:37:58,INTC,44.32,63,BID
2020-10-30 10:37:58,INTC,44.33,33,ASK
2020-10-30 10:38:00,INTC,44.32,63,BID
2020-10-30 10:37:59,INTC,44.33,32,ASK
2020-10-30 10:38:00,INTC,44.32,62,BID
2020-10-30 10:37:59,INTC,44.33,30,ASK
2020-10-30 10:38:01,INTC,44.32,66,BID
2020-10-30 10:37:59,INTC,44.33,23,ASK
2020-10-30 10:37:55,INTC,44.31,48,BID
2020-10-30 10:38:02,INTC,44.32,22,ASK
2020-10-30 10:38:02,INTC,44.32,30,BID
2020-10-30 10:37:59,INTC,44.33,36,ASK
2020-10-30 10:38:03,INTC,44.32,19,BID
2020-10-30 10:37:59,INTC,44.33,35,ASK
2020-10-30 10:38:04,INTC,44.32,28,BID
2020-10-30 10:37:59,INTC,44.33,27,ASK
2020-10-30 10:38:04,INTC,44.32,31,BID
2020-10-30 10:37:59,INTC,44.33,25,ASK
2020-10-30 10:38:04,INTC,44.32,40,BID
2020-10-30 10:37:59,INTC,44.33,25,ASK
2020-10-30 10:38:04,INTC,44.32,38,BID
2020-10-30 10:37:59,INTC,44.33,40,ASK
2020-10-30 10:38:04,INTC,44.32,36,BID
2020-10-30 10:37:59,INTC,44.33,39,ASK
2020-10-30 10:38:04,INTC,44.32,38,BID
2020-10-30 10:37:59,INTC,44.33,33,ASK
2020-10-30 10:38:04,INTC,44.32,38,BID
2020-10-30 10:37:59,INTC,44.33,33,ASK
2020-10-30 10:38:11,INTC,44.32,44,BID
2020-10-30 10:37:59,INTC,44.33,36,ASK
2020-10-30 10:38:11,INTC,44.32,44,BID
2020-10-30 10:37:59,INTC,44.33,36,ASK
2020-10-30 10:37:53,INTC,44.3,48,BID
2020-10-30 10:38:12,INTC,44.31,10,ASK
2020-10-30 10:37:53,INTC,44.3,44,BID
2020-10-30 10:38:13,INTC,44.31,12,ASK
2020-10-30 10:37:53,INTC,44.3,44,BID
2020-10-30 10:38:13,INTC,44.31,21,ASK
2020-10-30 10:37:53,INTC,44.3,47,BID
2020-10-30 10:38:14,INTC,44.31,27,ASK
2020-10-30 10:37:53,INTC,44.3,54,BID
2020-10-30 10:38:15,INTC,44.31,22,ASK
2020-10-30 10:37:53,INTC,44.3,50,BID
2020-10-30 10:38:17,INTC,44.31,25,ASK
2020-10-30 10:37:53,INTC,44.3,50,BID
2020-10-30 10:38:17,INTC,44.31,27,ASK
2020-10-30 10:38:19,INTC,44.29,21,BID
2020-10-30 10:38:18,INTC,44.3,38,ASK
2020-10-30 10:38:19,INTC,44.3,25,BID
2020-10-30 10:38:19,INTC,44.31,24,ASK
2020-10-30 10:38:19,INTC,44.3,24,BID
2020-10-30 10:38:19,INTC,44.31,24,ASK
2020-10-30 10:38:21,INTC,44.32,36,BID
2020-10-30 10:38:21,INTC,44.33,48,ASK
2020-10-30 10:38:22,INTC,44.32,25,BID
2020-10-30 10:38:22,INTC,44.33,44,ASK
2020-10-30 10:38:24,INTC,44.32,26,BID
2020-10-30 10:38:24,INTC,44.33,40,ASK
2020-10-30 10:38:25,INTC,44.31,21,BID
2020-10-30 10:38:25,INTC,44.32,36,ASK
2020-10-30 10:38:19,INTC,44.3,20,BID
2020-10-30 10:38:27,INTC,44.31,35,ASK
2020-10-30 10:38:28,INTC,44.3,27,BID
2020-10-30 10:38:27,INTC,44.31,29,ASK
2020-10-30 10:38:28,INTC,44.3,30,BID
2020-10-30 10:38:29,INTC,44.31,30,ASK
2020-10-30 10:38:28,INTC,44.3,29,BID
2020-10-30 10:38:29,INTC,44.31,29,ASK
2020-10-30 10:38:28,INTC,44.3,27,BID
2020-10-30 10:38:29,INTC,44.31,31,ASK
2020-10-30 10:38:28,INTC,44.3,27,BID
2020-10-30 10:38:29,INTC,44.31,29,ASK
2020-10-30 10:38:28,INTC,44.3,27,BID
2020-10-30 10:38:29,INTC,44.31,28,ASK
2020-10-30 10:38:35,INTC,44.3,26,BID
2020-10-30 10:38:35,INTC,44.3,15,ASK
2020-10-30 10:37:36,INTC,44.27,25,BID
2020-10-30 10:38:36,INTC,44.28,46,ASK
2020-10-30 10:38:36,INTC,44.27,11,BID
2020-10-30 10:38:36,INTC,44.28,46,ASK
2020-10-30 10:38:37,INTC,44.28,21,BID
2020-10-30 10:38:35,INTC,44.29,29,ASK
2020-10-30 10:38:37,INTC,44.28,7,BID
2020-10-30 10:38:35,INTC,44.29,34,ASK
2020-10-30 10:38:39,INTC,44.28,25,BID
2020-10-30 10:38:38,INTC,44.29,34,ASK
2020-10-30 10:38:39,INTC,44.28,29,BID
2020-10-30 10:38:38,INTC,44.29,24,ASK
2020-10-30 10:38:40,INTC,44.28,27,BID
2020-10-30 10:38:41,INTC,44.29,33,ASK
2020-10-30 10:38:41,INTC,44.29,28,BID
2020-10-30 10:38:41,INTC,44.3,38,ASK
2020-10-30 10:38:43,INTC,44.29,31,BID
2020-10-30 10:38:43,INTC,44.3,36,ASK
2020-10-30 10:38:44,INTC,44.3,22,BID
2020-10-30 10:38:29,INTC,44.31,40,ASK
2020-10-30 10:38:46,INTC,44.3,24,BID
2020-10-30 10:38:46,INTC,44.31,32,ASK
2020-10-30 10:38:47,INTC,44.3,32,BID
2020-10-30 10:38:46,INTC,44.31,28,ASK
2020-10-30 10:38:48,INTC,44.3,42,BID
2020-10-30 10:38:48,INTC,44.31,32,ASK
2020-10-30 10:38:50,INTC,44.3,45,BID
2020-10-30 10:38:49,INTC,44.31,26,ASK
2020-10-30 10:38:50,INTC,44.3,47,BID
2020-10-30 10:38:49,INTC,44.31,25,ASK
2020-10-30 10:38:50,INTC,44.3,44,BID
2020-10-30 10:38:50,INTC,44.31,54,ASK
2020-10-30 10:38:51,INTC,44.31,19,BID
2020-10-30 10:38:51,INTC,44.32,56,ASK
2020-10-30 10:38:51,INTC,44.32,22,BID
2020-10-30 10:38:51,INTC,44.33,40,ASK
2020-10-30 10:38:52,INTC,44.32,29,BID
2020-10-30 10:38:52,INTC,44.33,35,ASK
2020-10-30 10:38:52,INTC,44.32,39,BID
2020-10-30 10:38:52,INTC,44.33,25,ASK
2020-10-30 10:38:53,INTC,44.33,47,BID
2020-10-30 10:38:53,INTC,44.34,18,ASK
2020-10-30 10:38:54,INTC,44.33,47,BID
2020-10-30 10:38:54,INTC,44.34,18,ASK
2020-10-30 10:38:55,INTC,44.33,48,BID
2020-10-30 10:38:55,INTC,44.34,18,ASK
2020-10-30 10:38:57,INTC,44.33,47,BID
2020-10-30 10:38:57,INTC,44.34,12,ASK
2020-10-30 10:38:57,INTC,44.33,48,BID
2020-10-30 10:38:57,INTC,44.34,12,ASK
2020-10-30 10:38:59,INTC,44.33,47,BID
2020-10-30 10:38:58,INTC,44.34,27,ASK
2020-10-30 10:39:00,INTC,44.33,53,BID
2020-10-30 10:38:58,INTC,44.34,32,ASK
2020-10-30 10:39:01,INTC,44.33,53,BID
2020-10-30 10:38:58,INTC,44.34,31,ASK
2020-10-30 10:39:02,INTC,44.33,53,BID
2020-10-30 10:38:58,INTC,44.34,26,ASK
2020-10-30 10:39:02,INTC,44.33,51,BID
2020-10-30 10:38:58,INTC,44.34,26,ASK
2020-10-30 10:39:03,INTC,44.33,51,BID
2020-10-30 10:38:58,INTC,44.34,32,ASK
2020-10-30 10:39:04,INTC,44.33,51,BID
2020-10-30 10:38:58,INTC,44.34,28,ASK
2020-10-30 10:39:04,INTC,44.31,29,BID
2020-10-30 10:39:04,INTC,44.32,30,ASK
2020-10-30 10:39:05,INTC,44.31,32,BID
2020-10-30 10:39:05,INTC,44.32,30,ASK
2020-10-30 10:39:06,INTC,44.31,47,BID
2020-10-30 10:39:06,INTC,44.32,20,ASK
2020-10-30 10:39:06,INTC,44.31,41,BID
2020-10-30 10:39:06,INTC,44.32,26,ASK
2020-10-30 10:39:06,INTC,44.31,36,BID
2020-10-30 10:39:06,INTC,44.32,27,ASK
2020-10-30 10:39:06,INTC,44.31,38,BID
2020-10-30 10:39:06,INTC,44.32,28,ASK
2020-10-30 10:39:06,INTC,44.31,38,BID
2020-10-30 10:39:06,INTC,44.32,28,ASK
2020-10-30 10:39:06,INTC,44.31,38,BID
2020-10-30 10:39:06,INTC,44.32,32,ASK
2020-10-30 10:39:12,INTC,44.31,40,BID
2020-10-30 10:39:12,INTC,44.32,29,ASK
2020-10-30 10:39:12,INTC,44.31,40,BID
2020-10-30 10:39:12,INTC,44.32,22,ASK
2020-10-30 10:39:14,INTC,44.31,41,BID
2020-10-30 10:39:12,INTC,44.32,23,ASK
2020-10-30 10:39:14,INTC,44.31,42,BID
2020-10-30 10:39:12,INTC,44.32,27,ASK
2020-10-30 10:39:14,INTC,44.31,48,BID
2020-10-30 10:39:12,INTC,44.32,23,ASK
2020-10-30 10:39:14,INTC,44.31,40,BID
2020-10-30 10:39:12,INTC,44.32,31,ASK
2020-10-30 10:39:22,INTC,44.31,48,BID
2020-10-30 10:39:22,INTC,44.32,22,ASK
2020-10-30 10:39:22,INTC,44.31,45,BID
2020-10-30 10:39:24,INTC,44.32,30,ASK
2020-10-30 10:39:22,INTC,44.31,47,BID
2020-10-30 10:39:25,INTC,44.32,32,ASK
2020-10-30 10:38:51,INTC,44.3,35,BID
2020-10-30 10:39:28,INTC,44.31,43,ASK
2020-10-30 10:39:28,INTC,44.29,39,BID
2020-10-30 10:39:28,INTC,44.3,29,ASK
2020-10-30 10:39:28,INTC,44.29,38,BID
2020-10-30 10:39:28,INTC,44.3,25,ASK
2020-10-30 10:39:28,INTC,44.29,40,BID
2020-10-30 10:39:30,INTC,44.3,14,ASK
2020-10-30 10:39:31,INTC,44.3,27,BID
2020-10-30 10:39:31,INTC,44.31,23,ASK
2020-10-30 10:39:31,INTC,44.3,27,BID
2020-10-30 10:39:32,INTC,44.31,23,ASK
2020-10-30 10:39:31,INTC,44.3,27,BID
2020-10-30 10:39:32,INTC,44.31,23,ASK
2020-10-30 10:39:33,INTC,44.3,23,BID
2020-10-30 10:39:33,INTC,44.31,27,ASK
2020-10-30 10:39:36,INTC,44.29,45,BID
2020-10-30 10:39:35,INTC,44.3,43,ASK
2020-10-30 10:39:36,INTC,44.28,33,BID
2020-10-30 10:39:36,INTC,44.29,29,ASK
2020-10-30 10:39:38,INTC,44.29,12,BID
2020-10-30 10:39:36,INTC,44.3,55,ASK
2020-10-30 10:39:39,INTC,44.29,20,BID
2020-10-30 10:39:39,INTC,44.3,48,ASK
2020-10-30 10:39:39,INTC,44.29,45,BID
2020-10-30 10:39:41,INTC,44.3,21,ASK
2020-10-30 10:39:41,INTC,44.3,21,BID
2020-10-30 10:39:34,INTC,44.31,51,ASK
2020-10-30 10:39:42,INTC,44.3,25,BID
2020-10-30 10:39:42,INTC,44.31,53,ASK
2020-10-30 10:39:46,INTC,44.3,39,BID
2020-10-30 10:39:42,INTC,44.31,51,ASK
2020-10-30 10:39:46,INTC,44.3,47,BID
2020-10-30 10:39:46,INTC,44.31,30,ASK
2020-10-30 10:39:46,INTC,44.3,57,BID
2020-10-30 10:39:46,INTC,44.31,28,ASK
2020-10-30 10:39:46,INTC,44.3,47,BID
2020-10-30 10:39:47,INTC,44.31,24,ASK
2020-10-30 10:39:46,INTC,44.3,47,BID
2020-10-30 10:39:47,INTC,44.31,22,ASK
2020-10-30 10:39:46,INTC,44.3,49,BID
2020-10-30 10:39:47,INTC,44.31,16,ASK
2020-10-30 10:39:49,INTC,44.3,42,BID
2020-10-30 10:39:47,INTC,44.31,26,ASK
2020-10-30 10:39:49,INTC,44.3,55,BID
2020-10-30 10:39:51,INTC,44.31,15,ASK
2020-10-30 10:39:53,INTC,44.31,8,BID
2020-10-30 10:39:53,INTC,44.32,41,ASK
2020-10-30 10:39:56,INTC,44.31,29,BID
2020-10-30 10:39:56,INTC,44.32,37,ASK
2020-10-30 10:39:56,INTC,44.31,24,BID
2020-10-30 10:39:56,INTC,44.32,25,ASK
2020-10-30 10:39:58,INTC,44.31,23,BID
2020-10-30 10:39:58,INTC,44.31,25,ASK
2020-10-30 10:39:59,INTC,44.31,15,BID
2020-10-30 10:39:58,INTC,44.32,46,ASK
2020-10-30 10:39:49,INTC,44.3,46,BID
2020-10-30 10:40:00,INTC,44.31,16,ASK
2020-10-30 10:39:49,INTC,44.3,46,BID
2020-10-30 10:40:00,INTC,44.31,16,ASK
2020-10-30 10:39:49,INTC,44.3,46,BID
2020-10-30 10:40:00,INTC,44.31,16,ASK
2020-10-30 10:39:49,INTC,44.3,46,BID
2020-10-30 10:40:00,INTC,44.31,16,ASK
2020-10-30 10:39:49,INTC,44.3,46,BID
2020-10-30 10:40:00,INTC,44.31,16,ASK
2020-10-30 10:39:49,INTC,44.3,46,BID
2020-10-30 10:40:00,INTC,44.31,16,ASK
2020-10-30 10:39:49,INTC,44.3,45,BID
2020-10-30 10:40:00,INTC,44.31,15,ASK
2020-10-30 10:39:49,INTC,44.3,45,BID
2020-10-30 10:40:00,INTC,44.31,15,ASK
2020-10-30 10:39:39,INTC,44.29,30,BID
2020-10-30 10:40:01,INTC,44.3,14,ASK
2020-10-30 10:39:39,INTC,44.29,26,BID
2020-10-30 10:40:01,INTC,44.3,27,ASK
2020-10-30 10:40:01,INTC,44.29,37,BID
2020-10-30 10:40:02,INTC,44.3,36,ASK
2020-10-30 10:39:36,INTC,44.28,34,BID
2020-10-30 10:40:03,INTC,44.29,19,ASK
2020-10-30 10:38:36,INTC,44.26,28,BID
2020-10-30 10:40:03,INTC,44.27,52,ASK
2020-10-30 10:40:05,INTC,44.26,10,BID
2020-10-30 10:40:03,INTC,44.27,37,ASK
2020-10-30 10:40:07,INTC,44.25,20,BID
2020-10-30 10:40:05,INTC,44.26,51,ASK
2020-10-30 10:40:08,INTC,44.25,22,BID
2020-10-30 10:40:05,INTC,44.26,46,ASK
2020-10-30 10:40:09,INTC,44.25,23,BID
2020-10-30 10:40:05,INTC,44.26,37,ASK
2020-10-30 10:40:10,INTC,44.26,15,BID
2020-10-30 10:40:05,INTC,44.27,30,ASK
2020-10-30 10:40:10,INTC,44.27,13,BID
2020-10-30 10:40:03,INTC,44.28,37,ASK
2020-10-30 10:40:11,INTC,44.26,14,BID
2020-10-30 10:40:11,INTC,44.27,16,ASK
2020-10-30 10:40:11,INTC,44.26,22,BID
2020-10-30 10:40:12,INTC,44.27,24,ASK
2020-10-30 10:40:09,INTC,44.25,33,BID
2020-10-30 10:40:13,INTC,44.26,5,ASK
2020-10-30 10:40:13,INTC,44.25,29,BID
2020-10-30 10:40:13,INTC,44.26,34,ASK
2020-10-30 10:40:04,INTC,44.24,32,BID
2020-10-30 10:40:14,INTC,44.25,55,ASK
2020-10-30 10:40:14,INTC,44.24,43,BID
2020-10-30 10:40:14,INTC,44.25,33,ASK
2020-10-30 10:40:17,INTC,44.25,10,BID
2020-10-30 10:40:17,INTC,44.26,50,ASK
2020-10-30 10:40:17,INTC,44.25,26,BID
2020-10-30 10:40:17,INTC,44.26,41,ASK
2020-10-30 10:40:17,INTC,44.25,23,BID
2020-10-30 10:40:17,INTC,44.26,42,ASK
2020-10-30 10:40:17,INTC,44.25,24,BID
2020-10-30 10:40:18,INTC,44.26,47,ASK
2020-10-30 10:40:17,INTC,44.25,22,BID
2020-10-30 10:40:18,INTC,44.26,47,ASK
2020-10-30 10:40:17,INTC,44.25,22,BID
2020-10-30 10:40:18,INTC,44.26,44,ASK
2020-10-30 10:40:17,INTC,44.25,22,BID
2020-10-30 10:40:18,INTC,44.26,41,ASK
2020-10-30 10:40:17,INTC,44.25,22,BID
2020-10-30 10:40:18,INTC,44.26,44,ASK
2020-10-30 10:40:17,INTC,44.25,22,BID
2020-10-30 10:40:18,INTC,44.26,45,ASK
2020-10-30 10:40:18,INTC,44.25,22,BID
2020-10-30 10:40:19,INTC,44.26,45,ASK
2020-10-30 10:40:22,INTC,44.25,39,BID
2020-10-30 10:40:28,INTC,44.26,19,ASK
2020-10-30 10:40:22,INTC,44.25,37,BID
2020-10-30 10:40:30,INTC,44.26,18,ASK
2020-10-30 10:40:31,INTC,44.25,40,BID
2020-10-30 10:40:30,INTC,44.26,39,ASK
2020-10-30 10:40:14,INTC,44.24,36,BID
2020-10-30 10:40:32,INTC,44.25,39,ASK
2020-10-30 10:40:32,INTC,44.23,40,BID
2020-10-30 10:40:32,INTC,44.24,19,ASK
2020-10-30 10:40:32,INTC,44.23,49,BID
2020-10-30 10:40:33,INTC,44.24,26,ASK
2020-10-30 10:40:32,INTC,44.23,43,BID
2020-10-30 10:40:33,INTC,44.24,25,ASK
2020-10-30 10:40:32,INTC,44.23,45,BID
2020-10-30 10:40:33,INTC,44.24,26,ASK
2020-10-30 10:40:32,INTC,44.23,48,BID
2020-10-30 10:40:36,INTC,44.24,24,ASK
2020-10-30 10:40:37,INTC,44.24,16,BID
2020-10-30 10:40:37,INTC,44.25,29,ASK
2020-10-30 10:40:32,INTC,44.23,55,BID
2020-10-30 10:40:38,INTC,44.24,22,ASK
2020-10-30 10:40:40,INTC,44.24,26,BID
2020-10-30 10:40:38,INTC,44.25,41,ASK
2020-10-30 10:40:41,INTC,44.24,25,BID
2020-10-30 10:40:38,INTC,44.25,33,ASK
2020-10-30 10:40:42,INTC,44.24,24,BID
2020-10-30 10:40:38,INTC,44.25,40,ASK
2020-10-30 10:40:43,INTC,44.24,24,BID
2020-10-30 10:40:38,INTC,44.25,45,ASK
2020-10-30 10:40:45,INTC,44.25,8,BID
2020-10-30 10:40:45,INTC,44.25,14,ASK
2020-10-30 10:40:46,INTC,44.25,50,BID
2020-10-30 10:40:30,INTC,44.26,64,ASK
2020-10-30 10:40:47,INTC,44.25,49,BID
2020-10-30 10:40:30,INTC,44.26,71,ASK
2020-10-30 10:40:47,INTC,44.25,48,BID
2020-10-30 10:40:30,INTC,44.26,70,ASK
2020-10-30 10:40:50,INTC,44.25,48,BID
2020-10-30 10:40:30,INTC,44.26,67,ASK
2020-10-30 10:40:50,INTC,44.24,39,BID
2020-10-30 10:40:51,INTC,44.25,62,ASK
2020-10-30 10:40:50,INTC,44.24,39,BID
2020-10-30 10:40:51,INTC,44.25,57,ASK
2020-10-30 10:40:50,INTC,44.24,55,BID
2020-10-30 10:40:53,INTC,44.25,32,ASK
2020-10-30 10:40:50,INTC,44.24,43,BID
2020-10-30 10:40:54,INTC,44.25,17,ASK
2020-10-30 10:40:54,INTC,44.25,32,BID
2020-10-30 10:40:30,INTC,44.26,68,ASK
2020-10-30 10:40:55,INTC,44.26,34,BID
2020-10-30 10:40:23,INTC,44.27,37,ASK
2020-10-30 10:40:56,INTC,44.26,57,BID
2020-10-30 10:40:55,INTC,44.27,43,ASK
2020-10-30 10:40:57,INTC,44.26,59,BID
2020-10-30 10:40:57,INTC,44.27,27,ASK
2020-10-30 10:40:55,INTC,44.25,33,BID
2020-10-30 10:40:58,INTC,44.26,39,ASK
2020-10-30 10:40:59,INTC,44.25,38,BID
2020-10-30 10:40:59,INTC,44.26,20,ASK
2020-10-30 10:41:00,INTC,44.24,58,BID
2020-10-30 10:41:00,INTC,44.25,36,ASK
2020-10-30 10:41:01,INTC,44.24,63,BID
2020-10-30 10:41:02,INTC,44.25,25,ASK
2020-10-30 10:41:02,INTC,44.24,56,BID
2020-10-30 10:41:02,INTC,44.25,65,ASK
2020-10-30 10:41:04,INTC,44.24,25,BID
2020-10-30 10:41:02,INTC,44.25,66,ASK
2020-10-30 10:41:04,INTC,44.24,24,BID
2020-10-30 10:41:04,INTC,44.25,47,ASK
2020-10-30 10:41:05,INTC,44.25,12,BID
2020-10-30 10:41:05,INTC,44.26,53,ASK
2020-10-30 10:41:06,INTC,44.25,12,BID
2020-10-30 10:41:05,INTC,44.26,53,ASK
2020-10-30 10:41:07,INTC,44.25,9,BID
2020-10-30 10:41:07,INTC,44.26,48,ASK
2020-10-30 10:41:08,INTC,44.26,5,BID
2020-10-30 10:40:57,INTC,44.27,45,ASK
2020-10-30 10:41:09,INTC,44.26,23,BID
2020-10-30 10:40:57,INTC,44.27,44,ASK
2020-10-30 10:41:11,INTC,44.25,17,BID
2020-10-30 10:41:11,INTC,44.26,23,ASK
2020-10-30 10:41:12,INTC,44.26,8,BID
2020-10-30 10:40:57,INTC,44.27,45,ASK
2020-10-30 10:41:13,INTC,44.26,11,BID
2020-10-30 10:40:57,INTC,44.27,56,ASK
2020-10-30 10:41:14,INTC,44.26,11,BID
2020-10-30 10:40:57,INTC,44.27,58,ASK
2020-10-30 10:41:15,INTC,44.24,17,BID
2020-10-30 10:41:15,INTC,44.25,27,ASK
2020-10-30 10:41:15,INTC,44.24,17,BID
2020-10-30 10:41:16,INTC,44.25,25,ASK
2020-10-30 10:41:17,INTC,44.24,27,BID
2020-10-30 10:41:17,INTC,44.25,21,ASK
2020-10-30 10:41:17,INTC,44.24,29,BID
2020-10-30 10:41:18,INTC,44.25,24,ASK
2020-10-30 10:41:17,INTC,44.24,25,BID
2020-10-30 10:41:18,INTC,44.25,31,ASK
2020-10-30 10:41:17,INTC,44.24,24,BID
2020-10-30 10:41:18,INTC,44.25,32,ASK
2020-10-30 10:41:17,INTC,44.24,24,BID
2020-10-30 10:41:18,INTC,44.25,31,ASK
2020-10-30 10:40:32,INTC,44.23,47,BID
2020-10-30 10:41:22,INTC,44.24,29,ASK
2020-10-30 10:40:32,INTC,44.23,44,BID
2020-10-30 10:41:22,INTC,44.23,32,ASK
2020-10-30 10:36:35,INTC,44.22,39,BID
2020-10-30 10:41:22,INTC,44.23,25,ASK
2020-10-30 10:36:35,INTC,44.22,41,BID
2020-10-30 10:41:23,INTC,44.23,19,ASK
2020-10-30 10:41:23,INTC,44.23,21,BID
2020-10-30 10:41:23,INTC,44.24,31,ASK
2020-10-30 10:41:24,INTC,44.23,25,BID
2020-10-30 10:41:24,INTC,44.24,26,ASK
2020-10-30 10:36:35,INTC,44.22,38,BID
2020-10-30 10:41:25,INTC,44.23,36,ASK
2020-10-30 10:36:35,INTC,44.22,42,BID
2020-10-30 10:41:26,INTC,44.23,30,ASK
2020-10-30 10:41:26,INTC,44.23,35,BID
2020-10-30 10:41:26,INTC,44.24,40,ASK
2020-10-30 10:41:27,INTC,44.23,16,BID
2020-10-30 10:41:27,INTC,44.24,33,ASK
2020-10-30 10:36:35,INTC,44.22,44,BID
2020-10-30 10:41:28,INTC,44.23,25,ASK
2020-10-30 10:36:35,INTC,44.22,45,BID
2020-10-30 10:41:28,INTC,44.23,19,ASK
2020-10-30 10:36:35,INTC,44.22,43,BID
2020-10-30 10:41:29,INTC,44.23,9,ASK
2020-10-30 10:36:35,INTC,44.22,46,BID
2020-10-30 10:41:31,INTC,44.23,16,ASK
2020-10-30 10:36:35,INTC,44.22,44,BID
2020-10-30 10:41:32,INTC,44.23,11,ASK
2020-10-30 10:41:34,INTC,44.22,39,BID
2020-10-30 10:41:33,INTC,44.23,35,ASK
2020-10-30 10:41:34,INTC,44.22,21,BID
2020-10-30 10:41:33,INTC,44.23,46,ASK
2020-10-30 10:35:36,INTC,44.21,81,BID
2020-10-30 10:41:36,INTC,44.22,17,ASK
2020-10-30 10:35:36,INTC,44.21,69,BID
2020-10-30 10:41:37,INTC,44.22,23,ASK
2020-10-30 10:41:38,INTC,44.22,5,BID
2020-10-30 10:41:33,INTC,44.23,48,ASK
2020-10-30 10:41:40,INTC,44.22,18,BID
2020-10-30 10:41:33,INTC,44.23,48,ASK
2020-10-30 10:41:40,INTC,44.22,18,BID
2020-10-30 10:41:40,INTC,44.23,43,ASK
2020-10-30 10:35:36,INTC,44.21,69,BID
2020-10-30 10:41:41,INTC,44.22,28,ASK
2020-10-30 10:35:36,INTC,44.21,72,BID
2020-10-30 10:41:42,INTC,44.22,17,ASK
2020-10-30 10:41:43,INTC,44.22,22,BID
2020-10-30 10:41:40,INTC,44.23,38,ASK
2020-10-30 10:41:43,INTC,44.23,41,BID
2020-10-30 10:41:43,INTC,44.24,27,ASK
2020-10-30 10:41:45,INTC,44.24,25,BID
2020-10-30 10:41:45,INTC,44.25,30,ASK
2020-10-30 10:41:45,INTC,44.24,28,BID
2020-10-30 10:41:45,INTC,44.25,31,ASK
2020-10-30 10:41:45,INTC,44.25,15,BID
2020-10-30 10:41:45,INTC,44.26,36,ASK
2020-10-30 10:41:45,INTC,44.24,42,BID
2020-10-30 10:41:46,INTC,44.26,30,ASK
2020-10-30 10:41:45,INTC,44.24,40,BID
2020-10-30 10:41:48,INTC,44.25,10,ASK
2020-10-30 10:41:48,INTC,44.24,30,BID
2020-10-30 10:41:48,INTC,44.25,16,ASK
2020-10-30 10:41:50,INTC,44.25,22,BID
2020-10-30 10:41:46,INTC,44.26,31,ASK
2020-10-30 10:41:50,INTC,44.25,26,BID
2020-10-30 10:41:50,INTC,44.26,24,ASK
2020-10-30 10:41:50,INTC,44.24,31,BID
2020-10-30 10:41:50,INTC,44.25,37,ASK
2020-10-30 10:41:50,INTC,44.24,30,BID
2020-10-30 10:41:50,INTC,44.25,38,ASK
2020-10-30 10:41:50,INTC,44.24,27,BID
2020-10-30 10:41:51,INTC,44.25,51,ASK
2020-10-30 10:41:52,INTC,44.25,22,BID
2020-10-30 10:41:50,INTC,44.26,49,ASK
2020-10-30 10:41:54,INTC,44.25,51,BID
2020-10-30 10:41:50,INTC,44.26,40,ASK
2020-10-30 10:41:54,INTC,44.26,39,BID
2020-10-30 10:41:54,INTC,44.27,32,ASK
2020-10-30 10:41:55,INTC,44.26,29,BID
2020-10-30 10:41:55,INTC,44.27,32,ASK
2020-10-30 10:41:57,INTC,44.26,30,BID
2020-10-30 10:41:57,INTC,44.27,32,ASK
2020-10-30 10:41:57,INTC,44.26,35,BID
2020-10-30 10:41:57,INTC,44.27,31,ASK
2020-10-30 10:41:58,INTC,44.27,27,BID
2020-10-30 10:40:10,INTC,44.28,36,ASK
2020-10-30 10:41:57,INTC,44.26,36,BID
2020-10-30 10:41:59,INTC,44.27,19,ASK
2020-10-30 10:41:54,INTC,44.25,78,BID
2020-10-30 10:42:00,INTC,44.27,42,ASK
2020-10-30 10:41:54,INTC,44.25,63,BID
2020-10-30 10:42:00,INTC,44.26,61,ASK
2020-10-30 10:41:54,INTC,44.25,63,BID
2020-10-30 10:42:01,INTC,44.26,51,ASK
2020-10-30 10:41:50,INTC,44.24,39,BID
2020-10-30 10:42:02,INTC,44.25,7,ASK
2020-10-30 10:42:03,INTC,44.24,43,BID
2020-10-30 10:42:02,INTC,44.25,52,ASK
2020-10-30 10:41:43,INTC,44.23,41,BID
2020-10-30 10:42:03,INTC,44.24,14,ASK
2020-10-30 10:42:04,INTC,44.22,25,BID
2020-10-30 10:42:04,INTC,44.23,44,ASK
2020-10-30 10:42:04,INTC,44.22,25,BID
2020-10-30 10:42:04,INTC,44.23,37,ASK
2020-10-30 10:42:04,INTC,44.22,29,BID
2020-10-30 10:42:04,INTC,44.23,34,ASK
2020-10-30 10:42:05,INTC,44.22,33,BID
2020-10-30 10:42:05,INTC,44.23,33,ASK
2020-10-30 10:35:36,INTC,44.21,89,BID
2020-10-30 10:42:06,INTC,44.22,25,ASK
2020-10-30 10:35:36,INTC,44.21,88,BID
2020-10-30 10:42:06,INTC,44.22,30,ASK
2020-10-30 10:35:36,INTC,44.21,88,BID
2020-10-30 10:42:08,INTC,44.22,25,ASK
2020-10-30 10:35:36,INTC,44.21,90,BID
2020-10-30 10:42:08,INTC,44.22,24,ASK
2020-10-30 10:42:10,INTC,44.22,37,BID
2020-10-30 10:42:05,INTC,44.23,43,ASK
2020-10-30 10:42:10,INTC,44.22,34,BID
2020-10-30 10:42:05,INTC,44.23,42,ASK
2020-10-30 10:42:12,INTC,44.22,50,BID
2020-10-30 10:42:05,INTC,44.23,33,ASK
2020-10-30 10:42:13,INTC,44.23,33,BID
2020-10-30 10:42:03,INTC,44.24,37,ASK
2020-10-30 10:42:12,INTC,44.23,32,BID
2020-10-30 10:42:14,INTC,44.24,26,ASK
2020-10-30 10:42:12,INTC,44.23,32,BID
2020-10-30 10:42:14,INTC,44.24,32,ASK
2020-10-30 10:42:16,INTC,44.24,28,BID
2020-10-30 10:42:16,INTC,44.25,58,ASK
2020-10-30 10:42:17,INTC,44.24,19,BID
2020-10-30 10:42:16,INTC,44.25,46,ASK
2020-10-30 10:42:12,INTC,44.23,45,BID
2020-10-30 10:42:18,INTC,44.24,53,ASK
2020-10-30 10:42:12,INTC,44.22,35,BID
2020-10-30 10:42:18,INTC,44.23,55,ASK
2020-10-30 10:42:20,INTC,44.22,40,BID
2020-10-30 10:42:19,INTC,44.23,44,ASK
2020-10-30 10:42:21,INTC,44.22,37,BID
2020-10-30 10:42:20,INTC,44.23,43,ASK
2020-10-30 10:42:22,INTC,44.22,42,BID
2020-10-30 10:42:21,INTC,44.23,42,ASK
2020-10-30 10:42:22,INTC,44.22,42,BID
2020-10-30 10:42:21,INTC,44.23,42,ASK
2020-10-30 10:42:25,INTC,44.22,42,BID
2020-10-30 10:42:25,INTC,44.23,26,ASK
2020-10-30 10:42:26,INTC,44.23,22,BID
2020-10-30 10:42:18,INTC,44.24,69,ASK
2020-10-30 10:42:27,INTC,44.23,24,BID
2020-10-30 10:42:26,INTC,44.24,51,ASK
2020-10-30 10:42:27,INTC,44.23,42,BID
2020-10-30 10:42:26,INTC,44.24,47,ASK
2020-10-30 10:42:27,INTC,44.23,42,BID
2020-10-30 10:42:29,INTC,44.24,19,ASK
2020-10-30 10:42:27,INTC,44.23,40,BID
2020-10-30 10:42:29,INTC,44.24,27,ASK
2020-10-30 10:42:27,INTC,44.23,40,BID
2020-10-30 10:42:29,INTC,44.24,53,ASK
2020-10-30 10:42:27,INTC,44.23,40,BID
2020-10-30 10:42:29,INTC,44.24,58,ASK
2020-10-30 10:42:27,INTC,44.23,40,BID
2020-10-30 10:42:29,INTC,44.24,62,ASK
2020-10-30 10:42:27,INTC,44.23,40,BID
2020-10-30 10:42:29,INTC,44.24,60,ASK
2020-10-30 10:42:27,INTC,44.23,40,BID
2020-10-30 10:42:29,INTC,44.24,60,ASK
2020-10-30 10:42:38,INTC,44.23,32,BID
2020-10-30 10:42:29,INTC,44.24,79,ASK
2020-10-30 10:42:38,INTC,44.22,35,BID
2020-10-30 10:42:38,INTC,44.23,70,ASK
2020-10-30 10:42:38,INTC,44.22,37,BID
2020-10-30 10:42:38,INTC,44.23,62,ASK
2020-10-30 10:35:36,INTC,44.21,89,BID
2020-10-30 10:42:40,INTC,44.22,29,ASK
2020-10-30 10:42:43,INTC,44.22,16,BID
2020-10-30 10:42:40,INTC,44.23,66,ASK
2020-10-30 10:35:36,INTC,44.21,89,BID
2020-10-30 10:42:43,INTC,44.22,22,ASK
2020-10-30 10:35:36,INTC,44.21,89,BID
2020-10-30 10:42:44,INTC,44.22,15,ASK
2020-10-30 10:42:45,INTC,44.22,49,BID
2020-10-30 10:42:45,INTC,44.23,38,ASK
2020-10-30 10:42:46,INTC,44.23,24,BID
2020-10-30 10:42:29,INTC,44.24,70,ASK
2020-10-30 10:42:47,INTC,44.22,39,BID
2020-10-30 10:42:47,INTC,44.23,40,ASK
2020-10-30 10:42:49,INTC,44.22,16,BID
2020-10-30 10:42:48,INTC,44.23,25,ASK
2020-10-30 10:42:49,INTC,44.22,16,BID
2020-10-30 10:42:48,INTC,44.23,26,ASK
2020-10-30 10:42:49,INTC,44.22,16,BID
2020-10-30 10:42:48,INTC,44.23,28,ASK
2020-10-30 10:42:49,INTC,44.22,21,BID
2020-10-30 10:42:52,INTC,44.23,26,ASK
2020-10-30 10:42:49,INTC,44.22,18,BID
2020-10-30 10:42:53,INTC,44.23,23,ASK
2020-10-30 10:42:54,INTC,44.23,31,BID
2020-10-30 10:42:16,INTC,44.25,61,ASK
2020-10-30 10:42:54,INTC,44.23,30,BID
2020-10-30 10:42:55,INTC,44.24,26,ASK
2020-10-30 10:42:55,INTC,44.23,33,BID
2020-10-30 10:42:55,INTC,44.24,23,ASK
2020-10-30 10:42:56,INTC,44.25,22,BID
2020-10-30 10:42:56,INTC,44.26,48,ASK
2020-10-30 10:42:57,INTC,44.24,34,BID
2020-10-30 10:42:57,INTC,44.25,9,ASK
2020-10-30 10:42:58,INTC,44.24,34,BID
2020-10-30 10:42:58,INTC,44.25,13,ASK
2020-10-30 10:42:59,INTC,44.24,34,BID
2020-10-30 10:42:59,INTC,44.25,29,ASK
2020-10-30 10:43:00,INTC,44.24,34,BID
2020-10-30 10:43:00,INTC,44.25,32,ASK
2020-10-30 10:43:00,INTC,44.26,45,BID
2020-10-30 10:43:00,INTC,44.27,39,ASK
2020-10-30 10:43:00,INTC,44.27,58,BID
2020-10-30 10:43:00,INTC,44.28,25,ASK
2020-10-30 10:43:01,INTC,44.28,19,BID
2020-10-30 10:40:03,INTC,44.29,49,ASK
2020-10-30 10:43:01,INTC,44.28,21,BID
2020-10-30 10:40:03,INTC,44.29,43,ASK
2020-10-30 10:43:01,INTC,44.28,35,BID
2020-10-30 10:43:01,INTC,44.29,13,ASK
2020-10-30 10:43:01,INTC,44.28,50,BID
2020-10-30 10:43:02,INTC,44.29,31,ASK
2020-10-30 10:43:01,INTC,44.28,51,BID
2020-10-30 10:43:02,INTC,44.29,15,ASK
2020-10-30 10:43:03,INTC,44.29,51,BID
2020-10-30 10:40:03,INTC,44.3,46,ASK
2020-10-30 10:43:03,INTC,44.3,20,BID
2020-10-30 10:43:03,INTC,44.31,18,ASK
2020-10-30 10:43:03,INTC,44.31,44,BID
2020-10-30 10:43:03,INTC,44.31,11,ASK
2020-10-30 10:43:04,INTC,44.3,46,BID
2020-10-30 10:43:04,INTC,44.31,27,ASK
2020-10-30 10:43:03,INTC,44.29,57,BID
2020-10-30 10:43:04,INTC,44.3,18,ASK
2020-10-30 10:43:05,INTC,44.29,80,BID
2020-10-30 10:43:04,INTC,44.3,36,ASK
2020-10-30 10:43:01,INTC,44.28,37,BID
2020-10-30 10:43:05,INTC,44.29,25,ASK
2020-10-30 10:43:06,INTC,44.29,28,BID
2020-10-30 10:43:05,INTC,44.3,33,ASK
2020-10-30 10:43:01,INTC,44.28,34,BID
2020-10-30 10:43:06,INTC,44.29,32,ASK
2020-10-30 10:43:07,INTC,44.28,29,BID
2020-10-30 10:43:07,INTC,44.29,38,ASK
2020-10-30 10:43:07,INTC,44.27,52,BID
2020-10-30 10:43:07,INTC,44.28,25,ASK
2020-10-30 10:43:00,INTC,44.26,44,BID
2020-10-30 10:43:08,INTC,44.27,11,ASK
2020-10-30 10:43:09,INTC,44.26,33,BID
2020-10-30 10:43:09,INTC,44.27,30,ASK
2020-10-30 10:43:09,INTC,44.26,39,BID
2020-10-30 10:43:09,INTC,44.27,22,ASK
2020-10-30 10:43:10,INTC,44.26,41,BID
2020-10-30 10:43:10,INTC,44.27,30,ASK
2020-10-30 10:43:10,INTC,44.26,40,BID
2020-10-30 10:43:11,INTC,44.27,31,ASK
2020-10-30 10:43:12,INTC,44.25,33,BID
2020-10-30 10:43:12,INTC,44.26,25,ASK
2020-10-30 10:43:13,INTC,44.25,30,BID
2020-10-30 10:43:13,INTC,44.26,29,ASK
2020-10-30 10:43:14,INTC,44.26,41,BID
2020-10-30 10:43:12,INTC,44.27,39,ASK
2020-10-30 10:43:15,INTC,44.26,47,BID
2020-10-30 10:43:12,INTC,44.27,29,ASK
2020-10-30 10:43:15,INTC,44.27,15,BID
2020-10-30 10:43:07,INTC,44.28,34,ASK
2020-10-30 10:43:16,INTC,44.26,44,BID
2020-10-30 10:43:16,INTC,44.27,21,ASK
2020-10-30 10:43:17,INTC,44.26,35,BID
2020-10-30 10:43:17,INTC,44.27,23,ASK
2020-10-30 10:43:17,INTC,44.26,33,BID
2020-10-30 10:43:17,INTC,44.27,28,ASK
2020-10-30 10:43:19,INTC,44.25,33,BID
2020-10-30 10:43:18,INTC,44.26,47,ASK
2020-10-30 10:43:19,INTC,44.25,32,BID
2020-10-30 10:43:18,INTC,44.26,50,ASK
2020-10-30 10:43:20,INTC,44.25,32,BID
2020-10-30 10:43:18,INTC,44.26,51,ASK
2020-10-30 10:43:21,INTC,44.25,31,BID
2020-10-30 10:43:18,INTC,44.26,63,ASK
2020-10-30 10:43:21,INTC,44.24,43,BID
2020-10-30 10:43:21,INTC,44.25,41,ASK
2020-10-30 10:43:21,INTC,44.24,25,BID
2020-10-30 10:43:21,INTC,44.25,45,ASK
2020-10-30 10:43:22,INTC,44.23,35,BID
2020-10-30 10:43:22,INTC,44.24,40,ASK
2020-10-30 10:43:22,INTC,44.22,25,BID
2020-10-30 10:43:22,INTC,44.23,8,ASK
2020-10-30 10:43:23,INTC,44.22,28,BID
2020-10-30 10:43:23,INTC,44.22,21,ASK
2020-10-30 10:35:36,INTC,44.21,80,BID
2020-10-30 10:43:23,INTC,44.22,42,ASK
2020-10-30 10:35:36,INTC,44.21,80,BID
2020-10-30 10:43:23,INTC,44.22,41,ASK
2020-10-30 10:35:36,INTC,44.21,79,BID
2020-10-30 10:43:23,INTC,44.22,43,ASK
2020-10-30 10:35:36,INTC,44.21,79,BID
2020-10-30 10:43:23,INTC,44.22,43,ASK
2020-10-30 10:35:36,INTC,44.21,79,BID
2020-10-30 10:43:23,INTC,44.22,43,ASK
2020-10-30 10:35:36,INTC,44.21,81,BID
2020-10-30 10:43:23,INTC,44.22,34,ASK
2020-10-30 10:43:27,INTC,44.22,22,BID
2020-10-30 10:43:27,INTC,44.23,21,ASK
2020-10-30 10:43:28,INTC,44.22,23,BID
2020-10-30 10:43:27,INTC,44.23,28,ASK
2020-10-30 10:43:28,INTC,44.22,26,BID
2020-10-30 10:43:30,INTC,44.23,29,ASK
2020-10-30 10:43:28,INTC,44.22,35,BID
2020-10-30 10:43:31,INTC,44.23,26,ASK
2020-10-30 10:43:31,INTC,44.23,56,BID
2020-10-30 10:43:31,INTC,44.24,37,ASK
2020-10-30 10:43:32,INTC,44.24,35,BID
2020-10-30 10:43:21,INTC,44.25,44,ASK
2020-10-30 10:43:31,INTC,44.23,70,BID
2020-10-30 10:43:33,INTC,44.24,19,ASK
2020-10-30 10:43:31,INTC,44.23,68,BID
2020-10-30 10:43:33,INTC,44.24,26,ASK
2020-10-30 10:43:31,INTC,44.23,68,BID
2020-10-30 10:43:35,INTC,44.24,37,ASK
2020-10-30 10:43:31,INTC,44.23,59,BID
2020-10-30 10:43:37,INTC,44.24,16,ASK
2020-10-30 10:43:31,INTC,44.23,71,BID
2020-10-30 10:43:38,INTC,44.24,5,ASK
2020-10-30 10:43:39,INTC,44.24,16,BID
2020-10-30 10:43:21,INTC,44.25,36,ASK
2020-10-30 10:43:39,INTC,44.24,13,BID
2020-10-30 10:43:21,INTC,44.25,48,ASK
2020-10-30 10:43:40,INTC,44.24,22,BID
2020-10-30 10:43:21,INTC,44.25,41,ASK
2020-10-30 10:43:41,INTC,44.24,23,BID
2020-10-30 10:43:41,INTC,44.25,52,ASK
2020-10-30 10:43:41,INTC,44.24,39,BID
2020-10-30 10:43:42,INTC,44.25,40,ASK
2020-10-30 10:43:41,INTC,44.24,41,BID
2020-10-30 10:43:45,INTC,44.25,17,ASK
2020-10-30 10:43:41,INTC,44.24,34,BID
2020-10-30 10:43:45,INTC,44.24,32,ASK
2020-10-30 10:43:46,INTC,44.23,35,BID
2020-10-30 10:43:46,INTC,44.24,53,ASK
2020-10-30 10:43:46,INTC,44.23,35,BID
2020-10-30 10:43:46,INTC,44.24,41,ASK
2020-10-30 10:43:46,INTC,44.23,35,BID
2020-10-30 10:43:46,INTC,44.24,41,ASK
2020-10-30 10:43:47,INTC,44.22,40,BID
2020-10-30 10:43:47,INTC,44.23,56,ASK
2020-10-30 10:35:36,INTC,44.21,88,BID
2020-10-30 10:43:47,INTC,44.22,27,ASK
2020-10-30 10:35:36,INTC,44.21,85,BID
2020-10-30 10:43:47,INTC,44.22,27,ASK
2020-10-30 10:35:36,INTC,44.21,87,BID
2020-10-30 10:43:47,INTC,44.22,20,ASK
2020-10-30 10:35:36,INTC,44.21,87,BID
2020-10-30 10:43:47,INTC,44.22,25,ASK
2020-10-30 10:35:36,INTC,44.21,73,BID
2020-10-30 10:43:47,INTC,44.22,29,ASK
2020-10-30 10:43:49,INTC,44.21,18,BID
2020-10-30 10:43:47,INTC,44.22,37,ASK
2020-10-30 09:31:21,INTC,44.2,24,BID
2020-10-30 10:43:50,INTC,44.21,40,ASK
2020-10-30 09:31:21,INTC,44.2,23,BID
2020-10-30 10:43:50,INTC,44.21,31,ASK
2020-10-30 09:31:21,INTC,44.2,22,BID
2020-10-30 10:43:50,INTC,44.21,63,ASK
2020-10-30 10:43:50,INTC,44.2,11,BID
2020-10-30 10:43:50,INTC,44.2,46,ASK
2020-10-30 10:43:51,INTC,44.19,14,BID
2020-10-30 10:43:51,INTC,44.2,58,ASK
2020-10-30 10:43:51,INTC,44.18,16,BID
2020-10-30 10:43:51,INTC,44.19,4,ASK
2020-10-30 09:31:19,INTC,44.16,64,BID
2020-10-30 10:43:51,INTC,44.17,3,ASK
2020-10-30 09:31:19,INTC,44.16,63,BID
2020-10-30 10:43:52,INTC,44.17,28,ASK
2020-10-30 09:31:19,INTC,44.16,62,BID
2020-10-30 10:43:52,INTC,44.17,37,ASK
2020-10-30 10:43:52,INTC,44.17,17,BID
2020-10-30 10:43:52,INTC,44.18,42,ASK
2020-10-30 10:43:53,INTC,44.18,23,BID
2020-10-30 10:43:53,INTC,44.19,12,ASK
2020-10-30 10:43:53,INTC,44.19,26,BID
2020-10-30 10:43:53,INTC,44.2,49,ASK
2020-10-30 10:43:54,INTC,44.19,16,BID
2020-10-30 10:43:53,INTC,44.2,32,ASK
2020-10-30 10:43:54,INTC,44.19,14,BID
2020-10-30 10:43:54,INTC,44.2,45,ASK
2020-10-30 10:43:54,INTC,44.19,32,BID
2020-10-30 10:43:54,INTC,44.2,34,ASK
2020-10-30 10:43:54,INTC,44.19,24,BID
2020-10-30 10:43:54,INTC,44.2,41,ASK
2020-10-30 10:43:54,INTC,44.19,19,BID
2020-10-30 10:43:55,INTC,44.2,51,ASK
2020-10-30 10:43:55,INTC,44.19,16,BID
2020-10-30 10:43:55,INTC,44.2,54,ASK
2020-10-30 10:43:55,INTC,44.19,16,BID
2020-10-30 10:43:55,INTC,44.2,52,ASK
2020-10-30 10:43:56,INTC,44.18,10,BID
2020-10-30 10:43:56,INTC,44.19,17,ASK
2020-10-30 10:43:56,INTC,44.18,22,BID
2020-10-30 10:43:56,INTC,44.19,18,ASK
2020-10-30 10:43:56,INTC,44.18,19,BID
2020-10-30 10:43:56,INTC,44.19,21,ASK
2020-10-30 10:43:57,INTC,44.17,18,BID
2020-10-30 10:43:57,INTC,44.18,42,ASK
2020-10-30 09:31:19,INTC,44.16,65,BID
2020-10-30 10:43:57,INTC,44.17,11,ASK
2020-10-30 10:43:58,INTC,44.16,45,BID
2020-10-30 10:43:57,INTC,44.17,34,ASK
2020-10-30 10:43:59,INTC,44.17,17,BID
2020-10-30 10:43:57,INTC,44.18,28,ASK
2020-10-30 10:43:59,INTC,44.17,14,BID
2020-10-30 10:43:57,INTC,44.18,26,ASK
2020-10-30 10:44:00,INTC,44.18,8,BID
2020-10-30 10:44:00,INTC,44.19,53,ASK
2020-10-30 10:44:01,INTC,44.18,16,BID
2020-10-30 10:44:00,INTC,44.19,48,ASK
2020-10-30 10:44:01,INTC,44.19,20,BID
2020-10-30 10:43:55,INTC,44.2,68,ASK
2020-10-30 10:44:02,INTC,44.2,13,BID
2020-10-30 10:43:50,INTC,44.21,56,ASK
2020-10-30 10:44:02,INTC,44.19,49,BID
2020-10-30 10:44:02,INTC,44.2,7,ASK
2020-10-30 10:44:03,INTC,44.2,11,BID
2020-10-30 10:44:03,INTC,44.21,55,ASK
2020-10-30 10:44:04,INTC,44.21,3,BID
2020-10-30 10:44:03,INTC,44.21,20,ASK
2020-10-30 10:44:03,INTC,44.2,20,BID
2020-10-30 10:44:04,INTC,44.21,21,ASK
2020-10-30 10:44:02,INTC,44.19,44,BID
2020-10-30 10:44:04,INTC,44.2,25,ASK
2020-10-30 10:44:05,INTC,44.2,9,BID
2020-10-30 10:44:05,INTC,44.21,17,ASK
2020-10-30 10:44:05,INTC,44.2,9,BID
2020-10-30 10:44:05,INTC,44.21,36,ASK
2020-10-30 10:44:06,INTC,44.19,20,BID
2020-10-30 10:44:06,INTC,44.19,5,ASK
2020-10-30 10:44:06,INTC,44.2,8,BID
2020-10-30 10:44:05,INTC,44.21,39,ASK
2020-10-30 10:44:06,INTC,44.19,32,BID
2020-10-30 10:44:06,INTC,44.2,15,ASK
2020-10-30 10:44:08,INTC,44.19,31,BID
2020-10-30 10:44:07,INTC,44.2,23,ASK
2020-10-30 10:44:08,INTC,44.19,30,BID
2020-10-30 10:44:08,INTC,44.2,32,ASK
2020-10-30 10:44:08,INTC,44.19,30,BID
2020-10-30 10:44:08,INTC,44.2,29,ASK
2020-10-30 10:44:09,INTC,44.19,50,BID
2020-10-30 10:44:08,INTC,44.2,31,ASK
2020-10-30 10:44:10,INTC,44.19,51,BID
2020-10-30 10:44:08,INTC,44.2,36,ASK
2020-10-30 10:44:11,INTC,44.19,69,BID
2020-10-30 10:44:11,INTC,44.2,29,ASK
2020-10-30 10:44:12,INTC,44.2,13,BID
2020-10-30 10:44:06,INTC,44.21,36,ASK
2020-10-30 10:44:12,INTC,44.19,73,BID
2020-10-30 10:44:12,INTC,44.2,24,ASK
2020-10-30 10:44:12,INTC,44.2,17,BID
2020-10-30 10:44:13,INTC,44.21,33,ASK
2020-10-30 10:44:13,INTC,44.2,40,BID
2020-10-30 10:44:13,INTC,44.21,23,ASK
2020-10-30 10:44:15,INTC,44.2,39,BID
2020-10-30 10:44:15,INTC,44.21,25,ASK
2020-10-30 10:44:17,INTC,44.21,10,BID
2020-10-30 10:44:04,INTC,44.22,56,ASK
2020-10-30 10:44:19,INTC,44.21,8,BID
2020-10-30 10:44:19,INTC,44.22,37,ASK
2020-10-30 10:44:21,INTC,44.22,33,BID
2020-10-30 10:43:47,INTC,44.23,59,ASK
2020-10-30 10:44:22,INTC,44.21,26,BID
2020-10-30 10:44:22,INTC,44.22,6,ASK
2020-10-30 10:44:22,INTC,44.21,28,BID
2020-10-30 10:44:22,INTC,44.22,21,ASK
2020-10-30 10:44:24,INTC,44.22,2,BID
2020-10-30 10:43:47,INTC,44.23,89,ASK
2020-10-30 10:44:24,INTC,44.22,24,BID
2020-10-30 10:44:24,INTC,44.23,61,ASK
2020-10-30 10:44:25,INTC,44.22,29,BID
2020-10-30 10:44:24,INTC,44.23,60,ASK
2020-10-30 10:44:26,INTC,44.22,25,BID
2020-10-30 10:44:26,INTC,44.23,60,ASK
2020-10-30 10:44:26,INTC,44.22,37,BID
2020-10-30 10:44:27,INTC,44.23,56,ASK
2020-10-30 10:44:28,INTC,44.23,17,BID
2020-10-30 10:44:28,INTC,44.24,20,ASK
2020-10-30 10:44:30,INTC,44.24,29,BID
2020-10-30 10:43:45,INTC,44.25,56,ASK
2020-10-30 10:44:31,INTC,44.24,37,BID
2020-10-30 10:43:45,INTC,44.25,54,ASK
2020-10-30 10:44:33,INTC,44.24,39,BID
2020-10-30 10:43:45,INTC,44.25,49,ASK
2020-10-30 10:44:34,INTC,44.24,41,BID
2020-10-30 10:43:45,INTC,44.25,46,ASK
2020-10-30 10:44:35,INTC,44.24,37,BID
2020-10-30 10:44:35,INTC,44.25,35,ASK
2020-10-30 10:44:36,INTC,44.24,37,BID
2020-10-30 10:44:36,INTC,44.25,38,ASK
2020-10-30 10:44:38,INTC,44.24,41,BID
2020-10-30 10:44:36,INTC,44.25,40,ASK
2020-10-30 10:44:39,INTC,44.24,40,BID
2020-10-30 10:44:39,INTC,44.25,38,ASK
2020-10-30 10:44:28,INTC,44.23,25,BID
2020-10-30 10:44:40,INTC,44.24,65,ASK
2020-10-30 10:44:40,INTC,44.23,13,BID
2020-10-30 10:44:40,INTC,44.23,31,ASK
2020-10-30 10:44:41,INTC,44.21,27,BID
2020-10-30 10:44:40,INTC,44.22,16,ASK
2020-10-30 10:44:41,INTC,44.21,32,BID
2020-10-30 10:44:41,INTC,44.22,17,ASK
2020-10-30 10:44:41,INTC,44.2,43,BID
2020-10-30 10:44:41,INTC,44.21,28,ASK
2020-10-30 10:44:42,INTC,44.21,10,BID
2020-10-30 10:44:41,INTC,44.22,32,ASK
2020-10-30 10:44:42,INTC,44.2,45,BID
2020-10-30 10:44:43,INTC,44.21,24,ASK
2020-10-30 10:44:42,INTC,44.2,44,BID
2020-10-30 10:44:43,INTC,44.21,19,ASK
2020-10-30 10:44:45,INTC,44.21,8,BID
2020-10-30 10:44:41,INTC,44.22,39,ASK
2020-10-30 10:44:47,INTC,44.21,15,BID
2020-10-30 10:44:41,INTC,44.22,39,ASK
2020-10-30 10:44:47,INTC,44.21,14,BID
2020-10-30 10:44:41,INTC,44.22,39,ASK
2020-10-30 10:44:47,INTC,44.21,15,BID
2020-10-30 10:44:41,INTC,44.22,37,ASK
2020-10-30 10:44:47,INTC,44.21,38,BID
2020-10-30 10:44:49,INTC,44.22,13,ASK
2020-10-30 10:44:50,INTC,44.22,18,BID
2020-10-30 10:44:49,INTC,44.23,34,ASK
2020-10-30 10:44:50,INTC,44.22,15,BID
2020-10-30 10:44:49,INTC,44.23,38,ASK
2020-10-30 10:44:47,INTC,44.21,47,BID
2020-10-30 10:44:51,INTC,44.22,36,ASK
2020-10-30 10:44:47,INTC,44.21,47,BID
2020-10-30 10:44:52,INTC,44.22,22,ASK
2020-10-30 10:44:47,INTC,44.21,48,BID
2020-10-30 10:44:53,INTC,44.22,43,ASK
2020-10-30 10:44:47,INTC,44.21,46,BID
2020-10-30 10:44:53,INTC,44.22,46,ASK
2020-10-30 10:44:54,INTC,44.2,42,BID
2020-10-30 10:44:54,INTC,44.21,44,ASK
2020-10-30 10:44:54,INTC,44.2,30,BID
2020-10-30 10:44:54,INTC,44.21,37,ASK
2020-10-30 10:44:54,INTC,44.2,36,BID
2020-10-30 10:44:55,INTC,44.21,26,ASK
2020-10-30 10:44:54,INTC,44.2,36,BID
2020-10-30 10:44:55,INTC,44.21,26,ASK
2020-10-30 10:44:54,INTC,44.2,36,BID
2020-10-30 10:44:55,INTC,44.21,26,ASK
2020-10-30 10:44:54,INTC,44.2,36,BID
2020-10-30 10:44:55,INTC,44.21,26,ASK
2020-10-30 10:44:54,INTC,44.2,36,BID
2020-10-30 10:44:55,INTC,44.21,26,ASK
2020-10-30 10:44:54,INTC,44.2,36,BID
2020-10-30 10:44:55,INTC,44.21,26,ASK
2020-10-30 10:44:54,INTC,44.2,36,BID
2020-10-30 10:44:55,INTC,44.21,26,ASK
2020-10-30 10:44:54,INTC,44.2,36,BID
2020-10-30 10:44:55,INTC,44.21,26,ASK
2020-10-30 10:44:54,INTC,44.2,43,BID
2020-10-30 10:44:55,INTC,44.21,25,ASK
2020-10-30 10:44:54,INTC,44.2,46,BID
2020-10-30 10:44:57,INTC,44.21,16,ASK
2020-10-30 10:44:59,INTC,44.21,48,BID
2020-10-30 10:44:58,INTC,44.22,38,ASK
2020-10-30 10:45:00,INTC,44.21,60,BID
2020-10-30 10:45:00,INTC,44.22,32,ASK
2020-10-30 10:45:01,INTC,44.22,40,BID
2020-10-30 10:44:49,INTC,44.23,75,ASK
2020-10-30 10:45:01,INTC,44.22,25,BID
2020-10-30 10:44:49,INTC,44.23,78,ASK
2020-10-30 10:45:01,INTC,44.22,27,BID
2020-10-30 10:44:49,INTC,44.23,78,ASK
2020-10-30 10:45:02,INTC,44.22,31,BID
2020-10-30 10:44:49,INTC,44.23,79,ASK
2020-10-30 10:45:02,INTC,44.22,25,BID
2020-10-30 10:44:49,INTC,44.23,79,ASK
2020-10-30 10:45:03,INTC,44.21,55,BID
2020-10-30 10:45:03,INTC,44.22,38,ASK
2020-10-30 10:44:54,INTC,44.2,38,BID
2020-10-30 10:45:03,INTC,44.21,33,ASK
2020-10-30 10:44:06,INTC,44.19,69,BID
2020-10-30 10:45:03,INTC,44.2,23,ASK
2020-10-30 10:44:06,INTC,44.19,67,BID
2020-10-30 10:45:04,INTC,44.2,21,ASK
2020-10-30 10:45:04,INTC,44.19,21,BID
2020-10-30 10:45:04,INTC,44.2,34,ASK
2020-10-30 10:45:05,INTC,44.19,44,BID
2020-10-30 10:45:04,INTC,44.2,23,ASK
2020-10-30 10:45:05,INTC,44.2,22,BID
2020-10-30 10:45:05,INTC,44.21,52,ASK
2020-10-30 10:45:06,INTC,44.21,23,BID
2020-10-30 10:45:07,INTC,44.22,29,ASK
2020-10-30 10:45:07,INTC,44.22,16,BID
2020-10-30 10:44:49,INTC,44.23,78,ASK
2020-10-30 10:45:07,INTC,44.21,32,BID
2020-10-30 10:45:08,INTC,44.22,18,ASK
2020-10-30 10:45:07,INTC,44.21,37,BID
2020-10-30 10:45:10,INTC,44.22,1,ASK
2020-10-30 10:45:10,INTC,44.23,20,BID
2020-10-30 10:44:40,INTC,44.24,59,ASK
2020-10-30 10:45:10,INTC,44.23,16,BID
2020-10-30 10:45:11,INTC,44.24,33,ASK
2020-10-30 10:45:11,INTC,44.23,20,BID
2020-10-30 10:45:12,INTC,44.24,16,ASK
2020-10-30 10:45:11,INTC,44.23,20,BID
2020-10-30 10:45:13,INTC,44.24,17,ASK
2020-10-30 10:45:11,INTC,44.23,21,BID
2020-10-30 10:45:14,INTC,44.24,15,ASK
2020-10-30 10:45:11,INTC,44.23,16,BID
2020-10-30 10:45:15,INTC,44.24,27,ASK
2020-10-30 10:45:16,INTC,44.23,19,BID
2020-10-30 10:45:15,INTC,44.24,38,ASK
2020-10-30 10:45:16,INTC,44.23,16,BID
2020-10-30 10:45:15,INTC,44.24,49,ASK
2020-10-30 10:45:17,INTC,44.23,19,BID
2020-10-30 10:45:15,INTC,44.24,59,ASK
2020-10-30 10:45:18,INTC,44.23,17,BID
2020-10-30 10:45:15,INTC,44.24,44,ASK
2020-10-30 10:45:19,INTC,44.23,17,BID
2020-10-30 10:45:15,INTC,44.24,44,ASK
2020-10-30 10:45:20,INTC,44.22,17,BID
2020-10-30 10:45:20,INTC,44.23,45,ASK
2020-10-30 10:45:20,INTC,44.22,32,BID
2020-10-30 10:45:21,INTC,44.23,23,ASK
2020-10-30 10:45:20,INTC,44.22,28,BID
2020-10-30 10:45:21,INTC,44.23,33,ASK
2020-10-30 10:45:07,INTC,44.21,30,BID
2020-10-30 10:45:22,INTC,44.22,37,ASK
2020-10-30 10:45:23,INTC,44.21,27,BID
2020-10-30 10:45:23,INTC,44.22,40,ASK
2020-10-30 10:45:05,INTC,44.2,22,BID
2020-10-30 10:45:23,INTC,44.21,26,ASK
2020-10-30 10:45:24,INTC,44.21,28,BID
2020-10-30 10:45:23,INTC,44.22,52,ASK
2020-10-30 10:45:25,INTC,44.21,46,BID
2020-10-30 10:45:25,INTC,44.22,49,ASK
2020-10-30 10:45:27,INTC,44.21,62,BID
2020-10-30 10:45:27,INTC,44.22,53,ASK
2020-10-30 10:45:28,INTC,44.21,54,BID
2020-10-30 10:45:28,INTC,44.22,17,ASK
2020-10-30 10:45:29,INTC,44.21,53,BID
2020-10-30 10:45:29,INTC,44.22,19,ASK
2020-10-30 10:45:30,INTC,44.22,12,BID
2020-10-30 10:45:21,INTC,44.23,33,ASK
2020-10-30 10:45:32,INTC,44.21,47,BID
2020-10-30 10:45:32,INTC,44.22,32,ASK
2020-10-30 10:45:33,INTC,44.2,18,BID
2020-10-30 10:45:32,INTC,44.21,38,ASK
2020-10-30 10:45:34,INTC,44.22,22,BID
2020-10-30 10:45:21,INTC,44.23,33,ASK
2020-10-30 10:45:35,INTC,44.22,13,BID
2020-10-30 10:45:21,INTC,44.23,43,ASK
2020-10-30 10:45:36,INTC,44.21,22,BID
2020-10-30 10:45:36,INTC,44.22,31,ASK
2020-10-30 10:45:37,INTC,44.21,31,BID
2020-10-30 10:45:36,INTC,44.22,33,ASK
2020-10-30 10:45:39,INTC,44.21,41,BID
2020-10-30 10:45:38,INTC,44.22,24,ASK
2020-10-30 10:45:41,INTC,44.22,6,BID
2020-10-30 10:45:21,INTC,44.23,39,ASK
2020-10-30 10:45:41,INTC,44.21,61,BID
2020-10-30 10:45:41,INTC,44.22,22,ASK
2020-10-30 10:45:42,INTC,44.22,34,BID
2020-10-30 10:45:21,INTC,44.23,38,ASK
2020-10-30 10:45:42,INTC,44.22,38,BID
2020-10-30 10:45:21,INTC,44.23,38,ASK
2020-10-30 10:45:44,INTC,44.22,34,BID
2020-10-30 10:45:44,INTC,44.21,76,ASK
2020-10-30 10:45:44,INTC,44.2,35,BID
2020-10-30 10:45:44,INTC,44.21,41,ASK
2020-10-30 10:45:46,INTC,44.22,11,BID
2020-10-30 10:45:21,INTC,44.23,36,ASK
2020-10-30 10:45:46,INTC,44.22,40,BID
2020-10-30 10:45:46,INTC,44.23,30,ASK
2020-10-30 10:45:47,INTC,44.23,27,BID
2020-10-30 10:45:15,INTC,44.24,45,ASK
2020-10-30 10:45:47,INTC,44.23,29,BID
2020-10-30 10:45:15,INTC,44.24,50,ASK
2020-10-30 10:45:48,INTC,44.23,30,BID
2020-10-30 10:45:15,INTC,44.24,49,ASK
2020-10-30 10:45:49,INTC,44.23,28,BID
2020-10-30 10:45:50,INTC,44.24,26,ASK
2020-10-30 10:45:49,INTC,44.23,28,BID
2020-10-30 10:45:51,INTC,44.24,24,ASK
2020-10-30 10:45:49,INTC,44.23,33,BID
2020-10-30 10:45:53,INTC,44.24,22,ASK
2020-10-30 10:45:49,INTC,44.23,35,BID
2020-10-30 10:45:55,INTC,44.24,21,ASK
2020-10-30 10:45:49,INTC,44.23,42,BID
2020-10-30 10:45:55,INTC,44.24,27,ASK
2020-10-30 10:45:49,INTC,44.23,48,BID
2020-10-30 10:45:55,INTC,44.24,31,ASK
2020-10-30 10:45:49,INTC,44.23,51,BID
2020-10-30 10:45:55,INTC,44.24,27,ASK
2020-10-30 10:45:49,INTC,44.23,48,BID
2020-10-30 10:45:55,INTC,44.24,32,ASK
2020-10-30 10:45:49,INTC,44.23,48,BID
2020-10-30 10:45:55,INTC,44.24,31,ASK
2020-10-30 10:45:49,INTC,44.23,48,BID
2020-10-30 10:45:55,INTC,44.24,27,ASK
2020-10-30 10:45:49,INTC,44.23,48,BID
2020-10-30 10:45:55,INTC,44.24,30,ASK
2020-10-30 10:45:49,INTC,44.23,51,BID
2020-10-30 10:45:55,INTC,44.24,27,ASK
2020-10-30 10:45:49,INTC,44.23,48,BID
2020-10-30 10:45:55,INTC,44.24,32,ASK
2020-10-30 10:45:49,INTC,44.23,48,BID
2020-10-30 10:45:55,INTC,44.24,27,ASK
2020-10-30 10:45:49,INTC,44.23,81,BID
2020-10-30 10:46:08,INTC,44.24,29,ASK
2020-10-30 10:45:49,INTC,44.23,81,BID
2020-10-30 10:46:09,INTC,44.24,3,ASK
2020-10-30 10:45:49,INTC,44.23,60,BID
2020-10-30 10:46:10,INTC,44.24,21,ASK
2020-10-30 10:46:11,INTC,44.24,12,BID
2020-10-30 10:44:39,INTC,44.25,73,ASK
2020-10-30 10:46:11,INTC,44.24,27,BID
2020-10-30 10:44:39,INTC,44.25,72,ASK
2020-10-30 10:45:49,INTC,44.23,54,BID
2020-10-30 10:46:12,INTC,44.24,30,ASK
2020-10-30 10:45:49,INTC,44.23,61,BID
2020-10-30 10:46:13,INTC,44.24,21,ASK
2020-10-30 10:46:14,INTC,44.24,23,BID
2020-10-30 10:44:39,INTC,44.25,67,ASK
2020-10-30 10:46:15,INTC,44.25,22,BID
2020-10-30 10:43:21,INTC,44.26,58,ASK
2020-10-30 10:46:15,INTC,44.25,29,BID
2020-10-30 10:43:21,INTC,44.26,59,ASK
2020-10-30 10:46:16,INTC,44.25,36,BID
2020-10-30 10:43:21,INTC,44.26,53,ASK
2020-10-30 10:46:17,INTC,44.25,24,BID
2020-10-30 10:43:21,INTC,44.26,58,ASK
2020-10-30 10:46:17,INTC,44.25,24,BID
2020-10-30 10:43:21,INTC,44.26,58,ASK
2020-10-30 10:46:19,INTC,44.25,22,BID
2020-10-30 10:46:19,INTC,44.25,3,ASK
2020-10-30 10:46:14,INTC,44.24,21,BID
2020-10-30 10:46:19,INTC,44.25,69,ASK
2020-10-30 10:46:11,INTC,44.23,41,BID
2020-10-30 10:46:19,INTC,44.24,41,ASK
2020-10-30 10:46:19,INTC,44.22,15,BID
2020-10-30 10:46:19,INTC,44.23,45,ASK
2020-10-30 10:46:20,INTC,44.22,18,BID
2020-10-30 10:46:19,INTC,44.23,50,ASK
2020-10-30 10:46:21,INTC,44.22,18,BID
2020-10-30 10:46:19,INTC,44.23,49,ASK
2020-10-30 10:46:22,INTC,44.22,21,BID
2020-10-30 10:46:19,INTC,44.23,51,ASK
2020-10-30 10:46:23,INTC,44.22,26,BID
2020-10-30 10:46:23,INTC,44.23,74,ASK
2020-10-30 10:46:24,INTC,44.21,53,BID
2020-10-30 10:46:24,INTC,44.22,29,ASK
2020-10-30 10:46:25,INTC,44.21,43,BID
2020-10-30 10:46:25,INTC,44.21,10,ASK
2020-10-30 10:46:25,INTC,44.2,25,BID
2020-10-30 10:46:25,INTC,44.21,55,ASK
2020-10-30 10:46:26,INTC,44.19,32,BID
2020-10-30 10:46:26,INTC,44.2,22,ASK
2020-10-30 10:46:27,INTC,44.19,27,BID
2020-10-30 10:46:27,INTC,44.2,20,ASK
2020-10-30 10:46:27,INTC,44.19,26,BID
2020-10-30 10:46:28,INTC,44.19,11,ASK
2020-10-30 10:46:29,INTC,44.18,33,BID
2020-10-30 10:46:29,INTC,44.19,39,ASK
2020-10-30 10:46:30,INTC,44.19,39,BID
2020-10-30 10:46:30,INTC,44.2,12,ASK
2020-10-30 10:46:30,INTC,44.2,27,BID
2020-10-30 10:46:25,INTC,44.21,39,ASK
2020-10-30 10:46:30,INTC,44.2,26,BID
2020-10-30 10:46:25,INTC,44.21,39,ASK
2020-10-30 10:46:30,INTC,44.2,31,BID
2020-10-30 10:46:25,INTC,44.21,39,ASK
2020-10-30 10:46:30,INTC,44.2,33,BID
2020-10-30 10:46:35,INTC,44.21,33,ASK
2020-10-30 10:46:35,INTC,44.21,25,BID
2020-10-30 10:46:36,INTC,44.22,15,ASK
2020-10-30 10:46:37,INTC,44.21,34,BID
2020-10-30 10:46:37,INTC,44.22,19,ASK
2020-10-30 10:46:38,INTC,44.21,37,BID
2020-10-30 10:46:38,INTC,44.22,19,ASK
2020-10-30 10:46:39,INTC,44.22,41,BID
2020-10-30 10:46:23,INTC,44.23,67,ASK
2020-10-30 10:46:40,INTC,44.22,39,BID
2020-10-30 10:46:23,INTC,44.23,67,ASK
2020-10-30 10:46:41,INTC,44.22,38,BID
2020-10-30 10:46:23,INTC,44.23,65,ASK
2020-10-30 10:46:38,INTC,44.21,32,BID
2020-10-30 10:46:41,INTC,44.22,78,ASK
2020-10-30 10:46:30,INTC,44.2,40,BID
2020-10-30 10:46:41,INTC,44.21,41,ASK
2020-10-30 10:46:30,INTC,44.2,40,BID
2020-10-30 10:46:41,INTC,44.21,45,ASK
2020-10-30 10:46:30,INTC,44.2,40,BID
2020-10-30 10:46:41,INTC,44.21,41,ASK
2020-10-30 10:46:30,INTC,44.2,41,BID
2020-10-30 10:46:46,INTC,44.21,29,ASK
2020-10-30 10:46:47,INTC,44.21,29,BID
2020-10-30 10:46:41,INTC,44.22,58,ASK
2020-10-30 10:46:48,INTC,44.21,10,BID
2020-10-30 10:46:41,INTC,44.22,56,ASK
2020-10-30 10:46:49,INTC,44.2,51,BID
2020-10-30 10:46:49,INTC,44.21,14,ASK
2020-10-30 10:46:50,INTC,44.2,50,BID
2020-10-30 10:46:50,INTC,44.21,22,ASK
2020-10-30 10:46:51,INTC,44.21,29,BID
2020-10-30 10:46:41,INTC,44.22,44,ASK
2020-10-30 10:46:51,INTC,44.21,29,BID
2020-10-30 10:46:41,INTC,44.22,41,ASK
2020-10-30 10:46:51,INTC,44.21,29,BID
2020-10-30 10:46:41,INTC,44.22,41,ASK
2020-10-30 10:46:51,INTC,44.21,29,BID
2020-10-30 10:46:41,INTC,44.22,41,ASK
2020-10-30 10:46:51,INTC,44.21,29,BID
2020-10-30 10:46:41,INTC,44.22,41,ASK
2020-10-30 10:46:51,INTC,44.21,29,BID
2020-10-30 10:46:41,INTC,44.22,41,ASK
2020-10-30 10:46:51,INTC,44.21,29,BID
2020-10-30 10:46:41,INTC,44.22,41,ASK
2020-10-30 10:46:51,INTC,44.21,29,BID
2020-10-30 10:46:41,INTC,44.22,41,ASK
2020-10-30 10:46:51,INTC,44.21,29,BID
2020-10-30 10:46:41,INTC,44.22,41,ASK
2020-10-30 10:46:51,INTC,44.21,29,BID
2020-10-30 10:46:41,INTC,44.22,41,ASK
2020-10-30 10:46:51,INTC,44.21,29,BID
2020-10-30 10:46:41,INTC,44.22,41,ASK
2020-10-30 10:46:51,INTC,44.21,29,BID
2020-10-30 10:46:41,INTC,44.22,41,ASK
2020-10-30 10:46:51,INTC,44.21,29,BID
2020-10-30 10:46:41,INTC,44.22,41,ASK
2020-10-30 10:46:51,INTC,44.21,29,BID
2020-10-30 10:46:41,INTC,44.22,41,ASK
2020-10-30 10:46:51,INTC,44.21,29,BID
2020-10-30 10:46:41,INTC,44.22,41,ASK
2020-10-30 10:46:51,INTC,44.21,29,BID
2020-10-30 10:46:41,INTC,44.22,41,ASK
2020-10-30 10:46:51,INTC,44.21,29,BID
2020-10-30 10:46:41,INTC,44.22,41,ASK
2020-10-30 10:46:51,INTC,44.21,29,BID
2020-10-30 10:46:41,INTC,44.22,41,ASK
2020-10-30 10:46:51,INTC,44.21,29,BID
2020-10-30 10:46:41,INTC,44.22,41,ASK
2020-10-30 10:46:51,INTC,44.21,29,BID
2020-10-30 10:46:51,INTC,44.22,41,ASK
2020-10-30 10:46:51,INTC,44.21,29,BID
2020-10-30 10:46:51,INTC,44.22,41,ASK
2020-10-30 10:46:51,INTC,44.21,29,BID
2020-10-30 10:46:51,INTC,44.22,41,ASK
2020-10-30 10:46:51,INTC,44.21,29,BID
2020-10-30 10:46:51,INTC,44.22,41,ASK
2020-10-30 10:46:51,INTC,44.21,29,BID
2020-10-30 10:46:51,INTC,44.22,41,ASK
2020-10-30 10:46:51,INTC,44.21,29,BID
2020-10-30 10:46:51,INTC,44.22,41,ASK
2020-10-30 10:46:51,INTC,44.21,29,BID
2020-10-30 10:46:51,INTC,44.22,41,ASK
2020-10-30 10:46:51,INTC,44.21,29,BID
2020-10-30 10:46:51,INTC,44.22,41,ASK
2020-10-30 10:46:51,INTC,44.21,31,BID
2020-10-30 10:46:58,INTC,44.22,35,ASK
2020-10-30 10:46:59,INTC,44.22,6,BID
2020-10-30 10:46:58,INTC,44.22,18,ASK
2020-10-30 10:46:35,INTC,44.2,73,BID
2020-10-30 10:47:01,INTC,44.21,25,ASK
2020-10-30 10:47:02,INTC,44.19,46,BID
2020-10-30 10:47:02,INTC,44.2,31,ASK
2020-10-30 10:47:02,INTC,44.19,46,BID
2020-10-30 10:47:02,INTC,44.2,31,ASK
2020-10-30 10:47:02,INTC,44.19,46,BID
2020-10-30 10:47:02,INTC,44.2,31,ASK
2020-10-30 10:47:02,INTC,44.19,46,BID
2020-10-30 10:47:02,INTC,44.2,31,ASK
2020-10-30 10:47:02,INTC,44.19,46,BID
2020-10-30 10:47:02,INTC,44.2,31,ASK
2020-10-30 10:47:02,INTC,44.19,46,BID
2020-10-30 10:47:02,INTC,44.2,31,ASK
2020-10-30 10:47:02,INTC,44.19,46,BID
2020-10-30 10:47:02,INTC,44.2,31,ASK
2020-10-30 10:47:02,INTC,44.19,46,BID
2020-10-30 10:47:02,INTC,44.2,31,ASK
2020-10-30 10:47:02,INTC,44.19,41,BID
2020-10-30 10:47:07,INTC,44.2,24,ASK
2020-10-30 10:47:02,INTC,44.19,34,BID
2020-10-30 10:47:07,INTC,44.19,25,ASK
2020-10-30 10:47:07,INTC,44.18,28,BID
2020-10-30 10:47:07,INTC,44.19,27,ASK
2020-10-30 10:47:08,INTC,44.18,37,BID
2020-10-30 10:47:08,INTC,44.19,21,ASK
2020-10-30 10:47:08,INTC,44.17,22,BID
2020-10-30 10:47:08,INTC,44.18,37,ASK
2020-10-30 10:47:08,INTC,44.16,52,BID
2020-10-30 10:47:08,INTC,44.17,26,ASK
2020-10-30 10:47:08,INTC,44.16,56,BID
2020-10-30 10:47:08,INTC,44.17,24,ASK
2020-10-30 10:47:08,INTC,44.16,55,BID
2020-10-30 10:47:08,INTC,44.17,24,ASK
2020-10-30 10:47:09,INTC,44.16,54,BID
2020-10-30 10:47:08,INTC,44.17,24,ASK
2020-10-30 10:47:09,INTC,44.16,54,BID
2020-10-30 10:47:08,INTC,44.17,24,ASK
2020-10-30 10:47:09,INTC,44.16,53,BID
2020-10-30 10:47:08,INTC,44.17,30,ASK
2020-10-30 10:47:09,INTC,44.16,47,BID
2020-10-30 10:47:08,INTC,44.17,35,ASK
2020-10-30 10:47:10,INTC,44.16,47,BID
2020-10-30 10:47:10,INTC,44.17,33,ASK
2020-10-30 10:47:11,INTC,44.16,48,BID
2020-10-30 10:47:10,INTC,44.17,35,ASK
2020-10-30 10:47:12,INTC,44.16,50,BID
2020-10-30 10:47:10,INTC,44.17,45,ASK
2020-10-30 10:47:13,INTC,44.16,49,BID
2020-10-30 10:47:10,INTC,44.17,37,ASK
2020-10-30 10:47:14,INTC,44.17,2,BID
2020-10-30 10:47:10,INTC,44.17,35,ASK
2020-10-30 10:47:15,INTC,44.17,54,BID
2020-10-30 10:47:14,INTC,44.18,24,ASK
2020-10-30 10:47:17,INTC,44.17,45,BID
2020-10-30 10:47:14,INTC,44.18,29,ASK
2020-10-30 10:47:18,INTC,44.17,45,BID
2020-10-30 10:47:17,INTC,44.18,45,ASK
2020-10-30 10:47:20,INTC,44.17,45,BID
2020-10-30 10:47:17,INTC,44.18,51,ASK
2020-10-30 10:47:21,INTC,44.17,45,BID
2020-10-30 10:47:17,INTC,44.18,48,ASK
2020-10-30 10:47:21,INTC,44.17,23,BID
2020-10-30 10:47:17,INTC,44.18,51,ASK
2020-10-30 10:47:21,INTC,44.17,17,BID
2020-10-30 10:47:17,INTC,44.18,46,ASK
2020-10-30 10:47:21,INTC,44.17,27,BID
2020-10-30 10:47:23,INTC,44.18,16,ASK
2020-10-30 10:47:24,INTC,44.18,24,BID
2020-10-30 10:47:24,INTC,44.19,21,ASK
2020-10-30 10:47:24,INTC,44.18,45,BID
2020-10-30 10:47:24,INTC,44.19,22,ASK
2020-10-30 10:47:25,INTC,44.18,52,BID
2020-10-30 10:47:25,INTC,44.19,28,ASK
2020-10-30 10:47:27,INTC,44.19,13,BID
2020-10-30 10:47:25,INTC,44.2,44,ASK
2020-10-30 10:47:28,INTC,44.18,70,BID
2020-10-30 10:47:28,INTC,44.19,15,ASK
2020-10-30 10:47:29,INTC,44.18,59,BID
2020-10-30 10:47:28,INTC,44.19,21,ASK
2020-10-30 10:47:30,INTC,44.19,21,BID
2020-10-30 10:47:30,INTC,44.2,40,ASK
2020-10-30 10:47:32,INTC,44.18,62,BID
2020-10-30 10:47:32,INTC,44.19,11,ASK
2020-10-30 10:47:33,INTC,44.18,57,BID
2020-10-30 10:47:33,INTC,44.19,24,ASK
2020-10-30 10:47:34,INTC,44.18,59,BID
2020-10-30 10:47:34,INTC,44.19,17,ASK
2020-10-30 10:47:34,INTC,44.18,54,BID
2020-10-30 10:47:35,INTC,44.19,23,ASK
2020-10-30 10:47:34,INTC,44.18,52,BID
2020-10-30 10:47:35,INTC,44.19,26,ASK
2020-10-30 10:47:21,INTC,44.17,19,BID
2020-10-30 10:47:37,INTC,44.18,54,ASK
2020-10-30 10:47:37,INTC,44.17,27,BID
2020-10-30 10:47:37,INTC,44.18,45,ASK
2020-10-30 10:47:38,INTC,44.17,44,BID
2020-10-30 10:47:38,INTC,44.18,16,ASK
2020-10-30 10:47:40,INTC,44.17,38,BID
2020-10-30 10:47:39,INTC,44.18,20,ASK
2020-10-30 10:47:21,INTC,44.17,36,BID
2020-10-30 10:47:40,INTC,44.18,20,ASK
2020-10-30 10:47:41,INTC,44.18,27,BID
2020-10-30 10:47:41,INTC,44.19,22,ASK
2020-10-30 10:47:42,INTC,44.18,30,BID
2020-10-30 10:47:42,INTC,44.19,23,ASK
2020-10-30 10:47:41,INTC,44.17,54,BID
2020-10-30 10:47:43,INTC,44.18,25,ASK
2020-10-30 10:47:41,INTC,44.17,60,BID
2020-10-30 10:47:44,INTC,44.18,15,ASK
2020-10-30 10:47:41,INTC,44.17,54,BID
2020-10-30 10:47:45,INTC,44.18,32,ASK
2020-10-30 10:47:41,INTC,44.17,55,BID
2020-10-30 10:47:46,INTC,44.18,27,ASK
2020-10-30 10:47:41,INTC,44.17,51,BID
2020-10-30 10:47:47,INTC,44.18,23,ASK
2020-10-30 10:47:41,INTC,44.17,40,BID
2020-10-30 10:47:48,INTC,44.18,30,ASK
2020-10-30 10:47:21,INTC,44.16,66,BID
2020-10-30 10:47:48,INTC,44.17,48,ASK
2020-10-30 10:47:50,INTC,44.14,24,BID
2020-10-30 10:47:50,INTC,44.15,20,ASK
2020-10-30 10:47:50,INTC,44.13,29,BID
2020-10-30 10:47:50,INTC,44.14,45,ASK
2020-10-30 10:47:50,INTC,44.13,35,BID
2020-10-30 10:47:52,INTC,44.14,70,ASK
2020-10-30 10:47:02,INTC,44.12,29,BID
2020-10-30 10:47:52,INTC,44.13,80,ASK
2020-10-30 10:47:02,INTC,44.12,13,BID
2020-10-30 10:47:53,INTC,44.13,47,ASK
2020-10-30 10:47:54,INTC,44.11,36,BID
2020-10-30 10:47:54,INTC,44.12,17,ASK
2020-10-30 10:47:55,INTC,44.11,45,BID
2020-10-30 10:47:55,INTC,44.12,28,ASK
2020-10-30 10:47:56,INTC,44.11,38,BID
2020-10-30 10:47:56,INTC,44.12,30,ASK
2020-10-30 10:47:57,INTC,44.11,30,BID
2020-10-30 10:47:57,INTC,44.12,30,ASK
2020-10-30 10:47:58,INTC,44.11,30,BID
2020-10-30 10:47:57,INTC,44.12,37,ASK
2020-10-30 10:47:02,INTC,44.1,535,BID
2020-10-30 10:47:58,INTC,44.11,27,ASK
2020-10-30 10:47:02,INTC,44.1,535,BID
2020-10-30 10:47:59,INTC,44.11,30,ASK
2020-10-30 10:47:02,INTC,44.1,500,BID
2020-10-30 10:48:00,INTC,44.11,36,ASK
2020-10-30 10:48:01,INTC,44.11,8,BID
2020-10-30 10:48:01,INTC,44.12,34,ASK
2020-10-30 10:48:01,INTC,44.11,23,BID
2020-10-30 10:48:01,INTC,44.12,42,ASK
2020-10-30 10:48:02,INTC,44.11,24,BID
2020-10-30 10:48:01,INTC,44.12,42,ASK
2020-10-30 10:48:03,INTC,44.11,20,BID
2020-10-30 10:48:01,INTC,44.12,44,ASK
2020-10-30 10:48:03,INTC,44.11,37,BID
2020-10-30 10:48:01,INTC,44.12,43,ASK
2020-10-30 10:48:03,INTC,44.11,42,BID
2020-10-30 10:48:06,INTC,44.12,46,ASK
2020-10-30 10:48:03,INTC,44.11,46,BID
2020-10-30 10:48:06,INTC,44.12,45,ASK
2020-10-30 10:48:09,INTC,44.12,49,BID
2020-10-30 10:48:09,INTC,44.13,29,ASK
2020-10-30 10:48:09,INTC,44.13,24,BID
2020-10-30 10:47:52,INTC,44.14,49,ASK
2020-10-30 10:48:10,INTC,44.13,18,BID
2020-10-30 10:47:52,INTC,44.14,51,ASK
2020-10-30 10:48:12,INTC,44.12,67,BID
2020-10-30 10:48:12,INTC,44.13,31,ASK
2020-10-30 10:48:12,INTC,44.13,42,BID
2020-10-30 10:47:52,INTC,44.14,34,ASK
2020-10-30 10:48:14,INTC,44.13,32,BID
2020-10-30 10:48:14,INTC,44.14,35,ASK
2020-10-30 10:48:14,INTC,44.13,36,BID
2020-10-30 10:48:14,INTC,44.14,36,ASK
2020-10-30 10:48:14,INTC,44.13,28,BID
2020-10-30 10:48:15,INTC,44.14,37,ASK
2020-10-30 10:48:14,INTC,44.13,27,BID
2020-10-30 10:48:15,INTC,44.14,36,ASK
2020-10-30 10:48:14,INTC,44.13,29,BID
2020-10-30 10:48:18,INTC,44.14,34,ASK
2020-10-30 10:48:14,INTC,44.13,23,BID
2020-10-30 10:48:18,INTC,44.14,44,ASK
2020-10-30 10:48:14,INTC,44.13,23,BID
2020-10-30 10:48:18,INTC,44.14,34,ASK
2020-10-30 10:48:22,INTC,44.13,34,BID
2020-10-30 10:48:18,INTC,44.14,36,ASK
2020-10-30 10:48:24,INTC,44.13,37,BID
2020-10-30 10:48:18,INTC,44.14,38,ASK
2020-10-30 10:48:24,INTC,44.13,39,BID
2020-10-30 10:48:18,INTC,44.14,27,ASK
2020-10-30 10:48:24,INTC,44.13,55,BID
2020-10-30 10:48:26,INTC,44.14,28,ASK
2020-10-30 10:48:26,INTC,44.14,52,BID
2020-10-30 10:48:26,INTC,44.15,16,ASK
2020-10-30 10:48:28,INTC,44.14,53,BID
2020-10-30 10:48:28,INTC,44.15,18,ASK
2020-10-30 10:48:30,INTC,44.14,52,BID
2020-10-30 10:48:30,INTC,44.15,18,ASK
2020-10-30 10:48:24,INTC,44.13,46,BID
2020-10-30 10:48:31,INTC,44.14,28,ASK
2020-10-30 10:48:24,INTC,44.13,46,BID
2020-10-30 10:48:32,INTC,44.14,34,ASK
2020-10-30 10:48:34,INTC,44.14,29,BID
2020-10-30 10:48:31,INTC,44.15,77,ASK
2020-10-30 10:48:36,INTC,44.14,26,BID
2020-10-30 10:48:31,INTC,44.15,72,ASK
2020-10-30 10:48:36,INTC,44.14,20,BID
2020-10-30 10:48:31,INTC,44.15,76,ASK
2020-10-30 10:48:40,INTC,44.14,24,BID
2020-10-30 10:48:31,INTC,44.15,72,ASK
2020-10-30 10:48:40,INTC,44.14,28,BID
2020-10-30 10:48:31,INTC,44.15,71,ASK
2020-10-30 10:48:40,INTC,44.14,28,BID
2020-10-30 10:48:31,INTC,44.15,75,ASK
2020-10-30 10:48:40,INTC,44.14,28,BID
2020-10-30 10:48:31,INTC,44.15,72,ASK
2020-10-30 10:48:40,INTC,44.14,28,BID
2020-10-30 10:48:31,INTC,44.15,74,ASK
2020-10-30 10:48:24,INTC,44.13,41,BID
2020-10-30 10:48:46,INTC,44.14,29,ASK
2020-10-30 10:48:22,INTC,44.13,42,BID
2020-10-30 10:48:47,INTC,44.14,22,ASK
2020-10-30 10:48:22,INTC,44.13,47,BID
2020-10-30 10:48:49,INTC,44.14,22,ASK
2020-10-30 10:48:22,INTC,44.13,46,BID
2020-10-30 10:48:49,INTC,44.14,24,ASK
2020-10-30 10:48:22,INTC,44.13,42,BID
2020-10-30 10:48:52,INTC,44.14,30,ASK
2020-10-30 10:48:53,INTC,44.14,9,BID
2020-10-30 10:48:37,INTC,44.15,76,ASK
2020-10-30 10:48:55,INTC,44.14,12,BID
2020-10-30 10:48:37,INTC,44.15,79,ASK
2020-10-30 10:48:55,INTC,44.14,29,BID
2020-10-30 10:48:37,INTC,44.15,86,ASK
2020-10-30 10:48:22,INTC,44.13,26,BID
2020-10-30 10:48:58,INTC,44.13,25,ASK
2020-10-30 10:48:58,INTC,44.12,21,BID
2020-10-30 10:48:58,INTC,44.13,19,ASK
2020-10-30 10:48:59,INTC,44.12,25,BID
2020-10-30 10:48:59,INTC,44.13,16,ASK
2020-10-30 10:49:00,INTC,44.13,28,BID
2020-10-30 10:49:01,INTC,44.14,27,ASK
2020-10-30 10:49:00,INTC,44.13,25,BID
2020-10-30 10:49:01,INTC,44.14,24,ASK
2020-10-30 10:49:00,INTC,44.13,25,BID
2020-10-30 10:49:01,INTC,44.14,24,ASK
2020-10-30 10:49:00,INTC,44.13,25,BID
2020-10-30 10:49:01,INTC,44.14,24,ASK
2020-10-30 10:49:00,INTC,44.13,25,BID
2020-10-30 10:49:01,INTC,44.14,24,ASK
2020-10-30 10:49:00,INTC,44.13,25,BID
2020-10-30 10:49:01,INTC,44.14,24,ASK
2020-10-30 10:49:00,INTC,44.13,25,BID
2020-10-30 10:49:01,INTC,44.14,24,ASK
2020-10-30 10:49:00,INTC,44.13,25,BID
2020-10-30 10:49:01,INTC,44.14,24,ASK
2020-10-30 10:49:00,INTC,44.13,25,BID
2020-10-30 10:49:01,INTC,44.14,24,ASK
2020-10-30 10:49:00,INTC,44.13,25,BID
2020-10-30 10:49:01,INTC,44.14,24,ASK
2020-10-30 10:49:00,INTC,44.13,25,BID
2020-10-30 10:49:01,INTC,44.14,24,ASK
2020-10-30 10:49:00,INTC,44.13,25,BID
2020-10-30 10:49:01,INTC,44.14,24,ASK
2020-10-30 10:49:00,INTC,44.13,25,BID
2020-10-30 10:49:01,INTC,44.14,24,ASK
2020-10-30 10:49:00,INTC,44.13,25,BID
2020-10-30 10:49:01,INTC,44.14,24,ASK
2020-10-30 10:49:00,INTC,44.13,25,BID
2020-10-30 10:49:01,INTC,44.14,24,ASK
2020-10-30 10:49:00,INTC,44.13,25,BID
2020-10-30 10:49:01,INTC,44.14,24,ASK
2020-10-30 10:49:00,INTC,44.13,25,BID
2020-10-30 10:49:01,INTC,44.14,24,ASK
2020-10-30 10:49:00,INTC,44.13,25,BID
2020-10-30 10:49:01,INTC,44.14,24,ASK
2020-10-30 10:49:00,INTC,44.13,25,BID
2020-10-30 10:49:01,INTC,44.14,24,ASK
2020-10-30 10:49:00,INTC,44.13,25,BID
2020-10-30 10:49:01,INTC,44.14,24,ASK
2020-10-30 10:49:00,INTC,44.13,25,BID
2020-10-30 10:49:01,INTC,44.14,24,ASK
2020-10-30 10:49:00,INTC,44.13,25,BID
2020-10-30 10:49:01,INTC,44.14,24,ASK
2020-10-30 10:49:00,INTC,44.13,25,BID
2020-10-30 10:49:01,INTC,44.14,24,ASK
2020-10-30 10:49:00,INTC,44.13,25,BID
2020-10-30 10:49:01,INTC,44.14,24,ASK
2020-10-30 10:49:00,INTC,44.13,25,BID
2020-10-30 10:49:01,INTC,44.14,24,ASK
2020-10-30 10:49:00,INTC,44.13,25,BID
2020-10-30 10:49:01,INTC,44.14,24,ASK
2020-10-30 10:49:00,INTC,44.13,25,BID
2020-10-30 10:49:01,INTC,44.14,24,ASK
2020-10-30 10:49:08,INTC,44.15,12,BID
2020-10-30 10:49:07,INTC,44.16,39,ASK
2020-10-30 10:49:10,INTC,44.14,37,BID
2020-10-30 10:49:09,INTC,44.15,22,ASK
2020-10-30 10:49:12,INTC,44.14,40,BID
2020-10-30 10:49:07,INTC,44.16,47,ASK
2020-10-30 10:49:12,INTC,44.15,22,BID
2020-10-30 10:49:07,INTC,44.16,20,ASK
2020-10-30 10:49:13,INTC,44.14,17,BID
2020-10-30 10:49:13,INTC,44.15,40,ASK
2020-10-30 10:49:00,INTC,44.13,27,BID
2020-10-30 10:49:13,INTC,44.15,60,ASK
2020-10-30 10:48:59,INTC,44.12,32,BID
2020-10-30 10:49:15,INTC,44.13,6,ASK
2020-10-30 10:49:16,INTC,44.12,24,BID
2020-10-30 10:49:16,INTC,44.13,25,ASK
2020-10-30 10:49:17,INTC,44.12,35,BID
2020-10-30 10:49:16,INTC,44.13,21,ASK
2020-10-30 10:49:18,INTC,44.13,22,BID
2020-10-30 10:49:18,INTC,44.14,35,ASK
2020-10-30 10:49:19,INTC,44.13,37,BID
2020-10-30 10:49:19,INTC,44.14,21,ASK
2020-10-30 10:49:20,INTC,44.13,29,BID
2020-10-30 10:49:20,INTC,44.14,18,ASK
2020-10-30 10:49:21,INTC,44.13,26,BID
2020-10-30 10:49:20,INTC,44.14,17,ASK
2020-10-30 10:49:22,INTC,44.13,44,BID
2020-10-30 10:49:20,INTC,44.14,15,ASK
2020-10-30 10:49:17,INTC,44.12,44,BID
2020-10-30 10:49:23,INTC,44.13,53,ASK
2020-10-30 10:49:26,INTC,44.14,15,BID
2020-10-30 10:49:13,INTC,44.15,38,ASK
2020-10-30 10:49:27,INTC,44.14,20,BID
2020-10-30 10:49:13,INTC,44.15,41,ASK
2020-10-30 10:49:27,INTC,44.14,22,BID
2020-10-30 10:49:13,INTC,44.15,37,ASK
2020-10-30 10:49:27,INTC,44.14,28,BID
2020-10-30 10:49:13,INTC,44.15,34,ASK
2020-10-30 10:49:27,INTC,44.14,28,BID
2020-10-30 10:49:13,INTC,44.15,35,ASK
2020-10-30 10:49:27,INTC,44.14,28,BID
2020-10-30 10:49:13,INTC,44.15,35,ASK
2020-10-30 10:49:27,INTC,44.14,27,BID
2020-10-30 10:49:13,INTC,44.15,35,ASK
2020-10-30 10:49:32,INTC,44.14,27,BID
2020-10-30 10:49:32,INTC,44.15,36,ASK
2020-10-30 10:49:32,INTC,44.14,27,BID
2020-10-30 10:49:32,INTC,44.15,36,ASK
2020-10-30 10:49:32,INTC,44.14,27,BID
2020-10-30 10:49:32,INTC,44.15,36,ASK
2020-10-30 10:49:32,INTC,44.14,27,BID
2020-10-30 10:49:32,INTC,44.15,36,ASK
2020-10-30 10:49:32,INTC,44.14,28,BID
2020-10-30 10:49:32,INTC,44.15,36,ASK
2020-10-30 10:49:32,INTC,44.14,28,BID
2020-10-30 10:49:32,INTC,44.15,34,ASK
2020-10-30 10:49:32,INTC,44.14,29,BID
2020-10-30 10:49:32,INTC,44.15,34,ASK
2020-10-30 10:49:32,INTC,44.14,29,BID
2020-10-30 10:49:32,INTC,44.15,34,ASK
2020-10-30 10:49:32,INTC,44.14,30,BID
2020-10-30 10:49:32,INTC,44.15,35,ASK
2020-10-30 10:49:40,INTC,44.13,13,BID
2020-10-30 10:49:40,INTC,44.14,73,ASK
2020-10-30 10:49:42,INTC,44.13,6,BID
2020-10-30 10:49:40,INTC,44.14,78,ASK
2020-10-30 10:49:43,INTC,44.13,36,BID
2020-10-30 10:49:43,INTC,44.14,49,ASK
2020-10-30 10:49:46,INTC,44.13,38,BID
2020-10-30 10:49:43,INTC,44.14,49,ASK
2020-10-30 10:49:47,INTC,44.13,33,BID
2020-10-30 10:49:43,INTC,44.14,53,ASK
2020-10-30 10:49:49,INTC,44.14,20,BID
2020-10-30 10:49:49,INTC,44.14,53,ASK
2020-10-30 10:49:47,INTC,44.13,45,BID
2020-10-30 10:49:32,INTC,44.15,40,ASK
2020-10-30 10:49:47,INTC,44.13,44,BID
2020-10-30 10:49:51,INTC,44.14,11,ASK
2020-10-30 10:49:52,INTC,44.14,35,BID
2020-10-30 10:49:32,INTC,44.15,39,ASK
2020-10-30 10:49:53,INTC,44.14,32,BID
2020-10-30 10:49:32,INTC,44.15,48,ASK
2020-10-30 10:49:54,INTC,44.14,17,BID
2020-10-30 10:49:32,INTC,44.15,44,ASK
2020-10-30 10:49:56,INTC,44.14,15,BID
2020-10-30 10:49:32,INTC,44.15,53,ASK
2020-10-30 10:49:47,INTC,44.13,39,BID
2020-10-30 10:49:58,INTC,44.14,35,ASK
2020-10-30 10:49:47,INTC,44.13,36,BID
2020-10-30 10:49:58,INTC,44.14,37,ASK
2020-10-30 10:49:47,INTC,44.13,47,BID
2020-10-30 10:50:00,INTC,44.14,50,ASK
2020-10-30 10:50:01,INTC,44.14,16,BID
2020-10-30 10:49:32,INTC,44.15,38,ASK
2020-10-30 10:50:01,INTC,44.14,32,BID
2020-10-30 10:49:32,INTC,44.15,26,ASK
2020-10-30 10:50:01,INTC,44.14,28,BID
2020-10-30 10:49:32,INTC,44.15,34,ASK
2020-10-30 10:50:01,INTC,44.14,28,BID
2020-10-30 10:49:32,INTC,44.15,37,ASK
2020-10-30 10:49:47,INTC,44.13,44,BID
2020-10-30 10:50:04,INTC,44.14,31,ASK
2020-10-30 10:49:47,INTC,44.13,40,BID
2020-10-30 10:50:04,INTC,44.14,43,ASK
2020-10-30 10:50:05,INTC,44.14,11,BID
2020-10-30 10:49:32,INTC,44.15,36,ASK
2020-10-30 10:49:47,INTC,44.13,39,BID
2020-10-30 10:50:07,INTC,44.14,19,ASK
2020-10-30 10:49:47,INTC,44.13,39,BID
2020-10-30 10:50:07,INTC,44.14,10,ASK
2020-10-30 10:49:47,INTC,44.13,39,BID
2020-10-30 10:50:08,INTC,44.14,14,ASK
2020-10-30 10:50:08,INTC,44.14,18,BID
2020-10-30 10:49:32,INTC,44.15,34,ASK
2020-10-30 10:50:09,INTC,44.14,41,BID
2020-10-30 10:49:32,INTC,44.15,26,ASK
2020-10-30 10:50:10,INTC,44.14,38,BID
2020-10-30 10:49:32,INTC,44.15,28,ASK
2020-10-30 10:50:12,INTC,44.14,36,BID
2020-10-30 10:49:32,INTC,44.15,32,ASK
2020-10-30 10:50:12,INTC,44.14,42,BID
2020-10-30 10:49:32,INTC,44.15,26,ASK
2020-10-30 10:50:14,INTC,44.14,57,BID
2020-10-30 10:49:32,INTC,44.15,26,ASK
2020-10-30 10:50:14,INTC,44.15,58,BID
2020-10-30 10:50:14,INTC,44.16,36,ASK
2020-10-30 10:50:14,INTC,44.15,48,BID
2020-10-30 10:50:16,INTC,44.16,14,ASK
2020-10-30 10:49:47,INTC,44.13,41,BID
2020-10-30 10:50:16,INTC,44.14,20,ASK
2020-10-30 10:50:17,INTC,44.13,16,BID
2020-10-30 10:50:17,INTC,44.14,30,ASK
2020-10-30 10:50:18,INTC,44.13,22,BID
2020-10-30 10:50:19,INTC,44.14,20,ASK
2020-10-30 10:50:18,INTC,44.13,19,BID
2020-10-30 10:50:21,INTC,44.14,25,ASK
2020-10-30 10:50:22,INTC,44.13,36,BID
2020-10-30 10:50:21,INTC,44.14,25,ASK
2020-10-30 10:50:23,INTC,44.13,51,BID
2020-10-30 10:50:23,INTC,44.14,22,ASK
2020-10-30 10:50:23,INTC,44.13,48,BID
2020-10-30 10:50:24,INTC,44.14,22,ASK
2020-10-30 10:50:23,INTC,44.13,35,BID
2020-10-30 10:50:24,INTC,44.14,41,ASK
2020-10-30 10:49:32,INTC,44.11,40,BID
2020-10-30 10:50:27,INTC,44.12,9,ASK
2020-10-30 10:49:32,INTC,44.11,41,BID
2020-10-30 10:50:28,INTC,44.12,24,ASK
2020-10-30 10:50:29,INTC,44.12,12,BID
2020-10-30 10:50:29,INTC,44.13,112,ASK
2020-10-30 10:50:31,INTC,44.12,11,BID
2020-10-30 10:50:31,INTC,44.13,112,ASK
2020-10-30 10:50:33,INTC,44.12,14,BID
2020-10-30 10:50:33,INTC,44.13,110,ASK
2020-10-30 10:50:33,INTC,44.13,37,BID
2020-10-30 10:50:33,INTC,44.14,55,ASK
2020-10-30 10:50:34,INTC,44.13,40,BID
2020-10-30 10:50:34,INTC,44.14,39,ASK
2020-10-30 10:50:35,INTC,44.13,43,BID
2020-10-30 10:50:35,INTC,44.14,18,ASK
2020-10-30 10:50:36,INTC,44.13,33,BID
2020-10-30 10:50:36,INTC,44.14,29,ASK
2020-10-30 10:50:36,INTC,44.13,41,BID
2020-10-30 10:50:36,INTC,44.14,29,ASK
2020-10-30 10:50:38,INTC,44.13,27,BID
2020-10-30 10:50:36,INTC,44.14,33,ASK
2020-10-30 10:50:36,INTC,44.13,24,BID
2020-10-30 10:50:36,INTC,44.14,40,ASK
2020-10-30 10:50:41,INTC,44.13,35,BID
2020-10-30 10:50:40,INTC,44.14,55,ASK
2020-10-30 10:50:42,INTC,44.13,44,BID
2020-10-30 10:50:40,INTC,44.14,44,ASK
2020-10-30 10:50:44,INTC,44.13,49,BID
