timestamp,ticker,price,volume,bid_ask
2020-10-30 10:31:21,JNJ,136.28,3,BID
2020-10-30 10:31:25,JNJ,136.34,5,ASK
2020-10-30 10:31:21,JNJ,136.28,3,BID
2020-10-30 10:31:25,JNJ,136.34,5,ASK
2020-10-30 10:31:29,JNJ,136.28,2,BID
2020-10-30 10:31:29,JNJ,136.34,6,ASK
2020-10-30 10:31:30,JNJ,136.28,4,BID
2020-10-30 10:31:29,JNJ,136.34,5,ASK
2020-10-30 10:31:30,JNJ,136.28,4,BID
2020-10-30 10:31:29,JNJ,136.34,5,ASK
2020-10-30 10:31:32,JNJ,136.28,6,BID
2020-10-30 10:31:29,JNJ,136.34,5,ASK
2020-10-30 10:31:32,JNJ,136.27,2,BID
2020-10-30 10:31:32,JNJ,136.33,3,ASK
2020-10-30 10:31:32,JNJ,136.27,2,BID
2020-10-30 10:31:32,JNJ,136.33,3,ASK
2020-10-30 10:31:34,JNJ,136.27,4,BID
2020-10-30 10:31:34,JNJ,136.33,3,ASK
2020-10-30 10:31:35,JNJ,136.27,4,BID
2020-10-30 10:31:35,JNJ,136.33,4,ASK
2020-10-30 10:31:36,JNJ,136.27,6,BID
2020-10-30 10:31:36,JNJ,136.33,4,ASK
2020-10-30 10:31:36,JNJ,136.27,6,BID
2020-10-30 10:31:38,JNJ,136.33,4,ASK
2020-10-30 10:31:36,JNJ,136.27,6,BID
2020-10-30 10:31:38,JNJ,136.33,4,ASK
2020-10-30 10:31:36,JNJ,136.27,6,BID
2020-10-30 10:31:38,JNJ,136.33,4,ASK
2020-10-30 10:31:36,JNJ,136.27,6,BID
2020-10-30 10:31:38,JNJ,136.33,4,ASK
2020-10-30 10:31:36,JNJ,136.27,6,BID
2020-10-30 10:31:38,JNJ,136.33,4,ASK
2020-10-30 10:31:42,JNJ,136.27,6,BID
2020-10-30 10:31:42,JNJ,136.33,6,ASK
2020-10-30 10:31:42,JNJ,136.27,6,BID
2020-10-30 10:31:43,JNJ,136.33,7,ASK
2020-10-30 10:31:45,JNJ,136.27,9,BID
2020-10-30 10:31:43,JNJ,136.33,7,ASK
2020-10-30 10:31:45,JNJ,136.27,9,BID
2020-10-30 10:31:43,JNJ,136.33,7,ASK
2020-10-30 10:31:46,JNJ,136.27,11,BID
2020-10-30 10:31:43,JNJ,136.33,7,ASK
2020-10-30 10:31:46,JNJ,136.27,10,BID
2020-10-30 10:31:43,JNJ,136.33,7,ASK
2020-10-30 10:31:48,JNJ,136.26,3,BID
2020-10-30 10:31:48,JNJ,136.29,3,ASK
2020-10-30 10:31:48,JNJ,136.26,3,BID
2020-10-30 10:31:48,JNJ,136.29,3,ASK
2020-10-30 10:31:50,JNJ,136.26,4,BID
2020-10-30 10:31:48,JNJ,136.29,3,ASK
2020-10-30 10:31:50,JNJ,136.26,4,BID
2020-10-30 10:31:51,JNJ,136.29,3,ASK
2020-10-30 10:31:50,JNJ,136.26,4,BID
2020-10-30 10:31:53,JNJ,136.31,2,ASK
2020-10-30 10:31:50,JNJ,136.26,6,BID
2020-10-30 10:31:53,JNJ,136.32,1,ASK
2020-10-30 10:31:50,JNJ,136.26,6,BID
2020-10-30 10:31:54,JNJ,136.32,1,ASK
2020-10-30 10:31:56,JNJ,136.27,2,BID
2020-10-30 10:31:56,JNJ,136.32,3,ASK
2020-10-30 10:31:56,JNJ,136.27,4,BID
2020-10-30 10:31:56,JNJ,136.32,6,ASK
2020-10-30 10:31:56,JNJ,136.27,4,BID
2020-10-30 10:31:56,JNJ,136.32,6,ASK
2020-10-30 10:31:56,JNJ,136.27,4,BID
2020-10-30 10:31:56,JNJ,136.32,6,ASK
2020-10-30 10:31:50,JNJ,136.26,5,BID
2020-10-30 10:32:00,JNJ,136.31,3,ASK
2020-10-30 10:32:00,JNJ,136.22,9,BID
2020-10-30 10:32:00,JNJ,136.26,2,ASK
2020-10-30 10:32:00,JNJ,136.22,9,BID
2020-10-30 10:32:00,JNJ,136.26,3,ASK
2020-10-30 10:32:00,JNJ,136.22,9,BID
2020-10-30 10:32:01,JNJ,136.26,5,ASK
2020-10-30 10:32:01,JNJ,136.22,9,BID
2020-10-30 10:32:01,JNJ,136.26,6,ASK
2020-10-30 10:32:01,JNJ,136.18,8,BID
2020-10-30 10:32:01,JNJ,136.24,2,ASK
2020-10-30 10:32:02,JNJ,136.2,3,BID
2020-10-30 10:32:02,JNJ,136.26,6,ASK
2020-10-30 10:32:01,JNJ,136.18,8,BID
2020-10-30 10:32:03,JNJ,136.24,3,ASK
2020-10-30 10:32:03,JNJ,136.17,3,BID
2020-10-30 10:32:03,JNJ,136.24,8,ASK
2020-10-30 10:32:04,JNJ,136.18,1,BID
2020-10-30 10:32:04,JNJ,136.24,7,ASK
2020-10-30 10:32:05,JNJ,136.23,1,BID
2020-10-30 10:32:05,JNJ,136.24,1,ASK
2020-10-30 10:32:06,JNJ,136.23,2,BID
2020-10-30 10:32:06,JNJ,136.26,11,ASK
2020-10-30 10:32:08,JNJ,136.19,5,BID
2020-10-30 10:32:08,JNJ,136.24,2,ASK
2020-10-30 10:32:09,JNJ,136.18,11,BID
2020-10-30 10:32:09,JNJ,136.25,3,ASK
2020-10-30 10:32:09,JNJ,136.18,12,BID
2020-10-30 10:32:09,JNJ,136.24,4,ASK
2020-10-30 10:32:09,JNJ,136.18,12,BID
2020-10-30 10:32:09,JNJ,136.24,4,ASK
2020-10-30 10:32:09,JNJ,136.18,12,BID
2020-10-30 10:32:11,JNJ,136.24,6,ASK
2020-10-30 10:32:09,JNJ,136.18,12,BID
2020-10-30 10:32:11,JNJ,136.24,6,ASK
2020-10-30 10:32:09,JNJ,136.18,14,BID
2020-10-30 10:32:06,JNJ,136.26,12,ASK
2020-10-30 10:32:09,JNJ,136.18,14,BID
2020-10-30 10:32:06,JNJ,136.26,12,ASK
2020-10-30 10:32:09,JNJ,136.18,15,BID
2020-10-30 10:32:16,JNJ,136.24,1,ASK
2020-10-30 10:32:17,JNJ,136.18,13,BID
2020-10-30 10:32:17,JNJ,136.26,2,ASK
2020-10-30 10:32:17,JNJ,136.18,11,BID
2020-10-30 10:32:19,JNJ,136.23,1,ASK
2020-10-30 10:30:10,JNJ,136.11,3,BID
2020-10-30 10:32:19,JNJ,136.17,5,ASK
2020-10-30 10:32:20,JNJ,136.1,6,BID
2020-10-30 10:32:20,JNJ,136.15,5,ASK
2020-10-30 10:32:20,JNJ,136.1,6,BID
2020-10-30 10:32:20,JNJ,136.15,5,ASK
2020-10-30 10:32:20,JNJ,136.1,6,BID
2020-10-30 10:32:20,JNJ,136.15,5,ASK
2020-10-30 10:32:21,JNJ,136.11,1,BID
2020-10-30 10:32:20,JNJ,136.15,5,ASK
2020-10-30 10:32:21,JNJ,136.11,5,BID
2020-10-30 10:32:21,JNJ,136.18,4,ASK
2020-10-30 10:32:23,JNJ,136.1,7,BID
2020-10-30 10:32:23,JNJ,136.18,7,ASK
2020-10-30 10:32:23,JNJ,136.1,7,BID
2020-10-30 10:32:23,JNJ,136.18,7,ASK
2020-10-30 10:32:23,JNJ,136.11,1,BID
2020-10-30 10:32:23,JNJ,136.18,7,ASK
2020-10-30 10:32:24,JNJ,136.07,5,BID
2020-10-30 10:32:24,JNJ,136.12,1,ASK
2020-10-30 10:32:24,JNJ,136.04,11,BID
2020-10-30 10:32:24,JNJ,136.1,4,ASK
2020-10-30 10:32:25,JNJ,136.02,6,BID
2020-10-30 10:32:25,JNJ,136.08,2,ASK
2020-10-30 10:32:25,JNJ,136.02,7,BID
2020-10-30 10:32:25,JNJ,136.07,3,ASK
2020-10-30 10:32:25,JNJ,136.02,2,BID
2020-10-30 10:32:25,JNJ,136.07,4,ASK
2020-10-30 10:32:26,JNJ,136.01,6,BID
2020-10-30 10:32:26,JNJ,136.06,1,ASK
2020-10-30 10:32:26,JNJ,136.0,154,BID
2020-10-30 10:32:26,JNJ,136.03,2,ASK
2020-10-30 10:32:27,JNJ,136.0,100,BID
2020-10-30 10:32:27,JNJ,136.02,3,ASK
2020-10-30 10:32:27,JNJ,135.98,9,BID
2020-10-30 10:32:27,JNJ,136.01,1,ASK
2020-10-30 10:32:27,JNJ,135.95,6,BID
2020-10-30 10:32:27,JNJ,136.02,3,ASK
2020-10-30 10:32:28,JNJ,136.0,4,BID
2020-10-30 10:32:28,JNJ,136.04,3,ASK
2020-10-30 10:32:28,JNJ,136.02,3,BID
2020-10-30 10:32:28,JNJ,136.08,3,ASK
2020-10-30 10:32:31,JNJ,136.02,4,BID
2020-10-30 10:32:31,JNJ,136.08,4,ASK
2020-10-30 10:32:31,JNJ,136.02,4,BID
2020-10-30 10:32:31,JNJ,136.09,2,ASK
2020-10-30 10:32:31,JNJ,136.03,4,BID
2020-10-30 10:32:31,JNJ,136.1,6,ASK
2020-10-30 10:32:31,JNJ,136.03,4,BID
2020-10-30 10:32:31,JNJ,136.1,6,ASK
2020-10-30 10:32:32,JNJ,136.06,5,BID
2020-10-30 10:32:32,JNJ,136.1,8,ASK
2020-10-30 10:32:33,JNJ,136.03,4,BID
2020-10-30 10:32:33,JNJ,136.11,6,ASK
2020-10-30 10:32:34,JNJ,136.02,7,BID
2020-10-30 10:32:34,JNJ,136.07,2,ASK
2020-10-30 10:32:35,JNJ,136.02,10,BID
2020-10-30 10:32:36,JNJ,136.07,3,ASK
2020-10-30 10:32:36,JNJ,136.01,6,BID
2020-10-30 10:32:36,JNJ,136.07,3,ASK
2020-10-30 10:32:37,JNJ,135.98,6,BID
2020-10-30 10:32:37,JNJ,136.07,14,ASK
2020-10-30 10:32:38,JNJ,135.98,2,BID
2020-10-30 10:32:38,JNJ,136.03,2,ASK
2020-10-30 10:32:38,JNJ,135.98,2,BID
2020-10-30 10:32:38,JNJ,136.03,2,ASK
2020-10-30 10:32:39,JNJ,135.95,6,BID
2020-10-30 10:32:39,JNJ,136.02,1,ASK
2020-10-30 10:32:40,JNJ,135.95,6,BID
2020-10-30 10:32:40,JNJ,136.02,3,ASK
2020-10-30 10:32:42,JNJ,135.95,6,BID
2020-10-30 10:32:42,JNJ,136.01,3,ASK
2020-10-30 10:32:43,JNJ,135.98,4,BID
2020-10-30 10:32:42,JNJ,136.03,4,ASK
2020-10-30 10:32:43,JNJ,135.98,5,BID
2020-10-30 10:32:43,JNJ,136.05,2,ASK
2020-10-30 10:32:44,JNJ,135.98,4,BID
2020-10-30 10:32:44,JNJ,136.04,1,ASK
2020-10-30 10:32:44,JNJ,135.98,4,BID
2020-10-30 10:32:45,JNJ,136.04,1,ASK
2020-10-30 10:32:46,JNJ,136.01,1,BID
2020-10-30 10:32:46,JNJ,136.06,4,ASK
2020-10-30 10:32:46,JNJ,136.01,3,BID
2020-10-30 10:32:46,JNJ,136.06,6,ASK
2020-10-30 10:32:48,JNJ,136.02,1,BID
2020-10-30 10:32:48,JNJ,136.06,6,ASK
2020-10-30 10:32:48,JNJ,136.02,5,BID
2020-10-30 10:32:37,JNJ,136.07,9,ASK
2020-10-30 10:32:50,JNJ,136.02,4,BID
2020-10-30 10:32:37,JNJ,136.07,9,ASK
2020-10-30 10:32:52,JNJ,136.02,4,BID
2020-10-30 10:32:37,JNJ,136.07,9,ASK
2020-10-30 10:32:52,JNJ,136.02,4,BID
2020-10-30 10:32:37,JNJ,136.07,9,ASK
2020-10-30 10:32:56,JNJ,135.98,9,BID
2020-10-30 10:32:56,JNJ,136.03,2,ASK
2020-10-30 10:32:56,JNJ,135.98,9,BID
2020-10-30 10:32:57,JNJ,136.03,2,ASK
2020-10-30 10:32:57,JNJ,135.99,1,BID
2020-10-30 10:32:56,JNJ,136.04,5,ASK
2020-10-30 10:32:58,JNJ,135.98,14,BID
2020-10-30 10:32:58,JNJ,136.06,5,ASK
2020-10-30 10:32:58,JNJ,136.0,3,BID
2020-10-30 10:32:58,JNJ,136.06,6,ASK
2020-10-30 10:32:59,JNJ,136.0,8,BID
2020-10-30 10:32:58,JNJ,136.06,6,ASK
2020-10-30 10:33:00,JNJ,136.0,7,BID
2020-10-30 10:32:58,JNJ,136.06,6,ASK
2020-10-30 10:33:01,JNJ,136.05,1,BID
2020-10-30 10:33:01,JNJ,136.1,3,ASK
2020-10-30 10:33:02,JNJ,136.06,5,BID
2020-10-30 10:33:02,JNJ,136.1,1,ASK
2020-10-30 10:33:02,JNJ,136.07,5,BID
2020-10-30 10:33:02,JNJ,136.14,6,ASK
2020-10-30 10:33:03,JNJ,136.07,8,BID
2020-10-30 10:33:03,JNJ,136.14,7,ASK
2020-10-30 10:33:03,JNJ,136.07,8,BID
2020-10-30 10:33:04,JNJ,136.13,2,ASK
2020-10-30 10:33:05,JNJ,136.09,5,BID
2020-10-30 10:33:05,JNJ,136.14,8,ASK
2020-10-30 10:33:07,JNJ,136.09,10,BID
2020-10-30 10:33:07,JNJ,136.14,10,ASK
2020-10-30 10:33:07,JNJ,136.07,11,BID
2020-10-30 10:33:07,JNJ,136.12,2,ASK
2020-10-30 10:33:08,JNJ,136.07,7,BID
2020-10-30 10:33:08,JNJ,136.12,2,ASK
2020-10-30 10:33:09,JNJ,136.04,4,BID
2020-10-30 10:33:09,JNJ,136.09,3,ASK
2020-10-30 10:33:09,JNJ,136.04,6,BID
2020-10-30 10:33:10,JNJ,136.1,3,ASK
2020-10-30 10:33:11,JNJ,136.02,7,BID
2020-10-30 10:33:11,JNJ,136.09,7,ASK
2020-10-30 10:33:11,JNJ,136.02,7,BID
2020-10-30 10:33:11,JNJ,136.09,7,ASK
2020-10-30 10:33:13,JNJ,136.02,7,BID
2020-10-30 10:33:14,JNJ,136.08,3,ASK
2020-10-30 10:33:14,JNJ,136.02,8,BID
2020-10-30 10:33:14,JNJ,136.08,3,ASK
2020-10-30 10:33:14,JNJ,136.02,8,BID
2020-10-30 10:33:14,JNJ,136.08,3,ASK
2020-10-30 10:33:14,JNJ,136.02,8,BID
2020-10-30 10:33:14,JNJ,136.08,3,ASK
2020-10-30 10:33:17,JNJ,136.02,7,BID
2020-10-30 10:33:17,JNJ,136.08,5,ASK
2020-10-30 10:33:17,JNJ,136.02,7,BID
2020-10-30 10:33:17,JNJ,136.08,5,ASK
2020-10-30 10:33:17,JNJ,136.02,7,BID
2020-10-30 10:33:17,JNJ,136.08,5,ASK
2020-10-30 10:33:20,JNJ,136.02,9,BID
2020-10-30 10:33:21,JNJ,136.08,3,ASK
2020-10-30 10:33:21,JNJ,136.02,14,BID
2020-10-30 10:33:21,JNJ,136.09,4,ASK
2020-10-30 10:33:23,JNJ,136.02,13,BID
2020-10-30 10:33:22,JNJ,136.09,7,ASK
2020-10-30 10:33:24,JNJ,136.07,3,BID
2020-10-30 10:33:24,JNJ,136.13,5,ASK
2020-10-30 10:33:25,JNJ,136.07,7,BID
2020-10-30 10:33:25,JNJ,136.13,3,ASK
2020-10-30 10:33:26,JNJ,136.06,8,BID
2020-10-30 10:33:26,JNJ,136.12,3,ASK
2020-10-30 10:33:28,JNJ,136.08,2,BID
2020-10-30 10:33:28,JNJ,136.15,7,ASK
2020-10-30 10:33:30,JNJ,136.07,11,BID
2020-10-30 10:33:30,JNJ,136.15,7,ASK
2020-10-30 10:33:30,JNJ,136.07,12,BID
2020-10-30 10:33:30,JNJ,136.15,9,ASK
2020-10-30 10:33:32,JNJ,136.07,15,BID
2020-10-30 10:33:32,JNJ,136.15,9,ASK
2020-10-30 10:33:33,JNJ,136.12,2,BID
2020-10-30 10:32:21,JNJ,136.18,9,ASK
2020-10-30 10:33:33,JNJ,136.12,2,BID
2020-10-30 10:32:21,JNJ,136.18,8,ASK
2020-10-30 10:33:34,JNJ,136.13,2,BID
2020-10-30 10:32:21,JNJ,136.18,8,ASK
2020-10-30 10:33:34,JNJ,136.13,2,BID
2020-10-30 10:32:21,JNJ,136.18,8,ASK
2020-10-30 10:33:35,JNJ,136.12,3,BID
2020-10-30 10:32:21,JNJ,136.18,8,ASK
2020-10-30 10:33:37,JNJ,136.13,3,BID
2020-10-30 10:32:21,JNJ,136.18,8,ASK
2020-10-30 10:33:37,JNJ,136.12,6,BID
2020-10-30 10:33:37,JNJ,136.15,3,ASK
2020-10-30 10:33:37,JNJ,136.12,6,BID
2020-10-30 10:33:37,JNJ,136.15,5,ASK
2020-10-30 10:33:38,JNJ,136.12,6,BID
2020-10-30 10:33:37,JNJ,136.15,4,ASK
2020-10-30 10:33:40,JNJ,136.13,2,BID
2020-10-30 10:33:40,JNJ,136.17,1,ASK
2020-10-30 10:33:41,JNJ,136.13,4,BID
2020-10-30 10:33:41,JNJ,136.17,1,ASK
2020-10-30 10:33:42,JNJ,136.12,7,BID
2020-10-30 10:33:42,JNJ,136.17,3,ASK
2020-10-30 10:33:44,JNJ,136.12,7,BID
2020-10-30 10:33:44,JNJ,136.16,1,ASK
2020-10-30 10:33:44,JNJ,136.08,2,BID
2020-10-30 10:33:44,JNJ,136.14,2,ASK
2020-10-30 10:33:45,JNJ,136.09,2,BID
2020-10-30 10:33:45,JNJ,136.14,4,ASK
2020-10-30 10:33:46,JNJ,136.13,4,BID
2020-10-30 10:33:46,JNJ,136.15,1,ASK
2020-10-30 10:33:46,JNJ,136.13,6,BID
2020-10-30 10:33:40,JNJ,136.18,8,ASK
2020-10-30 10:33:47,JNJ,136.13,6,BID
2020-10-30 10:33:40,JNJ,136.18,8,ASK
2020-10-30 10:33:47,JNJ,136.13,6,BID
2020-10-30 10:33:40,JNJ,136.18,8,ASK
2020-10-30 10:33:49,JNJ,136.15,2,BID
2020-10-30 10:33:49,JNJ,136.19,4,ASK
2020-10-30 10:33:49,JNJ,136.15,5,BID
2020-10-30 10:33:49,JNJ,136.19,4,ASK
2020-10-30 10:33:50,JNJ,136.15,6,BID
2020-10-30 10:33:49,JNJ,136.19,4,ASK
2020-10-30 10:33:51,JNJ,136.15,8,BID
2020-10-30 10:33:49,JNJ,136.19,5,ASK
2020-10-30 10:33:51,JNJ,136.15,9,BID
2020-10-30 10:33:49,JNJ,136.19,6,ASK
2020-10-30 10:33:51,JNJ,136.15,9,BID
2020-10-30 10:33:54,JNJ,136.2,3,ASK
2020-10-30 10:33:51,JNJ,136.15,9,BID
2020-10-30 10:33:56,JNJ,136.2,3,ASK
2020-10-30 10:33:51,JNJ,136.15,11,BID
2020-10-30 10:33:57,JNJ,136.21,4,ASK
2020-10-30 10:33:51,JNJ,136.15,11,BID
2020-10-30 10:33:57,JNJ,136.21,4,ASK
2020-10-30 10:33:51,JNJ,136.15,11,BID
2020-10-30 10:34:00,JNJ,136.21,4,ASK
2020-10-30 10:34:00,JNJ,136.18,4,BID
2020-10-30 10:34:00,JNJ,136.21,5,ASK
2020-10-30 10:34:01,JNJ,136.16,2,BID
2020-10-30 10:34:01,JNJ,136.19,6,ASK
2020-10-30 10:33:51,JNJ,136.15,7,BID
2020-10-30 10:34:02,JNJ,136.18,3,ASK
2020-10-30 10:33:51,JNJ,136.15,7,BID
2020-10-30 10:34:02,JNJ,136.18,3,ASK
2020-10-30 10:33:48,JNJ,136.13,10,BID
2020-10-30 10:34:03,JNJ,136.17,3,ASK
2020-10-30 10:33:48,JNJ,136.13,11,BID
2020-10-30 10:34:04,JNJ,136.17,4,ASK
2020-10-30 10:33:48,JNJ,136.13,11,BID
2020-10-30 10:34:05,JNJ,136.16,2,ASK
2020-10-30 10:33:48,JNJ,136.13,11,BID
2020-10-30 10:34:06,JNJ,136.17,4,ASK
2020-10-30 10:33:48,JNJ,136.13,9,BID
2020-10-30 10:34:07,JNJ,136.19,10,ASK
2020-10-30 10:33:48,JNJ,136.13,9,BID
2020-10-30 10:34:08,JNJ,136.16,3,ASK
2020-10-30 10:33:48,JNJ,136.13,9,BID
2020-10-30 10:34:08,JNJ,136.16,3,ASK
2020-10-30 10:34:09,JNJ,136.08,2,BID
2020-10-30 10:34:09,JNJ,136.13,3,ASK
2020-10-30 10:34:10,JNJ,136.09,1,BID
2020-10-30 10:34:10,JNJ,136.13,2,ASK
2020-10-30 10:34:10,JNJ,136.08,5,BID
2020-10-30 10:34:10,JNJ,136.13,4,ASK
2020-10-30 10:34:10,JNJ,136.09,1,BID
2020-10-30 10:34:10,JNJ,136.14,5,ASK
2020-10-30 10:34:11,JNJ,136.09,1,BID
2020-10-30 10:34:10,JNJ,136.14,5,ASK
2020-10-30 10:34:13,JNJ,136.08,4,BID
2020-10-30 10:34:13,JNJ,136.12,1,ASK
2020-10-30 10:34:14,JNJ,136.08,4,BID
2020-10-30 10:34:13,JNJ,136.11,4,ASK
2020-10-30 10:34:14,JNJ,136.08,4,BID
2020-10-30 10:34:14,JNJ,136.13,6,ASK
2020-10-30 10:34:14,JNJ,136.1,7,BID
2020-10-30 10:34:14,JNJ,136.14,1,ASK
2020-10-30 10:34:15,JNJ,136.09,6,BID
2020-10-30 10:34:15,JNJ,136.13,1,ASK
2020-10-30 10:34:15,JNJ,136.08,7,BID
2020-10-30 10:34:15,JNJ,136.12,1,ASK
2020-10-30 10:34:18,JNJ,136.08,9,BID
2020-10-30 10:34:18,JNJ,136.12,1,ASK
2020-10-30 10:34:19,JNJ,136.08,10,BID
2020-10-30 10:34:19,JNJ,136.12,1,ASK
2020-10-30 10:34:19,JNJ,136.08,10,BID
2020-10-30 10:34:19,JNJ,136.12,1,ASK
2020-10-30 10:34:19,JNJ,136.08,10,BID
2020-10-30 10:34:19,JNJ,136.12,1,ASK
2020-10-30 10:34:23,JNJ,136.09,8,BID
2020-10-30 10:34:23,JNJ,136.13,3,ASK
2020-10-30 10:34:23,JNJ,136.09,8,BID
2020-10-30 10:34:23,JNJ,136.13,3,ASK
2020-10-30 10:34:24,JNJ,136.11,2,BID
2020-10-30 10:34:24,JNJ,136.17,4,ASK
2020-10-30 10:34:25,JNJ,136.11,4,BID
2020-10-30 10:34:24,JNJ,136.17,4,ASK
2020-10-30 10:34:26,JNJ,136.11,4,BID
2020-10-30 10:34:26,JNJ,136.18,6,ASK
2020-10-30 10:34:26,JNJ,136.11,4,BID
2020-10-30 10:34:26,JNJ,136.18,6,ASK
2020-10-30 10:34:24,JNJ,136.1,4,BID
2020-10-30 10:34:26,JNJ,136.18,8,ASK
2020-10-30 10:34:24,JNJ,136.1,5,BID
2020-10-30 10:34:26,JNJ,136.18,6,ASK
2020-10-30 10:34:32,JNJ,136.11,3,BID
2020-10-30 10:34:26,JNJ,136.18,5,ASK
2020-10-30 10:34:33,JNJ,136.13,3,BID
2020-10-30 10:34:26,JNJ,136.18,4,ASK
2020-10-30 10:34:35,JNJ,136.13,2,BID
2020-10-30 10:34:34,JNJ,136.18,8,ASK
2020-10-30 10:34:36,JNJ,136.13,2,BID
2020-10-30 10:34:34,JNJ,136.18,8,ASK
2020-10-30 10:34:36,JNJ,136.13,2,BID
2020-10-30 10:34:34,JNJ,136.18,8,ASK
2020-10-30 10:34:38,JNJ,136.13,5,BID
2020-10-30 10:34:34,JNJ,136.18,8,ASK
2020-10-30 10:34:38,JNJ,136.13,5,BID
2020-10-30 10:34:34,JNJ,136.18,8,ASK
2020-10-30 10:34:42,JNJ,136.13,7,BID
2020-10-30 10:34:34,JNJ,136.18,9,ASK
2020-10-30 10:34:42,JNJ,136.13,7,BID
2020-10-30 10:34:34,JNJ,136.18,9,ASK
2020-10-30 10:34:45,JNJ,136.15,2,BID
2020-10-30 10:34:34,JNJ,136.18,9,ASK
2020-10-30 10:34:46,JNJ,136.17,2,BID
2020-10-30 10:34:46,JNJ,136.22,3,ASK
2020-10-30 10:34:49,JNJ,136.2,3,BID
2020-10-30 10:34:48,JNJ,136.24,5,ASK
2020-10-30 10:34:50,JNJ,136.2,3,BID
2020-10-30 10:34:49,JNJ,136.24,5,ASK
2020-10-30 10:34:50,JNJ,136.22,3,BID
2020-10-30 10:34:50,JNJ,136.26,6,ASK
2020-10-30 10:34:50,JNJ,136.22,3,BID
2020-10-30 10:34:50,JNJ,136.26,6,ASK
2020-10-30 10:34:51,JNJ,136.22,3,BID
2020-10-30 10:34:51,JNJ,136.26,8,ASK
2020-10-30 10:34:52,JNJ,136.21,4,BID
2020-10-30 10:34:52,JNJ,136.26,11,ASK
2020-10-30 10:34:52,JNJ,136.21,4,BID
2020-10-30 10:34:52,JNJ,136.26,11,ASK
2020-10-30 10:34:52,JNJ,136.21,4,BID
2020-10-30 10:34:52,JNJ,136.26,11,ASK
2020-10-30 10:34:52,JNJ,136.21,4,BID
2020-10-30 10:34:52,JNJ,136.26,11,ASK
2020-10-30 10:34:52,JNJ,136.21,4,BID
2020-10-30 10:34:52,JNJ,136.26,11,ASK
2020-10-30 10:34:53,JNJ,136.19,3,BID
2020-10-30 10:34:53,JNJ,136.22,1,ASK
2020-10-30 10:34:53,JNJ,136.19,3,BID
2020-10-30 10:34:53,JNJ,136.23,3,ASK
2020-10-30 10:34:53,JNJ,136.16,6,BID
2020-10-30 10:34:53,JNJ,136.22,3,ASK
2020-10-30 10:34:53,JNJ,136.15,4,BID
2020-10-30 10:34:53,JNJ,136.21,5,ASK
2020-10-30 10:34:55,JNJ,136.13,1,BID
2020-10-30 10:34:55,JNJ,136.18,7,ASK
2020-10-30 10:34:57,JNJ,136.13,1,BID
2020-10-30 10:34:57,JNJ,136.21,5,ASK
2020-10-30 10:35:00,JNJ,136.13,5,BID
2020-10-30 10:34:59,JNJ,136.21,5,ASK
2020-10-30 10:35:00,JNJ,136.13,5,BID
2020-10-30 10:34:59,JNJ,136.21,5,ASK
2020-10-30 10:35:00,JNJ,136.13,5,BID
2020-10-30 10:34:59,JNJ,136.21,5,ASK
2020-10-30 10:35:00,JNJ,136.13,5,BID
2020-10-30 10:34:59,JNJ,136.21,5,ASK
2020-10-30 10:35:00,JNJ,136.13,5,BID
2020-10-30 10:34:59,JNJ,136.21,5,ASK
2020-10-30 10:35:00,JNJ,136.13,5,BID
2020-10-30 10:34:59,JNJ,136.21,5,ASK
2020-10-30 10:35:05,JNJ,136.12,10,BID
2020-10-30 10:35:05,JNJ,136.17,1,ASK
2020-10-30 10:35:05,JNJ,136.11,7,BID
2020-10-30 10:35:05,JNJ,136.13,4,ASK
2020-10-30 10:35:05,JNJ,136.11,7,BID
2020-10-30 10:35:05,JNJ,136.13,4,ASK
2020-10-30 10:35:05,JNJ,136.11,7,BID
2020-10-30 10:35:05,JNJ,136.13,4,ASK
2020-10-30 10:35:05,JNJ,136.11,7,BID
2020-10-30 10:35:05,JNJ,136.13,4,ASK
2020-10-30 10:35:05,JNJ,136.11,7,BID
2020-10-30 10:35:05,JNJ,136.13,4,ASK
2020-10-30 10:35:05,JNJ,136.11,7,BID
2020-10-30 10:35:05,JNJ,136.13,4,ASK
2020-10-30 10:35:05,JNJ,136.11,7,BID
2020-10-30 10:35:05,JNJ,136.13,4,ASK
2020-10-30 10:35:05,JNJ,136.11,7,BID
2020-10-30 10:35:05,JNJ,136.13,4,ASK
2020-10-30 10:34:32,JNJ,136.11,7,BID
2020-10-30 10:35:05,JNJ,136.13,4,ASK
2020-10-30 10:34:23,JNJ,136.09,8,BID
2020-10-30 10:35:05,JNJ,136.13,4,ASK
2020-10-30 10:35:07,JNJ,136.1,4,BID
2020-10-30 10:35:08,JNJ,136.13,5,ASK
2020-10-30 10:35:08,JNJ,136.1,5,BID
2020-10-30 10:35:08,JNJ,136.16,5,ASK
2020-10-30 10:35:08,JNJ,136.1,5,BID
2020-10-30 10:35:08,JNJ,136.16,5,ASK
2020-10-30 10:35:08,JNJ,136.1,5,BID
2020-10-30 10:35:08,JNJ,136.16,5,ASK
2020-10-30 10:35:08,JNJ,136.1,5,BID
2020-10-30 10:35:08,JNJ,136.16,5,ASK
2020-10-30 10:35:09,JNJ,136.1,2,BID
2020-10-30 10:35:09,JNJ,136.16,5,ASK
2020-10-30 10:35:10,JNJ,136.1,2,BID
2020-10-30 10:35:10,JNJ,136.16,6,ASK
2020-10-30 10:35:12,JNJ,136.11,6,BID
2020-10-30 10:35:12,JNJ,136.18,6,ASK
2020-10-30 10:35:17,JNJ,136.17,4,BID
2020-10-30 10:35:17,JNJ,136.22,3,ASK
2020-10-30 10:35:20,JNJ,136.12,5,BID
2020-10-30 10:35:19,JNJ,136.2,9,ASK
2020-10-30 10:35:20,JNJ,136.12,5,BID
2020-10-30 10:35:20,JNJ,136.16,1,ASK
2020-10-30 10:35:20,JNJ,136.12,5,BID
2020-10-30 10:35:20,JNJ,136.18,4,ASK
2020-10-30 10:35:20,JNJ,136.12,5,BID
2020-10-30 10:35:20,JNJ,136.18,5,ASK
2020-10-30 10:35:20,JNJ,136.12,5,BID
2020-10-30 10:35:20,JNJ,136.18,5,ASK
2020-10-30 10:35:20,JNJ,136.12,5,BID
2020-10-30 10:35:21,JNJ,136.15,1,ASK
2020-10-30 10:34:10,JNJ,136.08,8,BID
2020-10-30 10:35:21,JNJ,136.13,1,ASK
2020-10-30 10:34:10,JNJ,136.08,8,BID
2020-10-30 10:35:22,JNJ,136.13,4,ASK
2020-10-30 10:34:10,JNJ,136.08,8,BID
2020-10-30 10:35:22,JNJ,136.13,7,ASK
2020-10-30 10:35:22,JNJ,136.09,3,BID
2020-10-30 10:35:22,JNJ,136.15,8,ASK
2020-10-30 10:35:23,JNJ,136.09,3,BID
2020-10-30 10:35:23,JNJ,136.15,8,ASK
2020-10-30 10:35:23,JNJ,136.09,3,BID
2020-10-30 10:35:23,JNJ,136.15,8,ASK
2020-10-30 10:35:24,JNJ,136.09,4,BID
2020-10-30 10:35:24,JNJ,136.15,8,ASK
2020-10-30 10:34:10,JNJ,136.08,7,BID
2020-10-30 10:35:24,JNJ,136.15,8,ASK
2020-10-30 10:34:10,JNJ,136.08,7,BID
2020-10-30 10:35:24,JNJ,136.15,8,ASK
2020-10-30 10:34:10,JNJ,136.08,7,BID
2020-10-30 10:35:24,JNJ,136.15,8,ASK
2020-10-30 10:34:10,JNJ,136.08,7,BID
2020-10-30 10:35:27,JNJ,136.13,6,ASK
2020-10-30 10:35:28,JNJ,136.05,3,BID
2020-10-30 10:35:28,JNJ,136.09,2,ASK
2020-10-30 10:35:28,JNJ,136.05,3,BID
2020-10-30 10:35:28,JNJ,136.09,2,ASK
2020-10-30 10:35:28,JNJ,136.05,3,BID
2020-10-30 10:35:28,JNJ,136.09,2,ASK
2020-10-30 10:35:30,JNJ,136.05,3,BID
2020-10-30 10:35:30,JNJ,136.09,3,ASK
2020-10-30 10:35:30,JNJ,136.0,13,BID
2020-10-30 10:35:30,JNJ,136.04,4,ASK
2020-10-30 10:35:31,JNJ,136.0,13,BID
2020-10-30 10:35:31,JNJ,136.04,5,ASK
2020-10-30 10:35:32,JNJ,136.01,2,BID
2020-10-30 10:35:32,JNJ,136.06,2,ASK
2020-10-30 10:35:32,JNJ,136.03,2,BID
2020-10-30 10:35:32,JNJ,136.09,4,ASK
2020-10-30 10:35:32,JNJ,136.03,2,BID
2020-10-30 10:35:32,JNJ,136.09,4,ASK
2020-10-30 10:35:32,JNJ,136.03,2,BID
2020-10-30 10:35:32,JNJ,136.09,4,ASK
2020-10-30 10:35:34,JNJ,136.04,3,BID
2020-10-30 10:35:34,JNJ,136.1,4,ASK
2020-10-30 10:35:35,JNJ,136.04,4,BID
2020-10-30 10:35:35,JNJ,136.1,4,ASK
2020-10-30 10:35:36,JNJ,136.04,6,BID
2020-10-30 10:35:37,JNJ,136.11,2,ASK
2020-10-30 10:35:38,JNJ,136.07,2,BID
2020-10-30 10:35:38,JNJ,136.13,11,ASK
2020-10-30 10:35:40,JNJ,136.07,4,BID
2020-10-30 10:35:38,JNJ,136.13,11,ASK
2020-10-30 10:35:40,JNJ,136.07,4,BID
2020-10-30 10:35:38,JNJ,136.13,11,ASK
2020-10-30 10:35:42,JNJ,136.09,2,BID
2020-10-30 10:35:38,JNJ,136.13,10,ASK
2020-10-30 10:35:43,JNJ,136.09,6,BID
2020-10-30 10:35:43,JNJ,136.15,3,ASK
2020-10-30 10:35:43,JNJ,136.09,6,BID
2020-10-30 10:35:44,JNJ,136.16,4,ASK
2020-10-30 10:35:44,JNJ,136.16,3,BID
2020-10-30 10:35:44,JNJ,136.2,1,ASK
2020-10-30 10:35:44,JNJ,136.16,3,BID
2020-10-30 10:35:44,JNJ,136.2,1,ASK
2020-10-30 10:35:45,JNJ,136.16,5,BID
2020-10-30 10:35:45,JNJ,136.21,4,ASK
2020-10-30 10:35:45,JNJ,136.16,5,BID
2020-10-30 10:35:45,JNJ,136.22,2,ASK
2020-10-30 10:35:45,JNJ,136.16,5,BID
2020-10-30 10:35:45,JNJ,136.22,2,ASK
2020-10-30 10:35:46,JNJ,136.11,3,BID
2020-10-30 10:35:46,JNJ,136.18,10,ASK
2020-10-30 10:35:48,JNJ,136.11,3,BID
2020-10-30 10:35:46,JNJ,136.18,9,ASK
2020-10-30 10:35:49,JNJ,136.11,3,BID
2020-10-30 10:35:46,JNJ,136.18,9,ASK
2020-10-30 10:35:51,JNJ,136.15,3,BID
2020-10-30 10:35:51,JNJ,136.22,3,ASK
2020-10-30 10:35:51,JNJ,136.12,3,BID
2020-10-30 10:35:51,JNJ,136.2,6,ASK
2020-10-30 10:35:52,JNJ,136.12,3,BID
2020-10-30 10:35:52,JNJ,136.18,1,ASK
2020-10-30 10:35:53,JNJ,136.11,2,BID
2020-10-30 10:35:53,JNJ,136.18,5,ASK
2020-10-30 10:35:54,JNJ,136.11,5,BID
2020-10-30 10:35:54,JNJ,136.19,3,ASK
2020-10-30 10:35:54,JNJ,136.11,5,BID
2020-10-30 10:35:54,JNJ,136.19,3,ASK
2020-10-30 10:35:56,JNJ,136.11,8,BID
2020-10-30 10:35:56,JNJ,136.21,5,ASK
2020-10-30 10:35:57,JNJ,136.11,8,BID
2020-10-30 10:35:57,JNJ,136.21,5,ASK
2020-10-30 10:35:57,JNJ,136.11,8,BID
2020-10-30 10:35:57,JNJ,136.21,5,ASK
2020-10-30 10:35:57,JNJ,136.11,8,BID
2020-10-30 10:35:57,JNJ,136.21,5,ASK
2020-10-30 10:35:57,JNJ,136.11,8,BID
2020-10-30 10:35:57,JNJ,136.21,5,ASK
2020-10-30 10:35:57,JNJ,136.11,8,BID
2020-10-30 10:35:57,JNJ,136.21,5,ASK
2020-10-30 10:35:57,JNJ,136.11,15,BID
2020-10-30 10:35:58,JNJ,136.21,5,ASK
2020-10-30 10:36:01,JNJ,136.13,5,BID
2020-10-30 10:36:01,JNJ,136.2,1,ASK
2020-10-30 10:36:02,JNJ,136.13,6,BID
2020-10-30 10:36:02,JNJ,136.2,4,ASK
2020-10-30 10:36:02,JNJ,136.13,5,BID
2020-10-30 10:36:02,JNJ,136.2,5,ASK
2020-10-30 10:36:02,JNJ,136.13,5,BID
2020-10-30 10:36:04,JNJ,136.19,1,ASK
2020-10-30 10:36:02,JNJ,136.13,5,BID
2020-10-30 10:36:04,JNJ,136.2,6,ASK
2020-10-30 10:36:02,JNJ,136.13,6,BID
2020-10-30 10:36:05,JNJ,136.2,8,ASK
2020-10-30 10:36:02,JNJ,136.13,7,BID
2020-10-30 10:36:05,JNJ,136.2,8,ASK
2020-10-30 10:36:02,JNJ,136.13,7,BID
2020-10-30 10:36:07,JNJ,136.2,6,ASK
2020-10-30 10:36:02,JNJ,136.13,7,BID
2020-10-30 10:36:07,JNJ,136.2,6,ASK
2020-10-30 10:36:11,JNJ,136.13,9,BID
2020-10-30 10:36:11,JNJ,136.2,7,ASK
2020-10-30 10:36:11,JNJ,136.13,8,BID
2020-10-30 10:36:11,JNJ,136.2,7,ASK
2020-10-30 10:36:14,JNJ,136.12,2,BID
2020-10-30 10:36:14,JNJ,136.2,12,ASK
2020-10-30 10:36:14,JNJ,136.11,10,BID
2020-10-30 10:36:14,JNJ,136.16,3,ASK
2020-10-30 10:36:15,JNJ,136.09,6,BID
2020-10-30 10:36:15,JNJ,136.13,1,ASK
2020-10-30 10:36:15,JNJ,136.09,7,BID
2020-10-30 10:36:15,JNJ,136.14,2,ASK
2020-10-30 10:36:15,JNJ,136.09,7,BID
2020-10-30 10:36:16,JNJ,136.14,3,ASK
2020-10-30 10:36:15,JNJ,136.09,7,BID
2020-10-30 10:36:17,JNJ,136.13,2,ASK
2020-10-30 10:36:15,JNJ,136.09,7,BID
2020-10-30 10:36:17,JNJ,136.13,3,ASK
2020-10-30 10:36:19,JNJ,136.09,8,BID
2020-10-30 10:36:19,JNJ,136.13,5,ASK
2020-10-30 10:36:20,JNJ,136.04,11,BID
2020-10-30 10:36:20,JNJ,136.11,4,ASK
2020-10-30 10:36:20,JNJ,136.04,11,BID
2020-10-30 10:36:21,JNJ,136.11,5,ASK
2020-10-30 10:36:20,JNJ,136.04,11,BID
2020-10-30 10:36:21,JNJ,136.11,5,ASK
2020-10-30 10:36:20,JNJ,136.04,9,BID
2020-10-30 10:36:21,JNJ,136.11,7,ASK
2020-10-30 10:36:22,JNJ,136.03,6,BID
2020-10-30 10:36:22,JNJ,136.11,11,ASK
2020-10-30 10:36:22,JNJ,136.03,6,BID
2020-10-30 10:36:22,JNJ,136.11,11,ASK
2020-10-30 10:36:22,JNJ,136.03,6,BID
2020-10-30 10:36:22,JNJ,136.11,11,ASK
2020-10-30 10:36:24,JNJ,136.04,3,BID
2020-10-30 10:36:24,JNJ,136.11,10,ASK
2020-10-30 10:36:25,JNJ,136.04,9,BID
2020-10-30 10:36:25,JNJ,136.11,8,ASK
2020-10-30 10:36:26,JNJ,136.06,1,BID
2020-10-30 10:36:26,JNJ,136.11,10,ASK
2020-10-30 10:36:26,JNJ,136.06,1,BID
2020-10-30 10:36:26,JNJ,136.11,10,ASK
2020-10-30 10:36:28,JNJ,136.06,1,BID
2020-10-30 10:36:26,JNJ,136.11,10,ASK
2020-10-30 10:36:28,JNJ,136.06,1,BID
2020-10-30 10:36:26,JNJ,136.11,10,ASK
2020-10-30 10:36:30,JNJ,136.06,1,BID
2020-10-30 10:36:26,JNJ,136.11,10,ASK
2020-10-30 10:36:31,JNJ,136.06,2,BID
2020-10-30 10:36:26,JNJ,136.11,10,ASK
2020-10-30 10:36:25,JNJ,136.04,8,BID
2020-10-30 10:36:31,JNJ,136.09,2,ASK
2020-10-30 10:36:22,JNJ,136.03,6,BID
2020-10-30 10:36:31,JNJ,136.08,3,ASK
2020-10-30 10:36:32,JNJ,136.04,1,BID
2020-10-30 10:36:32,JNJ,136.08,6,ASK
2020-10-30 10:36:32,JNJ,136.04,1,BID
2020-10-30 10:36:32,JNJ,136.08,6,ASK
2020-10-30 10:36:32,JNJ,136.04,1,BID
2020-10-30 10:36:32,JNJ,136.08,6,ASK
2020-10-30 10:36:35,JNJ,136.04,4,BID
2020-10-30 10:36:35,JNJ,136.08,6,ASK
2020-10-30 10:36:35,JNJ,136.04,5,BID
2020-10-30 10:36:37,JNJ,136.1,2,ASK
2020-10-30 10:36:35,JNJ,136.04,6,BID
2020-10-30 10:36:37,JNJ,136.11,11,ASK
2020-10-30 10:36:35,JNJ,136.04,6,BID
2020-10-30 10:36:39,JNJ,136.11,12,ASK
2020-10-30 10:36:35,JNJ,136.04,6,BID
2020-10-30 10:36:39,JNJ,136.1,3,ASK
2020-10-30 10:36:35,JNJ,136.04,6,BID
2020-10-30 10:36:39,JNJ,136.1,3,ASK
2020-10-30 10:36:43,JNJ,136.05,2,BID
2020-10-30 10:36:43,JNJ,136.11,2,ASK
2020-10-30 10:36:43,JNJ,136.05,4,BID
2020-10-30 10:36:43,JNJ,136.1,3,ASK
2020-10-30 10:36:44,JNJ,136.05,5,BID
2020-10-30 10:36:44,JNJ,136.1,3,ASK
2020-10-30 10:36:44,JNJ,136.05,5,BID
2020-10-30 10:36:44,JNJ,136.1,3,ASK
2020-10-30 10:36:35,JNJ,136.04,3,BID
2020-10-30 10:36:46,JNJ,136.07,3,ASK
2020-10-30 10:36:46,JNJ,136.03,3,BID
2020-10-30 10:36:46,JNJ,136.08,2,ASK
2020-10-30 10:36:46,JNJ,136.03,3,BID
2020-10-30 10:36:46,JNJ,136.08,2,ASK
2020-10-30 10:36:47,JNJ,136.03,3,BID
2020-10-30 10:36:47,JNJ,136.07,1,ASK
2020-10-30 10:32:58,JNJ,136.0,17,BID
2020-10-30 10:36:48,JNJ,136.06,4,ASK
2020-10-30 10:32:58,JNJ,136.0,17,BID
2020-10-30 10:36:49,JNJ,136.04,2,ASK
2020-10-30 10:36:50,JNJ,136.01,4,BID
2020-10-30 10:36:50,JNJ,136.05,1,ASK
2020-10-30 10:36:51,JNJ,136.02,3,BID
2020-10-30 10:36:51,JNJ,136.06,6,ASK
2020-10-30 10:36:52,JNJ,136.02,3,BID
2020-10-30 10:36:51,JNJ,136.06,6,ASK
2020-10-30 10:36:52,JNJ,136.02,3,BID
2020-10-30 10:36:51,JNJ,136.06,6,ASK
2020-10-30 10:36:54,JNJ,136.03,2,BID
2020-10-30 10:36:54,JNJ,136.07,2,ASK
2020-10-30 10:36:54,JNJ,136.03,2,BID
2020-10-30 10:36:54,JNJ,136.07,1,ASK
2020-10-30 10:36:55,JNJ,136.05,2,BID
2020-10-30 10:36:55,JNJ,136.08,4,ASK
2020-10-30 10:36:55,JNJ,136.05,6,BID
2020-10-30 10:36:55,JNJ,136.11,5,ASK
2020-10-30 10:36:55,JNJ,136.05,4,BID
2020-10-30 10:36:55,JNJ,136.11,6,ASK
2020-10-30 10:36:56,JNJ,136.05,4,BID
2020-10-30 10:36:56,JNJ,136.1,3,ASK
2020-10-30 10:36:56,JNJ,136.05,6,BID
2020-10-30 10:36:55,JNJ,136.11,6,ASK
2020-10-30 10:36:56,JNJ,136.05,6,BID
2020-10-30 10:36:55,JNJ,136.11,6,ASK
2020-10-30 10:37:00,JNJ,136.06,1,BID
2020-10-30 10:37:00,JNJ,136.1,3,ASK
2020-10-30 10:37:01,JNJ,136.07,3,BID
2020-10-30 10:37:01,JNJ,136.13,6,ASK
2020-10-30 10:37:01,JNJ,136.07,6,BID
2020-10-30 10:37:01,JNJ,136.13,9,ASK
2020-10-30 10:37:02,JNJ,136.07,6,BID
2020-10-30 10:37:01,JNJ,136.13,9,ASK
2020-10-30 10:37:02,JNJ,136.07,6,BID
2020-10-30 10:37:01,JNJ,136.13,9,ASK
2020-10-30 10:37:03,JNJ,136.07,7,BID
2020-10-30 10:37:01,JNJ,136.13,9,ASK
2020-10-30 10:37:05,JNJ,136.08,4,BID
2020-10-30 10:37:01,JNJ,136.13,9,ASK
2020-10-30 10:37:05,JNJ,136.08,5,BID
2020-10-30 10:37:05,JNJ,136.13,10,ASK
2020-10-30 10:37:06,JNJ,136.08,5,BID
2020-10-30 10:37:05,JNJ,136.13,10,ASK
2020-10-30 10:37:06,JNJ,136.08,5,BID
2020-10-30 10:37:07,JNJ,136.13,10,ASK
2020-10-30 10:37:06,JNJ,136.08,5,BID
2020-10-30 10:37:07,JNJ,136.13,10,ASK
2020-10-30 10:37:06,JNJ,136.08,5,BID
2020-10-30 10:37:07,JNJ,136.13,10,ASK
2020-10-30 10:37:06,JNJ,136.08,7,BID
2020-10-30 10:37:10,JNJ,136.13,2,ASK
2020-10-30 10:37:10,JNJ,136.09,2,BID
2020-10-30 10:37:11,JNJ,136.13,2,ASK
2020-10-30 10:37:12,JNJ,136.09,2,BID
2020-10-30 10:37:12,JNJ,136.12,3,ASK
2020-10-30 10:37:12,JNJ,136.09,2,BID
2020-10-30 10:37:12,JNJ,136.12,3,ASK
2020-10-30 10:37:13,JNJ,136.08,6,BID
2020-10-30 10:37:14,JNJ,136.11,2,ASK
2020-10-30 10:37:13,JNJ,136.08,6,BID
2020-10-30 10:37:14,JNJ,136.11,2,ASK
2020-10-30 10:37:13,JNJ,136.08,6,BID
2020-10-30 10:37:15,JNJ,136.12,4,ASK
2020-10-30 10:37:13,JNJ,136.08,7,BID
2020-10-30 10:37:16,JNJ,136.12,2,ASK
2020-10-30 10:37:13,JNJ,136.08,7,BID
2020-10-30 10:37:16,JNJ,136.12,2,ASK
2020-10-30 10:37:13,JNJ,136.08,7,BID
2020-10-30 10:37:16,JNJ,136.12,2,ASK
2020-10-30 10:37:20,JNJ,136.09,1,BID
2020-10-30 10:37:20,JNJ,136.12,2,ASK
2020-10-30 10:37:21,JNJ,136.07,5,BID
2020-10-30 10:37:21,JNJ,136.1,3,ASK
2020-10-30 10:37:22,JNJ,136.07,6,BID
2020-10-30 10:37:22,JNJ,136.1,3,ASK
2020-10-30 10:37:22,JNJ,136.07,8,BID
2020-10-30 10:37:22,JNJ,136.13,4,ASK
2020-10-30 10:37:23,JNJ,136.09,3,BID
2020-10-30 10:37:23,JNJ,136.14,2,ASK
2020-10-30 10:37:23,JNJ,136.1,4,BID
2020-10-30 10:37:23,JNJ,136.14,2,ASK
2020-10-30 10:37:25,JNJ,136.11,1,BID
2020-10-30 10:37:25,JNJ,136.15,3,ASK
2020-10-30 10:37:25,JNJ,136.11,2,BID
2020-10-30 10:37:25,JNJ,136.14,2,ASK
2020-10-30 10:37:26,JNJ,136.1,7,BID
2020-10-30 10:37:26,JNJ,136.14,6,ASK
2020-10-30 10:37:27,JNJ,136.1,7,BID
2020-10-30 10:37:27,JNJ,136.14,6,ASK
2020-10-30 10:37:27,JNJ,136.1,7,BID
2020-10-30 10:37:28,JNJ,136.14,5,ASK
2020-10-30 10:37:30,JNJ,136.1,8,BID
2020-10-30 10:37:29,JNJ,136.18,8,ASK
2020-10-30 10:37:30,JNJ,136.1,8,BID
2020-10-30 10:37:29,JNJ,136.18,8,ASK
2020-10-30 10:37:30,JNJ,136.1,8,BID
2020-10-30 10:37:31,JNJ,136.18,8,ASK
2020-10-30 10:37:31,JNJ,136.1,11,BID
2020-10-30 10:37:31,JNJ,136.18,7,ASK
2020-10-30 10:37:31,JNJ,136.1,11,BID
2020-10-30 10:37:31,JNJ,136.18,7,ASK
2020-10-30 10:37:33,JNJ,136.1,11,BID
2020-10-30 10:37:31,JNJ,136.18,6,ASK
2020-10-30 10:37:34,JNJ,136.13,2,BID
2020-10-30 10:37:34,JNJ,136.18,7,ASK
2020-10-30 10:37:34,JNJ,136.13,2,BID
2020-10-30 10:37:34,JNJ,136.18,7,ASK
2020-10-30 10:37:34,JNJ,136.13,2,BID
2020-10-30 10:37:34,JNJ,136.18,7,ASK
2020-10-30 10:37:36,JNJ,136.14,3,BID
2020-10-30 10:37:36,JNJ,136.2,5,ASK
2020-10-30 10:37:37,JNJ,136.16,3,BID
2020-10-30 10:37:37,JNJ,136.21,3,ASK
2020-10-30 10:37:37,JNJ,136.16,3,BID
2020-10-30 10:37:37,JNJ,136.21,3,ASK
2020-10-30 10:37:38,JNJ,136.15,6,BID
2020-10-30 10:37:38,JNJ,136.21,1,ASK
2020-10-30 10:37:39,JNJ,136.17,3,BID
2020-10-30 10:37:39,JNJ,136.22,1,ASK
2020-10-30 10:37:40,JNJ,136.17,4,BID
2020-10-30 10:37:40,JNJ,136.22,5,ASK
2020-10-30 10:37:40,JNJ,136.17,5,BID
2020-10-30 10:37:40,JNJ,136.22,5,ASK
2020-10-30 10:37:40,JNJ,136.17,5,BID
2020-10-30 10:37:41,JNJ,136.24,8,ASK
2020-10-30 10:37:42,JNJ,136.18,2,BID
2020-10-30 10:37:42,JNJ,136.24,8,ASK
2020-10-30 10:37:43,JNJ,136.18,4,BID
2020-10-30 10:37:43,JNJ,136.22,4,ASK
2020-10-30 10:37:45,JNJ,136.16,1,BID
2020-10-30 10:37:45,JNJ,136.22,3,ASK
2020-10-30 10:37:45,JNJ,136.15,5,BID
2020-10-30 10:37:45,JNJ,136.21,3,ASK
2020-10-30 10:37:46,JNJ,136.15,8,BID
2020-10-30 10:37:46,JNJ,136.22,5,ASK
2020-10-30 10:37:46,JNJ,136.19,2,BID
2020-10-30 10:37:46,JNJ,136.24,9,ASK
2020-10-30 10:37:46,JNJ,136.18,4,BID
2020-10-30 10:37:47,JNJ,136.24,9,ASK
2020-10-30 10:37:47,JNJ,136.18,4,BID
2020-10-30 10:37:47,JNJ,136.24,9,ASK
2020-10-30 10:37:49,JNJ,136.18,6,BID
2020-10-30 10:37:48,JNJ,136.24,9,ASK
2020-10-30 10:37:49,JNJ,136.18,6,BID
2020-10-30 10:37:50,JNJ,136.24,11,ASK
2020-10-30 10:37:51,JNJ,136.18,7,BID
2020-10-30 10:37:51,JNJ,136.24,11,ASK
2020-10-30 10:37:52,JNJ,136.18,9,BID
2020-10-30 10:37:52,JNJ,136.24,10,ASK
2020-10-30 10:37:52,JNJ,136.19,2,BID
2020-10-30 10:37:52,JNJ,136.24,10,ASK
2020-10-30 10:37:53,JNJ,136.21,5,BID
2020-10-30 10:37:53,JNJ,136.25,7,ASK
2020-10-30 10:37:53,JNJ,136.21,9,BID
2020-10-30 10:37:53,JNJ,136.25,7,ASK
2020-10-30 10:37:53,JNJ,136.21,9,BID
2020-10-30 10:37:53,JNJ,136.25,7,ASK
2020-10-30 10:37:54,JNJ,136.23,8,BID
2020-10-30 10:32:00,JNJ,136.27,3,ASK
2020-10-30 10:37:54,JNJ,136.23,7,BID
2020-10-30 10:32:00,JNJ,136.27,3,ASK
2020-10-30 10:37:55,JNJ,136.24,4,BID
2020-10-30 10:37:55,JNJ,136.27,3,ASK
2020-10-30 10:37:55,JNJ,136.24,5,BID
2020-10-30 10:37:55,JNJ,136.27,3,ASK
2020-10-30 10:37:57,JNJ,136.24,6,BID
2020-10-30 10:37:57,JNJ,136.27,3,ASK
2020-10-30 10:37:58,JNJ,136.22,4,BID
2020-10-30 10:37:58,JNJ,136.27,3,ASK
2020-10-30 10:38:00,JNJ,136.22,4,BID
2020-10-30 10:38:00,JNJ,136.27,3,ASK
2020-10-30 10:38:00,JNJ,136.22,5,BID
2020-10-30 10:38:00,JNJ,136.27,4,ASK
2020-10-30 10:38:01,JNJ,136.22,6,BID
2020-10-30 10:38:01,JNJ,136.27,3,ASK
2020-10-30 10:38:01,JNJ,136.22,6,BID
2020-10-30 10:38:02,JNJ,136.26,3,ASK
2020-10-30 10:38:01,JNJ,136.22,6,BID
2020-10-30 10:38:02,JNJ,136.27,3,ASK
2020-10-30 10:38:01,JNJ,136.22,6,BID
2020-10-30 10:38:03,JNJ,136.26,2,ASK
2020-10-30 10:38:01,JNJ,136.22,6,BID
2020-10-30 10:38:04,JNJ,136.27,3,ASK
2020-10-30 10:38:05,JNJ,136.22,6,BID
2020-10-30 10:38:05,JNJ,136.27,3,ASK
2020-10-30 10:38:06,JNJ,136.22,7,BID
2020-10-30 10:38:06,JNJ,136.27,3,ASK
2020-10-30 10:37:52,JNJ,136.18,8,BID
2020-10-30 10:38:06,JNJ,136.22,2,ASK
2020-10-30 10:38:07,JNJ,136.16,1,BID
2020-10-30 10:38:07,JNJ,136.19,3,ASK
2020-10-30 10:38:08,JNJ,136.15,8,BID
2020-10-30 10:38:08,JNJ,136.19,2,ASK
2020-10-30 10:38:08,JNJ,136.15,8,BID
2020-10-30 10:38:08,JNJ,136.19,2,ASK
2020-10-30 10:38:10,JNJ,136.15,7,BID
2020-10-30 10:38:11,JNJ,136.2,4,ASK
2020-10-30 10:38:10,JNJ,136.15,7,BID
2020-10-30 10:38:12,JNJ,136.19,2,ASK
2020-10-30 10:38:10,JNJ,136.15,7,BID
2020-10-30 10:38:12,JNJ,136.19,2,ASK
2020-10-30 10:38:13,JNJ,136.13,8,BID
2020-10-30 10:38:13,JNJ,136.18,1,ASK
2020-10-30 10:38:13,JNJ,136.13,7,BID
2020-10-30 10:38:13,JNJ,136.18,1,ASK
2020-10-30 10:38:14,JNJ,136.13,10,BID
2020-10-30 10:38:14,JNJ,136.18,1,ASK
2020-10-30 10:38:16,JNJ,136.14,2,BID
2020-10-30 10:38:15,JNJ,136.21,4,ASK
2020-10-30 10:38:17,JNJ,136.14,3,BID
2020-10-30 10:38:17,JNJ,136.22,7,ASK
2020-10-30 10:38:17,JNJ,136.14,2,BID
2020-10-30 10:38:17,JNJ,136.22,6,ASK
2020-10-30 10:38:18,JNJ,136.14,2,BID
2020-10-30 10:38:18,JNJ,136.22,7,ASK
2020-10-30 10:38:19,JNJ,136.14,2,BID
2020-10-30 10:38:19,JNJ,136.22,7,ASK
2020-10-30 10:38:19,JNJ,136.14,2,BID
2020-10-30 10:38:19,JNJ,136.22,7,ASK
2020-10-30 10:38:21,JNJ,136.15,3,BID
2020-10-30 10:38:21,JNJ,136.22,6,ASK
2020-10-30 10:38:23,JNJ,136.16,4,BID
2020-10-30 10:38:22,JNJ,136.22,5,ASK
2020-10-30 10:38:24,JNJ,136.2,3,BID
2020-10-30 10:38:24,JNJ,136.25,6,ASK
2020-10-30 10:38:25,JNJ,136.2,5,BID
2020-10-30 10:38:25,JNJ,136.25,6,ASK
2020-10-30 10:38:26,JNJ,136.19,7,BID
2020-10-30 10:38:26,JNJ,136.25,6,ASK
2020-10-30 10:38:26,JNJ,136.19,6,BID
2020-10-30 10:38:27,JNJ,136.25,6,ASK
2020-10-30 10:38:26,JNJ,136.19,6,BID
2020-10-30 10:38:27,JNJ,136.25,6,ASK
2020-10-30 10:38:26,JNJ,136.19,6,BID
2020-10-30 10:38:30,JNJ,136.25,6,ASK
2020-10-30 10:38:26,JNJ,136.19,6,BID
2020-10-30 10:38:30,JNJ,136.25,6,ASK
2020-10-30 10:38:26,JNJ,136.19,6,BID
2020-10-30 10:38:30,JNJ,136.25,6,ASK
2020-10-30 10:38:26,JNJ,136.19,6,BID
2020-10-30 10:38:30,JNJ,136.25,6,ASK
2020-10-30 10:38:35,JNJ,136.15,6,BID
2020-10-30 10:38:35,JNJ,136.21,4,ASK
2020-10-30 10:38:36,JNJ,136.09,6,BID
2020-10-30 10:38:36,JNJ,136.2,7,ASK
2020-10-30 10:38:37,JNJ,136.13,2,BID
2020-10-30 10:38:36,JNJ,136.2,7,ASK
2020-10-30 10:38:37,JNJ,136.13,2,BID
2020-10-30 10:38:36,JNJ,136.2,7,ASK
2020-10-30 10:38:37,JNJ,136.13,2,BID
2020-10-30 10:38:36,JNJ,136.2,6,ASK
2020-10-30 10:38:38,JNJ,136.13,7,BID
2020-10-30 10:38:38,JNJ,136.2,6,ASK
2020-10-30 10:38:40,JNJ,136.13,8,BID
2020-10-30 10:38:40,JNJ,136.23,2,ASK
2020-10-30 10:38:40,JNJ,136.13,8,BID
2020-10-30 10:38:40,JNJ,136.22,1,ASK
2020-10-30 10:38:41,JNJ,136.13,8,BID
2020-10-30 10:38:41,JNJ,136.21,1,ASK
2020-10-30 10:38:43,JNJ,136.13,8,BID
2020-10-30 10:38:43,JNJ,136.21,1,ASK
2020-10-30 10:38:43,JNJ,136.13,8,BID
2020-10-30 10:38:43,JNJ,136.21,1,ASK
2020-10-30 10:38:46,JNJ,136.17,3,BID
2020-10-30 10:38:46,JNJ,136.24,4,ASK
2020-10-30 10:38:46,JNJ,136.17,3,BID
2020-10-30 10:38:46,JNJ,136.24,4,ASK
2020-10-30 10:38:48,JNJ,136.17,5,BID
2020-10-30 10:38:48,JNJ,136.24,6,ASK
2020-10-30 10:38:48,JNJ,136.17,5,BID
2020-10-30 10:38:48,JNJ,136.24,6,ASK
2020-10-30 10:38:50,JNJ,136.18,3,BID
2020-10-30 10:38:50,JNJ,136.24,7,ASK
2020-10-30 10:38:50,JNJ,136.18,3,BID
2020-10-30 10:38:50,JNJ,136.24,8,ASK
2020-10-30 10:38:51,JNJ,136.22,2,BID
2020-10-30 10:38:51,JNJ,136.26,3,ASK
2020-10-30 10:38:51,JNJ,136.22,2,BID
2020-10-30 10:38:51,JNJ,136.27,3,ASK
2020-10-30 10:38:52,JNJ,136.22,2,BID
2020-10-30 10:38:52,JNJ,136.27,3,ASK
2020-10-30 10:38:53,JNJ,136.24,1,BID
2020-10-30 10:38:53,JNJ,136.27,3,ASK
2020-10-30 10:38:53,JNJ,136.24,3,BID
2020-10-30 10:38:53,JNJ,136.27,3,ASK
2020-10-30 10:38:54,JNJ,136.24,5,BID
2020-10-30 10:38:54,JNJ,136.27,3,ASK
2020-10-30 10:38:54,JNJ,136.25,1,BID
2020-10-30 10:38:54,JNJ,136.28,1,ASK
2020-10-30 10:38:56,JNJ,136.25,4,BID
2020-10-30 10:38:56,JNJ,136.28,2,ASK
2020-10-30 10:38:57,JNJ,136.26,5,BID
2020-10-30 10:38:57,JNJ,136.31,2,ASK
2020-10-30 10:38:59,JNJ,136.26,6,BID
2020-10-30 10:38:59,JNJ,136.3,3,ASK
2020-10-30 10:39:00,JNJ,136.22,3,BID
2020-10-30 10:39:00,JNJ,136.26,3,ASK
2020-10-30 10:39:00,JNJ,136.22,3,BID
2020-10-30 10:39:01,JNJ,136.26,6,ASK
2020-10-30 10:39:02,JNJ,136.22,7,BID
2020-10-30 10:39:02,JNJ,136.3,7,ASK
2020-10-30 10:39:02,JNJ,136.26,3,BID
2020-10-30 10:39:02,JNJ,136.31,4,ASK
2020-10-30 10:39:03,JNJ,136.26,4,BID
2020-10-30 10:39:03,JNJ,136.31,4,ASK
2020-10-30 10:39:03,JNJ,136.26,4,BID
2020-10-30 10:39:03,JNJ,136.31,4,ASK
2020-10-30 10:39:04,JNJ,136.26,6,BID
2020-10-30 10:39:04,JNJ,136.31,1,ASK
2020-10-30 10:39:04,JNJ,136.26,7,BID
2020-10-30 10:39:05,JNJ,136.3,2,ASK
2020-10-30 10:39:04,JNJ,136.26,7,BID
2020-10-30 10:39:06,JNJ,136.31,1,ASK
2020-10-30 10:39:07,JNJ,136.28,4,BID
2020-10-30 10:38:57,JNJ,136.33,9,ASK
2020-10-30 10:39:09,JNJ,136.28,6,BID
2020-10-30 10:39:09,JNJ,136.31,2,ASK
2020-10-30 10:39:04,JNJ,136.26,8,BID
2020-10-30 10:39:10,JNJ,136.3,1,ASK
2020-10-30 10:39:04,JNJ,136.26,8,BID
2020-10-30 10:39:10,JNJ,136.3,1,ASK
2020-10-30 10:39:10,JNJ,136.23,4,BID
2020-10-30 10:39:10,JNJ,136.29,6,ASK
2020-10-30 10:39:10,JNJ,136.24,3,BID
2020-10-30 10:39:10,JNJ,136.29,8,ASK
2020-10-30 10:39:13,JNJ,136.24,3,BID
2020-10-30 10:39:13,JNJ,136.28,3,ASK
2020-10-30 10:39:14,JNJ,136.24,4,BID
2020-10-30 10:39:14,JNJ,136.28,3,ASK
2020-10-30 10:39:15,JNJ,136.25,1,BID
2020-10-30 10:39:15,JNJ,136.28,7,ASK
2020-10-30 10:39:17,JNJ,136.25,3,BID
2020-10-30 10:39:17,JNJ,136.29,1,ASK
2020-10-30 10:39:20,JNJ,136.27,6,BID
2020-10-30 10:39:19,JNJ,136.31,4,ASK
2020-10-30 10:39:22,JNJ,136.27,6,BID
2020-10-30 10:39:22,JNJ,136.3,5,ASK
2020-10-30 10:39:24,JNJ,136.27,6,BID
2020-10-30 10:39:24,JNJ,136.3,5,ASK
2020-10-30 10:39:26,JNJ,136.27,6,BID
2020-10-30 10:39:26,JNJ,136.31,6,ASK
2020-10-30 10:39:26,JNJ,136.27,6,BID
2020-10-30 10:39:28,JNJ,136.3,3,ASK
2020-10-30 10:39:28,JNJ,136.27,3,BID
2020-10-30 10:39:28,JNJ,136.3,7,ASK
2020-10-30 10:39:29,JNJ,136.26,1,BID
2020-10-30 10:39:29,JNJ,136.3,6,ASK
2020-10-30 10:39:30,JNJ,136.27,3,BID
2020-10-30 10:39:30,JNJ,136.3,8,ASK
2020-10-30 10:39:32,JNJ,136.29,5,BID
2020-10-30 10:39:18,JNJ,136.33,15,ASK
2020-10-30 10:39:32,JNJ,136.29,7,BID
2020-10-30 10:39:18,JNJ,136.33,15,ASK
2020-10-30 10:39:32,JNJ,136.29,7,BID
2020-10-30 10:39:18,JNJ,136.33,15,ASK
2020-10-30 10:39:33,JNJ,136.29,10,BID
2020-10-30 10:39:33,JNJ,136.35,2,ASK
2020-10-30 10:39:36,JNJ,136.28,10,BID
2020-10-30 10:39:36,JNJ,136.31,7,ASK
2020-10-30 10:39:36,JNJ,136.28,10,BID
2020-10-30 10:39:37,JNJ,136.31,7,ASK
2020-10-30 10:39:38,JNJ,136.29,3,BID
2020-10-30 10:39:38,JNJ,136.32,2,ASK
2020-10-30 10:39:36,JNJ,136.28,12,BID
2020-10-30 10:39:39,JNJ,136.32,4,ASK
2020-10-30 10:39:41,JNJ,136.29,3,BID
2020-10-30 10:39:41,JNJ,136.35,10,ASK
2020-10-30 10:39:41,JNJ,136.29,3,BID
2020-10-30 10:39:41,JNJ,136.35,10,ASK
2020-10-30 10:39:41,JNJ,136.29,3,BID
2020-10-30 10:39:41,JNJ,136.35,9,ASK
2020-10-30 10:39:45,JNJ,136.29,5,BID
2020-10-30 10:39:45,JNJ,136.35,8,ASK
2020-10-30 10:39:45,JNJ,136.29,5,BID
2020-10-30 10:39:45,JNJ,136.35,8,ASK
2020-10-30 10:39:45,JNJ,136.29,5,BID
2020-10-30 10:39:45,JNJ,136.35,8,ASK
2020-10-30 10:39:47,JNJ,136.29,5,BID
2020-10-30 10:39:47,JNJ,136.35,8,ASK
2020-10-30 10:39:47,JNJ,136.29,5,BID
2020-10-30 10:39:47,JNJ,136.35,8,ASK
2020-10-30 10:39:48,JNJ,136.29,6,BID
2020-10-30 10:39:48,JNJ,136.35,8,ASK
2020-10-30 10:39:49,JNJ,136.13,3,BID
2020-10-30 10:39:49,JNJ,136.21,2,ASK
2020-10-30 10:39:51,JNJ,136.21,6,BID
2020-10-30 10:39:51,JNJ,136.26,4,ASK
2020-10-30 10:39:53,JNJ,136.22,8,BID
2020-10-30 10:39:53,JNJ,136.29,8,ASK
2020-10-30 10:39:56,JNJ,136.22,8,BID
2020-10-30 10:39:56,JNJ,136.32,5,ASK
2020-10-30 10:39:56,JNJ,136.22,8,BID
2020-10-30 10:39:56,JNJ,136.32,5,ASK
2020-10-30 10:39:58,JNJ,136.26,7,BID
2020-10-30 10:39:58,JNJ,136.33,1,ASK
2020-10-30 10:39:58,JNJ,136.26,7,BID
2020-10-30 10:39:58,JNJ,136.33,1,ASK
2020-10-30 10:40:00,JNJ,136.25,5,BID
2020-10-30 10:40:00,JNJ,136.33,5,ASK
2020-10-30 10:40:00,JNJ,136.25,5,BID
2020-10-30 10:40:00,JNJ,136.33,5,ASK
2020-10-30 10:40:00,JNJ,136.25,5,BID
2020-10-30 10:40:00,JNJ,136.33,5,ASK
2020-10-30 10:40:00,JNJ,136.25,5,BID
2020-10-30 10:40:00,JNJ,136.33,5,ASK
2020-10-30 10:40:00,JNJ,136.25,5,BID
2020-10-30 10:40:00,JNJ,136.33,5,ASK
2020-10-30 10:40:00,JNJ,136.25,5,BID
2020-10-30 10:40:00,JNJ,136.33,5,ASK
2020-10-30 10:40:00,JNJ,136.25,5,BID
2020-10-30 10:40:00,JNJ,136.33,5,ASK
2020-10-30 10:40:00,JNJ,136.25,5,BID
2020-10-30 10:40:00,JNJ,136.33,5,ASK
2020-10-30 10:40:01,JNJ,136.25,5,BID
2020-10-30 10:40:01,JNJ,136.32,6,ASK
2020-10-30 10:40:01,JNJ,136.25,4,BID
2020-10-30 10:40:01,JNJ,136.32,6,ASK
2020-10-30 10:40:02,JNJ,136.2,4,BID
2020-10-30 10:40:02,JNJ,136.28,12,ASK
2020-10-30 10:40:03,JNJ,136.12,2,BID
2020-10-30 10:40:03,JNJ,136.2,10,ASK
2020-10-30 10:40:03,JNJ,136.12,3,BID
2020-10-30 10:40:03,JNJ,136.16,1,ASK
2020-10-30 10:40:04,JNJ,136.13,2,BID
2020-10-30 10:40:04,JNJ,136.2,8,ASK
2020-10-30 10:40:06,JNJ,136.11,4,BID
2020-10-30 10:40:04,JNJ,136.2,8,ASK
2020-10-30 10:40:06,JNJ,136.11,4,BID
2020-10-30 10:40:04,JNJ,136.2,8,ASK
2020-10-30 10:40:09,JNJ,136.11,5,BID
2020-10-30 10:40:04,JNJ,136.2,9,ASK
2020-10-30 10:40:09,JNJ,136.11,5,BID
2020-10-30 10:40:04,JNJ,136.2,9,ASK
2020-10-30 10:40:09,JNJ,136.11,5,BID
2020-10-30 10:40:04,JNJ,136.2,9,ASK
2020-10-30 10:40:11,JNJ,136.11,5,BID
2020-10-30 10:40:04,JNJ,136.2,9,ASK
2020-10-30 10:40:11,JNJ,136.11,5,BID
2020-10-30 10:40:04,JNJ,136.2,9,ASK
2020-10-30 10:40:13,JNJ,136.08,2,BID
2020-10-30 10:40:13,JNJ,136.14,2,ASK
2020-10-30 10:40:13,JNJ,136.07,11,BID
2020-10-30 10:40:13,JNJ,136.14,2,ASK
2020-10-30 10:40:13,JNJ,136.05,8,BID
2020-10-30 10:40:13,JNJ,136.1,3,ASK
2020-10-30 10:40:14,JNJ,136.05,8,BID
2020-10-30 10:40:13,JNJ,136.1,3,ASK
2020-10-30 10:40:17,JNJ,136.08,3,BID
2020-10-30 10:40:17,JNJ,136.12,3,ASK
2020-10-30 10:40:17,JNJ,136.08,3,BID
2020-10-30 10:40:17,JNJ,136.12,3,ASK
2020-10-30 10:40:18,JNJ,136.08,6,BID
2020-10-30 10:40:18,JNJ,136.14,2,ASK
2020-10-30 10:40:18,JNJ,136.08,6,BID
2020-10-30 10:40:18,JNJ,136.15,4,ASK
2020-10-30 10:40:18,JNJ,136.08,6,BID
2020-10-30 10:40:18,JNJ,136.15,4,ASK
2020-10-30 10:40:18,JNJ,136.08,6,BID
2020-10-30 10:40:18,JNJ,136.15,4,ASK
2020-10-30 10:40:18,JNJ,136.08,6,BID
2020-10-30 10:40:18,JNJ,136.15,4,ASK
2020-10-30 10:40:18,JNJ,136.08,6,BID
2020-10-30 10:40:18,JNJ,136.15,4,ASK
2020-10-30 10:40:19,JNJ,136.08,6,BID
2020-10-30 10:40:19,JNJ,136.13,3,ASK
2020-10-30 10:40:19,JNJ,136.08,6,BID
2020-10-30 10:40:19,JNJ,136.13,3,ASK
2020-10-30 10:40:27,JNJ,136.1,3,BID
2020-10-30 10:40:27,JNJ,136.16,1,ASK
2020-10-30 10:40:30,JNJ,136.12,1,BID
2020-10-30 10:40:30,JNJ,136.15,2,ASK
2020-10-30 10:40:31,JNJ,136.08,7,BID
2020-10-30 10:40:31,JNJ,136.12,2,ASK
2020-10-30 10:40:32,JNJ,136.04,4,BID
2020-10-30 10:40:32,JNJ,136.09,2,ASK
2020-10-30 10:40:32,JNJ,136.02,8,BID
2020-10-30 10:40:32,JNJ,136.09,2,ASK
2020-10-30 10:40:33,JNJ,136.03,3,BID
2020-10-30 10:40:33,JNJ,136.1,4,ASK
2020-10-30 10:40:34,JNJ,136.03,4,BID
2020-10-30 10:40:34,JNJ,136.09,3,ASK
2020-10-30 10:40:34,JNJ,136.03,3,BID
2020-10-30 10:40:34,JNJ,136.09,3,ASK
2020-10-30 10:40:36,JNJ,136.06,2,BID
2020-10-30 10:40:36,JNJ,136.11,4,ASK
2020-10-30 10:40:37,JNJ,136.1,3,BID
2020-10-30 10:40:37,JNJ,136.16,3,ASK
2020-10-30 10:40:37,JNJ,136.1,6,BID
2020-10-30 10:40:38,JNJ,136.16,3,ASK
2020-10-30 10:40:37,JNJ,136.1,6,BID
2020-10-30 10:40:39,JNJ,136.16,4,ASK
2020-10-30 10:40:37,JNJ,136.1,7,BID
2020-10-30 10:40:40,JNJ,136.17,5,ASK
2020-10-30 10:40:37,JNJ,136.1,7,BID
2020-10-30 10:40:42,JNJ,136.16,2,ASK
2020-10-30 10:40:42,JNJ,136.12,1,BID
2020-10-30 10:40:42,JNJ,136.17,5,ASK
2020-10-30 10:40:45,JNJ,136.12,4,BID
2020-10-30 10:40:45,JNJ,136.17,4,ASK
2020-10-30 10:40:45,JNJ,136.12,4,BID
2020-10-30 10:40:45,JNJ,136.17,4,ASK
2020-10-30 10:40:45,JNJ,136.12,4,BID
2020-10-30 10:40:45,JNJ,136.17,4,ASK
2020-10-30 10:40:48,JNJ,136.1,6,BID
2020-10-30 10:40:48,JNJ,136.14,2,ASK
2020-10-30 10:40:50,JNJ,136.1,8,BID
2020-10-30 10:40:50,JNJ,136.16,3,ASK
2020-10-30 10:40:50,JNJ,136.06,7,BID
2020-10-30 10:40:50,JNJ,136.13,4,ASK
2020-10-30 10:40:50,JNJ,136.06,7,BID
2020-10-30 10:40:50,JNJ,136.13,4,ASK
2020-10-30 10:40:50,JNJ,136.06,7,BID
2020-10-30 10:40:50,JNJ,136.13,4,ASK
2020-10-30 10:40:53,JNJ,136.06,12,BID
2020-10-30 10:40:54,JNJ,136.13,5,ASK
2020-10-30 10:40:54,JNJ,136.07,3,BID
2020-10-30 10:40:54,JNJ,136.13,5,ASK
2020-10-30 10:40:54,JNJ,136.07,3,BID
2020-10-30 10:40:54,JNJ,136.13,5,ASK
2020-10-30 10:40:56,JNJ,136.07,3,BID
2020-10-30 10:40:56,JNJ,136.13,1,ASK
2020-10-30 10:40:56,JNJ,136.07,3,BID
2020-10-30 10:40:56,JNJ,136.13,1,ASK
2020-10-30 10:40:58,JNJ,136.07,5,BID
2020-10-30 10:40:58,JNJ,136.13,4,ASK
2020-10-30 10:40:59,JNJ,136.07,4,BID
2020-10-30 10:40:59,JNJ,136.13,4,ASK
2020-10-30 10:41:00,JNJ,136.07,4,BID
2020-10-30 10:41:00,JNJ,136.12,3,ASK
2020-10-30 10:41:01,JNJ,136.07,4,BID
2020-10-30 10:41:01,JNJ,136.12,7,ASK
2020-10-30 10:41:02,JNJ,136.08,1,BID
2020-10-30 10:41:02,JNJ,136.12,9,ASK
2020-10-30 10:41:04,JNJ,136.07,6,BID
2020-10-30 10:41:04,JNJ,136.1,3,ASK
2020-10-30 10:41:04,JNJ,136.08,1,BID
2020-10-30 10:41:04,JNJ,136.1,2,ASK
2020-10-30 10:41:04,JNJ,136.08,1,BID
2020-10-30 10:41:04,JNJ,136.1,2,ASK
2020-10-30 10:41:06,JNJ,136.05,3,BID
2020-10-30 10:41:06,JNJ,136.09,2,ASK
2020-10-30 10:41:06,JNJ,136.05,4,BID
2020-10-30 10:41:06,JNJ,136.09,2,ASK
2020-10-30 10:41:06,JNJ,136.05,4,BID
2020-10-30 10:41:07,JNJ,136.09,3,ASK
2020-10-30 10:41:06,JNJ,136.05,4,BID
2020-10-30 10:41:07,JNJ,136.09,3,ASK
2020-10-30 10:41:06,JNJ,136.05,4,BID
2020-10-30 10:41:07,JNJ,136.09,3,ASK
2020-10-30 10:41:06,JNJ,136.05,4,BID
2020-10-30 10:41:07,JNJ,136.09,3,ASK
2020-10-30 10:41:06,JNJ,136.05,3,BID
2020-10-30 10:41:07,JNJ,136.09,3,ASK
2020-10-30 10:41:06,JNJ,136.05,3,BID
2020-10-30 10:41:07,JNJ,136.09,3,ASK
2020-10-30 10:41:16,JNJ,136.02,9,BID
2020-10-30 10:41:16,JNJ,136.07,3,ASK
2020-10-30 10:41:16,JNJ,136.01,5,BID
2020-10-30 10:41:16,JNJ,136.05,2,ASK
2020-10-30 10:32:58,JNJ,136.0,18,BID
2020-10-30 10:41:17,JNJ,136.04,3,ASK
2020-10-30 10:32:58,JNJ,136.0,18,BID
2020-10-30 10:41:18,JNJ,136.04,3,ASK
2020-10-30 10:32:58,JNJ,136.0,18,BID
2020-10-30 10:41:19,JNJ,136.04,3,ASK
2020-10-30 10:41:20,JNJ,135.99,4,BID
2020-10-30 10:41:20,JNJ,136.02,1,ASK
2020-10-30 10:41:21,JNJ,136.01,3,BID
2020-10-30 10:41:21,JNJ,136.05,8,ASK
2020-10-30 10:41:22,JNJ,135.97,3,BID
2020-10-30 10:41:22,JNJ,136.02,3,ASK
2020-10-30 10:41:22,JNJ,135.97,3,BID
2020-10-30 10:41:22,JNJ,136.02,5,ASK
2020-10-30 10:41:22,JNJ,135.97,3,BID
2020-10-30 10:41:22,JNJ,136.02,5,ASK
2020-10-30 10:41:22,JNJ,135.97,4,BID
2020-10-30 10:41:22,JNJ,136.02,5,ASK
2020-10-30 10:41:23,JNJ,135.98,2,BID
2020-10-30 10:41:23,JNJ,136.02,6,ASK
2020-10-30 10:41:24,JNJ,135.98,2,BID
2020-10-30 10:41:23,JNJ,136.02,6,ASK
2020-10-30 10:41:25,JNJ,135.98,2,BID
2020-10-30 10:41:23,JNJ,136.02,7,ASK
2020-10-30 10:41:25,JNJ,135.97,4,BID
2020-10-30 10:41:25,JNJ,136.01,1,ASK
2020-10-30 10:41:26,JNJ,135.98,2,BID
2020-10-30 10:41:26,JNJ,136.01,3,ASK
2020-10-30 10:41:27,JNJ,135.98,3,BID
2020-10-30 10:41:26,JNJ,136.01,5,ASK
2020-10-30 10:41:28,JNJ,135.98,3,BID
2020-10-30 10:41:28,JNJ,136.01,6,ASK
2020-10-30 10:41:28,JNJ,135.98,3,BID
2020-10-30 10:41:28,JNJ,136.01,6,ASK
2020-10-30 10:41:29,JNJ,135.99,3,BID
2020-10-30 10:41:30,JNJ,136.02,6,ASK
2020-10-30 10:41:30,JNJ,136.0,3,BID
2020-10-30 10:41:30,JNJ,136.06,4,ASK
2020-10-30 10:41:32,JNJ,136.0,3,BID
2020-10-30 10:41:31,JNJ,136.06,4,ASK
2020-10-30 10:41:34,JNJ,136.0,3,BID
2020-10-30 10:41:34,JNJ,136.06,6,ASK
2020-10-30 10:41:35,JNJ,135.98,4,BID
2020-10-30 10:41:35,JNJ,136.02,1,ASK
2020-10-30 10:41:26,JNJ,135.97,4,BID
2020-10-30 10:41:36,JNJ,136.02,3,ASK
2020-10-30 10:41:26,JNJ,135.97,5,BID
2020-10-30 10:41:37,JNJ,136.01,3,ASK
2020-10-30 10:41:38,JNJ,135.97,6,BID
2020-10-30 10:41:38,JNJ,136.01,4,ASK
2020-10-30 10:41:40,JNJ,135.97,6,BID
2020-10-30 10:41:40,JNJ,136.01,6,ASK
2020-10-30 10:41:41,JNJ,135.92,1,BID
2020-10-30 10:41:41,JNJ,135.96,1,ASK
2020-10-30 10:41:41,JNJ,135.92,2,BID
2020-10-30 10:41:41,JNJ,135.97,1,ASK
2020-10-30 10:41:41,JNJ,135.91,5,BID
2020-10-30 10:41:41,JNJ,135.95,1,ASK
2020-10-30 10:41:43,JNJ,135.92,3,BID
2020-10-30 10:41:43,JNJ,136.0,3,ASK
2020-10-30 10:41:43,JNJ,135.92,3,BID
2020-10-30 10:41:43,JNJ,136.0,5,ASK
2020-10-30 10:41:44,JNJ,135.92,5,BID
2020-10-30 10:41:44,JNJ,136.0,5,ASK
2020-10-30 10:41:45,JNJ,135.93,3,BID
2020-10-30 10:41:45,JNJ,136.0,8,ASK
2020-10-30 10:41:46,JNJ,135.96,4,BID
2020-10-30 10:41:46,JNJ,136.01,1,ASK
2020-10-30 10:41:46,JNJ,135.96,4,BID
2020-10-30 10:41:47,JNJ,136.01,5,ASK
2020-10-30 10:41:46,JNJ,135.96,4,BID
2020-10-30 10:41:47,JNJ,136.01,5,ASK
2020-10-30 10:41:48,JNJ,135.98,5,BID
2020-10-30 10:41:48,JNJ,136.02,5,ASK
2020-10-30 10:41:50,JNJ,136.0,3,BID
2020-10-30 10:41:34,JNJ,136.06,6,ASK
2020-10-30 10:41:46,JNJ,135.96,4,BID
2020-10-30 10:41:50,JNJ,136.03,2,ASK
2020-10-30 10:41:50,JNJ,135.96,4,BID
2020-10-30 10:41:50,JNJ,136.01,1,ASK
2020-10-30 10:41:50,JNJ,135.96,5,BID
2020-10-30 10:41:50,JNJ,136.01,8,ASK
2020-10-30 10:41:51,JNJ,135.96,5,BID
2020-10-30 10:41:51,JNJ,136.0,5,ASK
2020-10-30 10:41:51,JNJ,135.96,6,BID
2020-10-30 10:41:52,JNJ,136.02,3,ASK
2020-10-30 10:41:51,JNJ,135.96,6,BID
2020-10-30 10:41:52,JNJ,136.02,3,ASK
2020-10-30 10:41:54,JNJ,135.97,1,BID
2020-10-30 10:41:54,JNJ,136.04,2,ASK
2020-10-30 10:41:55,JNJ,135.97,2,BID
2020-10-30 10:41:55,JNJ,136.04,2,ASK
2020-10-30 10:41:56,JNJ,135.99,2,BID
2020-10-30 10:41:56,JNJ,136.04,2,ASK
2020-10-30 10:41:57,JNJ,135.99,4,BID
2020-10-30 10:41:58,JNJ,136.05,1,ASK
2020-10-30 10:41:58,JNJ,136.0,2,BID
2020-10-30 10:41:34,JNJ,136.06,6,ASK
2020-10-30 10:41:57,JNJ,135.99,4,BID
2020-10-30 10:41:59,JNJ,136.02,2,ASK
2020-10-30 10:42:00,JNJ,135.92,6,BID
2020-10-30 10:42:00,JNJ,135.98,4,ASK
2020-10-30 10:42:00,JNJ,135.93,2,BID
2020-10-30 10:42:00,JNJ,135.99,2,ASK
2020-10-30 10:42:01,JNJ,135.95,2,BID
2020-10-30 10:42:01,JNJ,136.0,1,ASK
2020-10-30 10:42:02,JNJ,135.93,1,BID
2020-10-30 10:42:02,JNJ,135.97,2,ASK
2020-10-30 10:42:02,JNJ,135.93,1,BID
2020-10-30 10:42:02,JNJ,135.97,2,ASK
2020-10-30 10:42:03,JNJ,135.91,7,BID
2020-10-30 10:42:03,JNJ,135.96,2,ASK
2020-10-30 10:42:04,JNJ,135.91,8,BID
2020-10-30 10:42:04,JNJ,135.93,2,ASK
2020-10-30 10:42:04,JNJ,135.89,1,BID
2020-10-30 10:42:04,JNJ,135.95,3,ASK
2020-10-30 10:42:05,JNJ,135.89,3,BID
2020-10-30 10:42:05,JNJ,135.95,4,ASK
2020-10-30 10:42:05,JNJ,135.87,7,BID
2020-10-30 10:42:05,JNJ,135.91,1,ASK
2020-10-30 10:42:06,JNJ,135.87,7,BID
2020-10-30 10:42:06,JNJ,135.91,2,ASK
2020-10-30 10:42:06,JNJ,135.87,6,BID
2020-10-30 10:42:06,JNJ,135.91,2,ASK
2020-10-30 10:42:08,JNJ,135.87,6,BID
2020-10-30 10:42:08,JNJ,135.92,4,ASK
2020-10-30 10:42:08,JNJ,135.87,6,BID
2020-10-30 10:42:08,JNJ,135.92,4,ASK
2020-10-30 10:42:11,JNJ,135.88,4,BID
2020-10-30 10:42:11,JNJ,135.94,6,ASK
2020-10-30 10:42:11,JNJ,135.88,9,BID
2020-10-30 10:42:11,JNJ,135.97,1,ASK
2020-10-30 10:42:11,JNJ,135.88,9,BID
2020-10-30 10:42:11,JNJ,135.98,7,ASK
2020-10-30 10:42:11,JNJ,135.88,9,BID
2020-10-30 10:42:11,JNJ,135.98,7,ASK
2020-10-30 10:42:11,JNJ,135.88,9,BID
2020-10-30 10:42:02,JNJ,135.98,7,ASK
2020-10-30 10:42:11,JNJ,135.88,9,BID
2020-10-30 10:42:15,JNJ,135.98,9,ASK
2020-10-30 10:42:11,JNJ,135.88,9,BID
2020-10-30 10:42:16,JNJ,135.98,9,ASK
2020-10-30 10:42:11,JNJ,135.88,9,BID
2020-10-30 10:42:17,JNJ,135.97,2,ASK
2020-10-30 10:42:11,JNJ,135.88,9,BID
2020-10-30 10:42:18,JNJ,135.97,4,ASK
2020-10-30 10:42:11,JNJ,135.88,8,BID
2020-10-30 10:42:18,JNJ,135.97,4,ASK
2020-10-30 10:42:11,JNJ,135.88,8,BID
2020-10-30 10:42:18,JNJ,135.97,4,ASK
2020-10-30 10:42:11,JNJ,135.88,6,BID
2020-10-30 10:42:21,JNJ,135.97,4,ASK
2020-10-30 10:42:11,JNJ,135.88,6,BID
2020-10-30 10:42:21,JNJ,135.97,4,ASK
2020-10-30 10:42:11,JNJ,135.88,6,BID
2020-10-30 10:42:21,JNJ,135.97,4,ASK
2020-10-30 10:42:11,JNJ,135.88,8,BID
2020-10-30 10:42:25,JNJ,135.95,4,ASK
2020-10-30 10:42:11,JNJ,135.88,8,BID
2020-10-30 10:42:25,JNJ,135.95,4,ASK
2020-10-30 10:42:26,JNJ,135.9,3,BID
2020-10-30 10:42:26,JNJ,135.95,5,ASK
2020-10-30 10:42:26,JNJ,135.9,3,BID
2020-10-30 10:42:26,JNJ,135.95,5,ASK
2020-10-30 10:42:30,JNJ,135.91,3,BID
2020-10-30 10:42:30,JNJ,135.95,5,ASK
2020-10-30 10:42:30,JNJ,135.91,3,BID
2020-10-30 10:42:30,JNJ,135.95,5,ASK
2020-10-30 10:42:31,JNJ,135.91,4,BID
2020-10-30 10:42:31,JNJ,135.95,7,ASK
2020-10-30 10:42:33,JNJ,135.91,4,BID
2020-10-30 10:42:33,JNJ,135.95,7,ASK
2020-10-30 10:42:34,JNJ,135.91,6,BID
2020-10-30 10:42:34,JNJ,135.95,7,ASK
2020-10-30 10:42:34,JNJ,135.91,6,BID
2020-10-30 10:42:34,JNJ,135.95,7,ASK
2020-10-30 10:42:37,JNJ,135.91,6,BID
2020-10-30 10:42:37,JNJ,135.95,7,ASK
2020-10-30 10:42:38,JNJ,135.88,10,BID
2020-10-30 10:42:38,JNJ,135.93,2,ASK
2020-10-30 10:42:38,JNJ,135.88,7,BID
2020-10-30 10:42:38,JNJ,135.92,3,ASK
2020-10-30 10:42:38,JNJ,135.88,7,BID
2020-10-30 10:42:39,JNJ,135.92,3,ASK
2020-10-30 10:42:38,JNJ,135.88,7,BID
2020-10-30 10:42:40,JNJ,135.92,8,ASK
2020-10-30 10:42:38,JNJ,135.88,7,BID
2020-10-30 10:42:41,JNJ,135.92,9,ASK
2020-10-30 10:42:38,JNJ,135.88,7,BID
2020-10-30 10:42:43,JNJ,135.92,8,ASK
2020-10-30 10:42:44,JNJ,135.91,1,BID
2020-10-30 10:42:44,JNJ,135.92,8,ASK
2020-10-30 10:42:45,JNJ,135.92,2,BID
2020-10-30 10:42:45,JNJ,135.95,8,ASK
2020-10-30 10:42:45,JNJ,135.92,2,BID
2020-10-30 10:42:45,JNJ,135.95,8,ASK
2020-10-30 10:42:48,JNJ,135.92,3,BID
2020-10-30 10:42:48,JNJ,135.95,8,ASK
2020-10-30 10:42:48,JNJ,135.92,3,BID
2020-10-30 10:42:48,JNJ,135.97,6,ASK
2020-10-30 10:42:50,JNJ,135.91,1,BID
2020-10-30 10:42:50,JNJ,135.95,2,ASK
2020-10-30 10:42:50,JNJ,135.91,1,BID
2020-10-30 10:42:50,JNJ,135.95,2,ASK
2020-10-30 10:42:52,JNJ,135.91,4,BID
2020-10-30 10:42:52,JNJ,135.96,6,ASK
2020-10-30 10:42:53,JNJ,135.92,3,BID
2020-10-30 10:42:53,JNJ,135.96,5,ASK
2020-10-30 10:42:54,JNJ,135.96,3,BID
2020-10-30 10:42:54,JNJ,135.99,2,ASK
2020-10-30 10:42:54,JNJ,135.96,3,BID
2020-10-30 10:42:55,JNJ,135.99,3,ASK
2020-10-30 10:42:54,JNJ,135.96,3,BID
2020-10-30 10:42:55,JNJ,135.99,3,ASK
2020-10-30 10:42:56,JNJ,135.93,3,BID
2020-10-30 10:42:56,JNJ,135.98,2,ASK
2020-10-30 10:42:58,JNJ,135.93,3,BID
2020-10-30 10:42:57,JNJ,135.98,4,ASK
2020-10-30 10:42:58,JNJ,135.94,3,BID
2020-10-30 10:42:58,JNJ,135.98,2,ASK
2020-10-30 10:42:58,JNJ,135.94,3,BID
2020-10-30 10:42:58,JNJ,135.98,2,ASK
2020-10-30 10:42:58,JNJ,135.93,3,BID
2020-10-30 10:43:00,JNJ,135.96,4,ASK
2020-10-30 10:43:00,JNJ,135.94,1,BID
2020-10-30 10:42:56,JNJ,135.99,3,ASK
2020-10-30 10:43:00,JNJ,135.94,4,BID
2020-10-30 10:43:00,JNJ,135.99,5,ASK
2020-10-30 10:43:00,JNJ,135.93,5,BID
2020-10-30 10:43:01,JNJ,135.99,6,ASK
2020-10-30 10:43:00,JNJ,135.93,6,BID
2020-10-30 10:43:01,JNJ,135.98,2,ASK
2020-10-30 10:43:02,JNJ,135.97,2,BID
2020-10-30 10:43:02,JNJ,136.04,7,ASK
2020-10-30 10:43:02,JNJ,135.96,7,BID
2020-10-30 10:43:02,JNJ,136.04,8,ASK
2020-10-30 10:43:02,JNJ,135.96,6,BID
2020-10-30 10:43:02,JNJ,136.04,8,ASK
2020-10-30 10:43:03,JNJ,135.97,1,BID
2020-10-30 10:43:03,JNJ,136.04,7,ASK
2020-10-30 10:43:03,JNJ,135.97,4,BID
2020-10-30 10:43:03,JNJ,136.04,7,ASK
2020-10-30 10:43:03,JNJ,136.0,3,BID
2020-10-30 10:43:03,JNJ,136.06,2,ASK
2020-10-30 10:43:04,JNJ,136.0,5,BID
2020-10-30 10:43:04,JNJ,136.05,2,ASK
2020-10-30 10:43:04,JNJ,136.0,5,BID
2020-10-30 10:43:04,JNJ,136.05,2,ASK
2020-10-30 10:43:05,JNJ,135.98,3,BID
2020-10-30 10:43:05,JNJ,136.02,4,ASK
2020-10-30 10:43:05,JNJ,135.97,5,BID
2020-10-30 10:43:05,JNJ,136.02,8,ASK
2020-10-30 10:43:06,JNJ,135.97,5,BID
2020-10-30 10:43:06,JNJ,136.02,5,ASK
2020-10-30 10:43:06,JNJ,135.97,6,BID
2020-10-30 10:43:06,JNJ,136.02,10,ASK
2020-10-30 10:43:06,JNJ,135.97,6,BID
2020-10-30 10:43:05,JNJ,136.02,9,ASK
2020-10-30 10:43:07,JNJ,135.94,4,BID
2020-10-30 10:43:07,JNJ,135.99,1,ASK
2020-10-30 10:43:08,JNJ,135.94,4,BID
2020-10-30 10:43:08,JNJ,136.01,3,ASK
2020-10-30 10:43:08,JNJ,135.94,4,BID
2020-10-30 10:43:08,JNJ,136.01,3,ASK
2020-10-30 10:43:10,JNJ,135.94,4,BID
2020-10-30 10:43:10,JNJ,136.01,3,ASK
2020-10-30 10:43:11,JNJ,135.94,4,BID
2020-10-30 10:43:05,JNJ,136.02,8,ASK
2020-10-30 10:43:11,JNJ,135.94,4,BID
2020-10-30 10:43:05,JNJ,136.02,8,ASK
2020-10-30 10:43:12,JNJ,135.95,2,BID
2020-10-30 10:43:12,JNJ,135.99,1,ASK
2020-10-30 10:43:13,JNJ,135.95,2,BID
2020-10-30 10:43:13,JNJ,135.99,1,ASK
2020-10-30 10:43:14,JNJ,135.96,3,BID
2020-10-30 10:43:05,JNJ,136.02,8,ASK
2020-10-30 10:43:14,JNJ,135.96,4,BID
2020-10-30 10:43:14,JNJ,136.01,1,ASK
2020-10-30 10:43:14,JNJ,135.96,5,BID
2020-10-30 10:43:15,JNJ,136.01,1,ASK
2020-10-30 10:43:14,JNJ,135.96,5,BID
2020-10-30 10:43:15,JNJ,136.01,1,ASK
2020-10-30 10:43:17,JNJ,135.97,1,BID
2020-10-30 10:43:17,JNJ,136.01,1,ASK
2020-10-30 10:43:18,JNJ,135.98,1,BID
2020-10-30 10:43:18,JNJ,136.01,3,ASK
2020-10-30 10:43:18,JNJ,135.97,1,BID
2020-10-30 10:43:18,JNJ,136.0,3,ASK
2020-10-30 10:43:14,JNJ,135.96,2,BID
2020-10-30 10:43:19,JNJ,135.99,2,ASK
2020-10-30 10:43:14,JNJ,135.96,2,BID
2020-10-30 10:43:19,JNJ,135.99,2,ASK
2020-10-30 10:43:13,JNJ,135.95,2,BID
2020-10-30 10:43:20,JNJ,135.98,2,ASK
2020-10-30 10:43:21,JNJ,135.91,4,BID
2020-10-30 10:43:21,JNJ,135.96,2,ASK
2020-10-30 10:43:21,JNJ,135.9,1,BID
2020-10-30 10:43:21,JNJ,135.96,2,ASK
2020-10-30 10:43:22,JNJ,135.89,1,BID
2020-10-30 10:43:22,JNJ,135.95,3,ASK
2020-10-30 10:43:22,JNJ,135.89,1,BID
2020-10-30 10:43:22,JNJ,135.94,3,ASK
2020-10-30 10:43:23,JNJ,135.82,2,BID
2020-10-30 10:43:23,JNJ,135.87,6,ASK
2020-10-30 10:43:23,JNJ,135.82,8,BID
2020-10-30 10:43:23,JNJ,135.89,6,ASK
2020-10-30 10:43:23,JNJ,135.82,8,BID
2020-10-30 10:43:23,JNJ,135.89,6,ASK
2020-10-30 10:43:24,JNJ,135.84,1,BID
2020-10-30 10:43:24,JNJ,135.91,2,ASK
2020-10-30 10:43:24,JNJ,135.87,4,BID
2020-10-30 10:43:24,JNJ,135.92,3,ASK
2020-10-30 10:43:24,JNJ,135.87,5,BID
2020-10-30 10:43:25,JNJ,135.93,2,ASK
2020-10-30 10:43:26,JNJ,135.87,5,BID
2020-10-30 10:43:26,JNJ,135.95,5,ASK
2020-10-30 10:43:26,JNJ,135.87,5,BID
2020-10-30 10:43:26,JNJ,135.95,5,ASK
2020-10-30 10:43:28,JNJ,135.87,9,BID
2020-10-30 10:43:26,JNJ,135.95,5,ASK
2020-10-30 10:43:30,JNJ,135.87,9,BID
2020-10-30 10:43:26,JNJ,135.95,5,ASK
2020-10-30 10:43:30,JNJ,135.87,13,BID
2020-10-30 10:43:31,JNJ,135.95,6,ASK
2020-10-30 10:43:30,JNJ,135.87,13,BID
2020-10-30 10:43:31,JNJ,135.95,7,ASK
2020-10-30 10:43:30,JNJ,135.87,13,BID
2020-10-30 10:43:32,JNJ,135.96,5,ASK
2020-10-30 10:43:30,JNJ,135.87,13,BID
2020-10-30 10:43:33,JNJ,135.96,6,ASK
2020-10-30 10:43:34,JNJ,135.9,3,BID
2020-10-30 10:43:34,JNJ,135.95,2,ASK
2020-10-30 10:43:35,JNJ,135.9,5,BID
2020-10-30 10:43:35,JNJ,135.95,2,ASK
2020-10-30 10:43:35,JNJ,135.9,5,BID
2020-10-30 10:43:35,JNJ,135.95,2,ASK
2020-10-30 10:43:38,JNJ,135.87,9,BID
2020-10-30 10:43:38,JNJ,135.93,2,ASK
2020-10-30 10:43:39,JNJ,135.87,8,BID
2020-10-30 10:43:39,JNJ,135.91,6,ASK
2020-10-30 10:43:40,JNJ,135.82,6,BID
2020-10-30 10:43:40,JNJ,135.89,3,ASK
2020-10-30 10:43:40,JNJ,135.82,7,BID
2020-10-30 10:43:40,JNJ,135.89,3,ASK
2020-10-30 10:43:40,JNJ,135.82,11,BID
2020-10-30 10:43:40,JNJ,135.89,6,ASK
2020-10-30 10:43:43,JNJ,135.85,4,BID
2020-10-30 10:43:43,JNJ,135.92,5,ASK
2020-10-30 10:43:43,JNJ,135.85,7,BID
2020-10-30 10:43:43,JNJ,135.92,5,ASK
2020-10-30 10:43:42,JNJ,135.82,15,BID
2020-10-30 10:43:45,JNJ,135.86,2,ASK
2020-10-30 10:43:42,JNJ,135.82,17,BID
2020-10-30 10:43:46,JNJ,135.86,2,ASK
2020-10-30 10:43:42,JNJ,135.82,16,BID
2020-10-30 10:43:46,JNJ,135.86,2,ASK
2020-10-30 10:43:47,JNJ,135.82,1,BID
2020-10-30 10:43:47,JNJ,135.86,2,ASK
2020-10-30 10:43:47,JNJ,135.77,2,BID
2020-10-30 10:43:47,JNJ,135.84,5,ASK
2020-10-30 10:43:47,JNJ,135.77,1,BID
2020-10-30 10:43:47,JNJ,135.83,2,ASK
2020-10-30 10:43:47,JNJ,135.77,3,BID
2020-10-30 10:43:47,JNJ,135.84,8,ASK
2020-10-30 10:43:47,JNJ,135.77,4,BID
2020-10-30 10:43:48,JNJ,135.81,2,ASK
2020-10-30 10:43:47,JNJ,135.77,4,BID
2020-10-30 10:43:48,JNJ,135.8,1,ASK
2020-10-30 10:43:49,JNJ,135.75,2,BID
2020-10-30 10:43:49,JNJ,135.78,3,ASK
2020-10-30 10:43:49,JNJ,135.75,2,BID
2020-10-30 10:43:49,JNJ,135.79,3,ASK
2020-10-30 10:43:50,JNJ,135.73,1,BID
2020-10-30 10:43:50,JNJ,135.75,1,ASK
2020-10-30 10:43:50,JNJ,135.71,2,BID
2020-10-30 10:43:50,JNJ,135.75,1,ASK
2020-10-30 10:43:50,JNJ,135.7,3,BID
2020-10-30 10:43:50,JNJ,135.75,3,ASK
2020-10-30 10:43:50,JNJ,135.64,1,BID
2020-10-30 10:43:50,JNJ,135.7,2,ASK
2020-10-30 10:43:51,JNJ,135.63,5,BID
2020-10-30 10:43:51,JNJ,135.71,9,ASK
2020-10-30 10:43:51,JNJ,135.64,2,BID
2020-10-30 10:43:51,JNJ,135.68,1,ASK
2020-10-30 10:43:51,JNJ,135.66,6,BID
2020-10-30 10:43:51,JNJ,135.71,5,ASK
2020-10-30 10:43:52,JNJ,135.69,2,BID
2020-10-30 10:43:52,JNJ,135.74,1,ASK
2020-10-30 10:43:52,JNJ,135.69,2,BID
2020-10-30 10:43:52,JNJ,135.74,1,ASK
2020-10-30 10:43:52,JNJ,135.69,2,BID
2020-10-30 10:43:52,JNJ,135.76,3,ASK
2020-10-30 10:43:52,JNJ,135.69,2,BID
2020-10-30 10:43:52,JNJ,135.76,3,ASK
2020-10-30 10:43:52,JNJ,135.69,2,BID
2020-10-30 10:43:52,JNJ,135.76,3,ASK
2020-10-30 10:43:53,JNJ,135.69,2,BID
2020-10-30 10:43:53,JNJ,135.76,5,ASK
2020-10-30 10:43:53,JNJ,135.69,2,BID
2020-10-30 10:43:53,JNJ,135.76,5,ASK
2020-10-30 10:43:54,JNJ,135.69,4,BID
2020-10-30 10:43:54,JNJ,135.75,2,ASK
2020-10-30 10:43:54,JNJ,135.69,4,BID
2020-10-30 10:43:54,JNJ,135.75,2,ASK
2020-10-30 10:43:55,JNJ,135.69,9,BID
2020-10-30 10:43:55,JNJ,135.75,2,ASK
2020-10-30 10:43:55,JNJ,135.69,9,BID
2020-10-30 10:43:55,JNJ,135.75,2,ASK
2020-10-30 10:43:55,JNJ,135.72,1,BID
2020-10-30 10:43:55,JNJ,135.76,6,ASK
2020-10-30 10:43:56,JNJ,135.69,8,BID
2020-10-30 10:43:56,JNJ,135.72,1,ASK
2020-10-30 10:43:56,JNJ,135.69,8,BID
2020-10-30 10:43:56,JNJ,135.72,1,ASK
2020-10-30 10:43:56,JNJ,135.67,5,BID
2020-10-30 10:43:56,JNJ,135.7,1,ASK
2020-10-30 10:43:57,JNJ,135.63,9,BID
2020-10-30 10:43:57,JNJ,135.67,2,ASK
2020-10-30 10:43:57,JNJ,135.63,9,BID
2020-10-30 10:43:57,JNJ,135.67,2,ASK
2020-10-30 10:43:58,JNJ,135.56,7,BID
2020-10-30 10:43:58,JNJ,135.66,4,ASK
2020-10-30 10:43:58,JNJ,135.56,7,BID
2020-10-30 10:43:58,JNJ,135.66,5,ASK
2020-10-30 10:43:59,JNJ,135.56,11,BID
2020-10-30 10:43:59,JNJ,135.67,2,ASK
2020-10-30 10:44:00,JNJ,135.62,3,BID
2020-10-30 10:44:00,JNJ,135.7,1,ASK
2020-10-30 10:44:01,JNJ,135.63,1,BID
2020-10-30 10:44:01,JNJ,135.72,4,ASK
2020-10-30 10:44:01,JNJ,135.62,6,BID
2020-10-30 10:44:01,JNJ,135.73,2,ASK
2020-10-30 10:44:02,JNJ,135.62,6,BID
2020-10-30 10:44:02,JNJ,135.73,3,ASK
2020-10-30 10:44:02,JNJ,135.62,6,BID
2020-10-30 10:44:03,JNJ,135.74,1,ASK
2020-10-30 10:44:03,JNJ,135.62,7,BID
2020-10-30 10:44:03,JNJ,135.75,2,ASK
2020-10-30 10:44:04,JNJ,135.7,2,BID
2020-10-30 10:44:04,JNJ,135.77,1,ASK
2020-10-30 10:44:04,JNJ,135.7,9,BID
2020-10-30 10:44:04,JNJ,135.78,5,ASK
2020-10-30 10:44:04,JNJ,135.7,10,BID
2020-10-30 10:44:04,JNJ,135.78,4,ASK
2020-10-30 10:44:04,JNJ,135.7,10,BID
2020-10-30 10:44:04,JNJ,135.78,4,ASK
2020-10-30 10:44:04,JNJ,135.7,10,BID
2020-10-30 10:44:04,JNJ,135.78,4,ASK
2020-10-30 10:44:05,JNJ,135.7,9,BID
2020-10-30 10:44:05,JNJ,135.78,4,ASK
2020-10-30 10:44:05,JNJ,135.7,9,BID
2020-10-30 10:44:05,JNJ,135.78,4,ASK
2020-10-30 10:44:05,JNJ,135.7,9,BID
2020-10-30 10:44:05,JNJ,135.78,4,ASK
2020-10-30 10:44:08,JNJ,135.7,8,BID
2020-10-30 10:44:08,JNJ,135.78,6,ASK
2020-10-30 10:44:08,JNJ,135.7,8,BID
2020-10-30 10:44:08,JNJ,135.78,6,ASK
2020-10-30 10:44:08,JNJ,135.7,8,BID
2020-10-30 10:44:08,JNJ,135.78,6,ASK
2020-10-30 10:44:08,JNJ,135.7,8,BID
2020-10-30 10:44:08,JNJ,135.78,6,ASK
2020-10-30 10:44:10,JNJ,135.7,1,BID
2020-10-30 10:44:10,JNJ,135.73,3,ASK
2020-10-30 10:44:11,JNJ,135.67,4,BID
2020-10-30 10:44:11,JNJ,135.72,1,ASK
2020-10-30 10:44:11,JNJ,135.63,4,BID
2020-10-30 10:44:11,JNJ,135.7,3,ASK
2020-10-30 10:44:12,JNJ,135.63,4,BID
2020-10-30 10:44:12,JNJ,135.7,3,ASK
2020-10-30 10:44:13,JNJ,135.66,2,BID
2020-10-30 10:44:13,JNJ,135.71,1,ASK
2020-10-30 10:44:13,JNJ,135.63,6,BID
2020-10-30 10:44:13,JNJ,135.71,1,ASK
2020-10-30 10:44:13,JNJ,135.63,6,BID
2020-10-30 10:44:13,JNJ,135.71,1,ASK
2020-10-30 10:44:17,JNJ,135.66,3,BID
2020-10-30 10:44:11,JNJ,135.73,3,ASK
2020-10-30 10:44:19,JNJ,135.67,3,BID
2020-10-30 10:44:11,JNJ,135.73,3,ASK
2020-10-30 10:44:20,JNJ,135.71,2,BID
2020-10-30 10:44:20,JNJ,135.77,3,ASK
2020-10-30 10:44:22,JNJ,135.71,4,BID
2020-10-30 10:44:08,JNJ,135.78,5,ASK
2020-10-30 10:44:22,JNJ,135.71,6,BID
2020-10-30 10:44:08,JNJ,135.78,5,ASK
2020-10-30 10:44:24,JNJ,135.74,2,BID
2020-10-30 10:44:24,JNJ,135.81,5,ASK
2020-10-30 10:44:24,JNJ,135.8,3,BID
2020-10-30 10:44:24,JNJ,135.86,3,ASK
2020-10-30 10:44:25,JNJ,135.84,3,BID
2020-10-30 10:44:25,JNJ,135.87,4,ASK
2020-10-30 10:44:26,JNJ,135.8,3,BID
2020-10-30 10:44:26,JNJ,135.87,11,ASK
2020-10-30 10:44:27,JNJ,135.8,3,BID
2020-10-30 10:44:27,JNJ,135.87,8,ASK
2020-10-30 10:44:28,JNJ,135.8,4,BID
2020-10-30 10:44:28,JNJ,135.87,8,ASK
2020-10-30 10:44:30,JNJ,135.8,4,BID
2020-10-30 10:44:28,JNJ,135.87,10,ASK
2020-10-30 10:44:30,JNJ,135.8,4,BID
2020-10-30 10:44:28,JNJ,135.87,10,ASK
2020-10-30 10:44:30,JNJ,135.8,4,BID
2020-10-30 10:44:28,JNJ,135.87,10,ASK
2020-10-30 10:44:30,JNJ,135.8,4,BID
2020-10-30 10:44:28,JNJ,135.87,10,ASK
2020-10-30 10:44:35,JNJ,135.86,4,BID
2020-10-30 10:44:35,JNJ,135.9,4,ASK
2020-10-30 10:44:36,JNJ,135.83,4,BID
2020-10-30 10:44:36,JNJ,135.87,4,ASK
2020-10-30 10:44:37,JNJ,135.83,7,BID
2020-10-30 10:44:38,JNJ,135.88,3,ASK
2020-10-30 10:44:39,JNJ,135.77,6,BID
2020-10-30 10:44:39,JNJ,135.81,1,ASK
2020-10-30 10:44:22,JNJ,135.71,5,BID
2020-10-30 10:44:40,JNJ,135.78,2,ASK
2020-10-30 10:44:22,JNJ,135.71,5,BID
2020-10-30 10:44:40,JNJ,135.79,2,ASK
2020-10-30 10:44:40,JNJ,135.71,6,BID
2020-10-30 10:44:40,JNJ,135.79,2,ASK
2020-10-30 10:44:41,JNJ,135.71,6,BID
2020-10-30 10:44:41,JNJ,135.78,5,ASK
2020-10-30 10:44:41,JNJ,135.71,6,BID
2020-10-30 10:44:41,JNJ,135.78,5,ASK
2020-10-30 10:44:41,JNJ,135.71,6,BID
2020-10-30 10:44:41,JNJ,135.78,5,ASK
2020-10-30 10:44:41,JNJ,135.71,6,BID
2020-10-30 10:44:41,JNJ,135.78,5,ASK
2020-10-30 10:44:41,JNJ,135.71,6,BID
2020-10-30 10:44:41,JNJ,135.78,5,ASK
2020-10-30 10:44:44,JNJ,135.71,6,BID
2020-10-30 10:44:44,JNJ,135.78,6,ASK
2020-10-30 10:44:44,JNJ,135.71,6,BID
2020-10-30 10:44:47,JNJ,135.81,4,ASK
2020-10-30 10:44:48,JNJ,135.72,3,BID
2020-10-30 10:44:48,JNJ,135.8,3,ASK
2020-10-30 10:44:48,JNJ,135.72,3,BID
2020-10-30 10:44:48,JNJ,135.8,6,ASK
2020-10-30 10:44:49,JNJ,135.75,1,BID
2020-10-30 10:44:48,JNJ,135.8,7,ASK
2020-10-30 10:44:50,JNJ,135.78,3,BID
2020-10-30 10:44:50,JNJ,135.82,1,ASK
2020-10-30 10:44:51,JNJ,135.75,2,BID
2020-10-30 10:44:50,JNJ,135.8,3,ASK
2020-10-30 10:44:51,JNJ,135.71,5,BID
2020-10-30 10:44:51,JNJ,135.77,3,ASK
2020-10-30 10:44:52,JNJ,135.73,2,BID
2020-10-30 10:44:52,JNJ,135.76,4,ASK
2020-10-30 10:44:52,JNJ,135.73,2,BID
2020-10-30 10:44:52,JNJ,135.76,4,ASK
2020-10-30 10:44:53,JNJ,135.7,2,BID
2020-10-30 10:44:54,JNJ,135.75,2,ASK
2020-10-30 10:44:54,JNJ,135.66,9,BID
2020-10-30 10:44:54,JNJ,135.74,1,ASK
2020-10-30 10:44:54,JNJ,135.68,1,BID
2020-10-30 10:44:54,JNJ,135.73,1,ASK
2020-10-30 10:44:55,JNJ,135.68,1,BID
2020-10-30 10:44:55,JNJ,135.73,2,ASK
2020-10-30 10:44:55,JNJ,135.68,1,BID
2020-10-30 10:44:55,JNJ,135.73,2,ASK
2020-10-30 10:44:55,JNJ,135.68,1,BID
2020-10-30 10:44:55,JNJ,135.73,2,ASK
2020-10-30 10:44:55,JNJ,135.68,1,BID
2020-10-30 10:44:55,JNJ,135.73,2,ASK
2020-10-30 10:44:55,JNJ,135.68,1,BID
2020-10-30 10:44:55,JNJ,135.73,2,ASK
2020-10-30 10:44:55,JNJ,135.68,1,BID
2020-10-30 10:44:55,JNJ,135.73,2,ASK
2020-10-30 10:44:55,JNJ,135.68,1,BID
2020-10-30 10:44:55,JNJ,135.73,2,ASK
2020-10-30 10:44:55,JNJ,135.68,1,BID
2020-10-30 10:44:55,JNJ,135.73,2,ASK
2020-10-30 10:44:54,JNJ,135.66,5,BID
2020-10-30 10:44:56,JNJ,135.72,2,ASK
2020-10-30 10:44:57,JNJ,135.67,1,BID
2020-10-30 10:44:52,JNJ,135.76,5,ASK
2020-10-30 10:44:59,JNJ,135.67,1,BID
2020-10-30 10:44:59,JNJ,135.76,7,ASK
2020-10-30 10:45:00,JNJ,135.7,1,BID
2020-10-30 10:45:00,JNJ,135.8,4,ASK
2020-10-30 10:45:01,JNJ,135.73,1,BID
2020-10-30 10:45:00,JNJ,135.82,7,ASK
2020-10-30 10:45:01,JNJ,135.73,5,BID
2020-10-30 10:45:01,JNJ,135.82,9,ASK
2020-10-30 10:45:01,JNJ,135.73,4,BID
2020-10-30 10:45:01,JNJ,135.82,9,ASK
2020-10-30 10:45:02,JNJ,135.73,4,BID
2020-10-30 10:45:02,JNJ,135.82,7,ASK
2020-10-30 10:45:02,JNJ,135.73,3,BID
2020-10-30 10:45:02,JNJ,135.82,10,ASK
2020-10-30 10:45:03,JNJ,135.72,2,BID
2020-10-30 10:45:03,JNJ,135.77,6,ASK
2020-10-30 10:45:03,JNJ,135.68,2,BID
2020-10-30 10:45:03,JNJ,135.75,2,ASK
2020-10-30 10:45:03,JNJ,135.68,2,BID
2020-10-30 10:45:03,JNJ,135.77,8,ASK
2020-10-30 10:45:04,JNJ,135.68,2,BID
2020-10-30 10:45:04,JNJ,135.76,3,ASK
2020-10-30 10:45:04,JNJ,135.68,2,BID
2020-10-30 10:45:04,JNJ,135.76,3,ASK
2020-10-30 10:45:05,JNJ,135.68,3,BID
2020-10-30 10:45:05,JNJ,135.76,3,ASK
2020-10-30 10:45:05,JNJ,135.68,4,BID
2020-10-30 10:45:05,JNJ,135.77,8,ASK
2020-10-30 10:45:05,JNJ,135.68,4,BID
2020-10-30 10:45:06,JNJ,135.77,8,ASK
2020-10-30 10:45:07,JNJ,135.71,3,BID
2020-10-30 10:45:07,JNJ,135.8,4,ASK
2020-10-30 10:45:08,JNJ,135.68,5,BID
2020-10-30 10:45:08,JNJ,135.78,3,ASK
2020-10-30 10:45:09,JNJ,135.71,1,BID
2020-10-30 10:45:08,JNJ,135.8,8,ASK
2020-10-30 10:45:10,JNJ,135.71,1,BID
2020-10-30 10:45:10,JNJ,135.8,8,ASK
2020-10-30 10:45:11,JNJ,135.76,5,BID
2020-10-30 10:45:11,JNJ,135.84,3,ASK
2020-10-30 10:45:12,JNJ,135.76,5,BID
2020-10-30 10:45:11,JNJ,135.84,3,ASK
2020-10-30 10:45:13,JNJ,135.69,7,BID
2020-10-30 10:45:13,JNJ,135.78,6,ASK
2020-10-30 10:45:13,JNJ,135.69,8,BID
2020-10-30 10:45:13,JNJ,135.78,9,ASK
2020-10-30 10:45:13,JNJ,135.69,8,BID
2020-10-30 10:45:13,JNJ,135.78,9,ASK
2020-10-30 10:45:13,JNJ,135.69,9,BID
2020-10-30 10:45:15,JNJ,135.78,9,ASK
2020-10-30 10:45:13,JNJ,135.69,9,BID
2020-10-30 10:45:15,JNJ,135.78,9,ASK
2020-10-30 10:45:17,JNJ,135.67,1,BID
2020-10-30 10:45:17,JNJ,135.75,1,ASK
2020-10-30 10:45:18,JNJ,135.67,4,BID
2020-10-30 10:45:18,JNJ,135.76,4,ASK
2020-10-30 10:45:19,JNJ,135.67,5,BID
2020-10-30 10:45:19,JNJ,135.75,2,ASK
2020-10-30 10:45:19,JNJ,135.67,5,BID
2020-10-30 10:45:19,JNJ,135.75,2,ASK
2020-10-30 10:45:21,JNJ,135.67,5,BID
2020-10-30 10:45:21,JNJ,135.75,7,ASK
2020-10-30 10:45:22,JNJ,135.67,1,BID
2020-10-30 10:45:22,JNJ,135.7,1,ASK
2020-10-30 10:45:22,JNJ,135.6,3,BID
2020-10-30 10:45:22,JNJ,135.68,5,ASK
2020-10-30 10:45:23,JNJ,135.6,3,BID
2020-10-30 10:45:23,JNJ,135.68,5,ASK
2020-10-30 10:45:23,JNJ,135.6,3,BID
2020-10-30 10:45:23,JNJ,135.68,5,ASK
2020-10-30 10:45:24,JNJ,135.6,3,BID
2020-10-30 10:45:24,JNJ,135.68,6,ASK
2020-10-30 10:45:25,JNJ,135.6,4,BID
2020-10-30 10:45:25,JNJ,135.68,6,ASK
2020-10-30 10:45:25,JNJ,135.6,4,BID
2020-10-30 10:45:25,JNJ,135.68,6,ASK
2020-10-30 10:45:28,JNJ,135.6,3,BID
2020-10-30 10:45:28,JNJ,135.65,3,ASK
2020-10-30 10:45:28,JNJ,135.6,3,BID
2020-10-30 10:45:29,JNJ,135.65,3,ASK
2020-10-30 10:45:28,JNJ,135.6,4,BID
2020-10-30 10:45:30,JNJ,135.65,1,ASK
2020-10-30 10:45:28,JNJ,135.6,4,BID
2020-10-30 10:45:30,JNJ,135.65,1,ASK
2020-10-30 10:45:28,JNJ,135.6,4,BID
2020-10-30 10:45:30,JNJ,135.65,1,ASK
2020-10-30 10:45:34,JNJ,135.62,1,BID
2020-10-30 10:45:34,JNJ,135.69,5,ASK
2020-10-30 10:45:35,JNJ,135.65,1,BID
2020-10-30 10:45:35,JNJ,135.7,1,ASK
2020-10-30 10:45:36,JNJ,135.65,2,BID
2020-10-30 10:45:36,JNJ,135.7,3,ASK
2020-10-30 10:45:38,JNJ,135.64,1,BID
2020-10-30 10:45:38,JNJ,135.7,3,ASK
2020-10-30 10:45:38,JNJ,135.6,2,BID
2020-10-30 10:45:38,JNJ,135.68,4,ASK
2020-10-30 10:45:38,JNJ,135.6,2,BID
2020-10-30 10:45:38,JNJ,135.68,4,ASK
2020-10-30 10:45:41,JNJ,135.6,4,BID
2020-10-30 10:45:41,JNJ,135.67,3,ASK
2020-10-30 10:45:41,JNJ,135.6,3,BID
2020-10-30 10:45:41,JNJ,135.67,3,ASK
2020-10-30 10:45:41,JNJ,135.6,3,BID
2020-10-30 10:45:41,JNJ,135.67,3,ASK
2020-10-30 10:45:44,JNJ,135.59,1,BID
2020-10-30 10:45:44,JNJ,135.67,4,ASK
2020-10-30 10:45:45,JNJ,135.6,4,BID
2020-10-30 10:45:45,JNJ,135.69,3,ASK
2020-10-30 10:45:45,JNJ,135.6,4,BID
2020-10-30 10:45:45,JNJ,135.69,3,ASK
2020-10-30 10:45:45,JNJ,135.6,5,BID
2020-10-30 10:45:38,JNJ,135.7,7,ASK
2020-10-30 10:45:45,JNJ,135.6,5,BID
2020-10-30 10:45:38,JNJ,135.7,7,ASK
2020-10-30 10:45:45,JNJ,135.6,5,BID
2020-10-30 10:45:47,JNJ,135.68,3,ASK
2020-10-30 10:45:48,JNJ,135.61,2,BID
2020-10-30 10:45:48,JNJ,135.68,3,ASK
2020-10-30 10:45:48,JNJ,135.61,2,BID
2020-10-30 10:45:48,JNJ,135.68,3,ASK
2020-10-30 10:45:48,JNJ,135.61,2,BID
2020-10-30 10:45:48,JNJ,135.68,3,ASK
2020-10-30 10:45:52,JNJ,135.61,3,BID
2020-10-30 10:45:52,JNJ,135.68,3,ASK
2020-10-30 10:45:54,JNJ,135.6,5,BID
2020-10-30 10:45:54,JNJ,135.67,3,ASK
2020-10-30 10:45:54,JNJ,135.6,5,BID
2020-10-30 10:45:54,JNJ,135.67,3,ASK
2020-10-30 10:45:54,JNJ,135.6,5,BID
2020-10-30 10:45:57,JNJ,135.67,3,ASK
2020-10-30 10:45:54,JNJ,135.6,5,BID
2020-10-30 10:45:57,JNJ,135.67,3,ASK
2020-10-30 10:45:54,JNJ,135.6,5,BID
2020-10-30 10:46:00,JNJ,135.67,3,ASK
2020-10-30 10:45:54,JNJ,135.6,5,BID
2020-10-30 10:46:00,JNJ,135.67,3,ASK
2020-10-30 10:45:54,JNJ,135.6,5,BID
2020-10-30 10:46:00,JNJ,135.67,3,ASK
2020-10-30 10:45:54,JNJ,135.6,5,BID
2020-10-30 10:46:00,JNJ,135.67,3,ASK
2020-10-30 10:45:54,JNJ,135.6,5,BID
2020-10-30 10:46:00,JNJ,135.67,3,ASK
2020-10-30 10:45:54,JNJ,135.6,5,BID
2020-10-30 10:46:00,JNJ,135.67,3,ASK
2020-10-30 10:45:54,JNJ,135.6,5,BID
2020-10-30 10:46:00,JNJ,135.67,3,ASK
2020-10-30 10:45:54,JNJ,135.6,5,BID
2020-10-30 10:46:00,JNJ,135.67,3,ASK
2020-10-30 10:45:54,JNJ,135.6,5,BID
2020-10-30 10:46:09,JNJ,135.67,4,ASK
2020-10-30 10:45:54,JNJ,135.6,5,BID
2020-10-30 10:46:09,JNJ,135.67,4,ASK
2020-10-30 10:46:10,JNJ,135.64,1,BID
2020-10-30 10:46:10,JNJ,135.67,4,ASK
2020-10-30 10:46:11,JNJ,135.64,2,BID
2020-10-30 10:46:11,JNJ,135.71,3,ASK
2020-10-30 10:46:12,JNJ,135.64,3,BID
2020-10-30 10:46:12,JNJ,135.7,2,ASK
2020-10-30 10:46:13,JNJ,135.64,3,BID
2020-10-30 10:46:13,JNJ,135.7,4,ASK
2020-10-30 10:46:11,JNJ,135.64,3,BID
2020-10-30 10:46:13,JNJ,135.7,4,ASK
2020-10-30 10:46:15,JNJ,135.67,2,BID
2020-10-30 10:46:15,JNJ,135.75,4,ASK
2020-10-30 10:46:15,JNJ,135.69,2,BID
2020-10-30 10:45:17,JNJ,135.76,4,ASK
2020-10-30 10:46:15,JNJ,135.69,2,BID
2020-10-30 10:45:17,JNJ,135.76,4,ASK
2020-10-30 10:46:15,JNJ,135.69,2,BID
2020-10-30 10:45:17,JNJ,135.76,4,ASK
2020-10-30 10:46:18,JNJ,135.69,4,BID
2020-10-30 10:46:18,JNJ,135.77,3,ASK
2020-10-30 10:46:19,JNJ,135.69,4,BID
2020-10-30 10:46:19,JNJ,135.76,1,ASK
2020-10-30 10:46:19,JNJ,135.64,3,BID
2020-10-30 10:46:19,JNJ,135.71,4,ASK
2020-10-30 10:46:19,JNJ,135.64,3,BID
2020-10-30 10:46:19,JNJ,135.71,4,ASK
2020-10-30 10:46:19,JNJ,135.64,3,BID
2020-10-30 10:46:19,JNJ,135.71,4,ASK
2020-10-30 10:46:19,JNJ,135.64,3,BID
2020-10-30 10:46:19,JNJ,135.71,4,ASK
2020-10-30 10:46:19,JNJ,135.64,3,BID
2020-10-30 10:46:21,JNJ,135.71,5,ASK
2020-10-30 10:46:21,JNJ,135.64,4,BID
2020-10-30 10:46:22,JNJ,135.71,5,ASK
2020-10-30 10:46:21,JNJ,135.64,4,BID
2020-10-30 10:46:22,JNJ,135.71,4,ASK
2020-10-30 10:46:24,JNJ,135.57,2,BID
2020-10-30 10:46:24,JNJ,135.67,2,ASK
2020-10-30 10:46:25,JNJ,135.57,1,BID
2020-10-30 10:46:25,JNJ,135.66,2,ASK
2020-10-30 10:46:25,JNJ,135.56,10,BID
2020-10-30 10:46:25,JNJ,135.66,2,ASK
2020-10-30 10:46:25,JNJ,135.56,9,BID
2020-10-30 10:46:26,JNJ,135.66,2,ASK
2020-10-30 10:46:27,JNJ,135.57,1,BID
2020-10-30 10:46:27,JNJ,135.66,2,ASK
2020-10-30 10:46:28,JNJ,135.57,1,BID
2020-10-30 10:46:28,JNJ,135.66,3,ASK
2020-10-30 10:46:29,JNJ,135.56,11,BID
2020-10-30 10:46:29,JNJ,135.65,3,ASK
2020-10-30 10:46:30,JNJ,135.6,1,BID
2020-10-30 10:46:30,JNJ,135.66,4,ASK
2020-10-30 10:46:30,JNJ,135.63,1,BID
2020-10-30 10:46:30,JNJ,135.69,1,ASK
2020-10-30 10:46:32,JNJ,135.64,1,BID
2020-10-30 10:46:32,JNJ,135.71,4,ASK
2020-10-30 10:46:33,JNJ,135.64,2,BID
2020-10-30 10:46:19,JNJ,135.76,4,ASK
2020-10-30 10:46:33,JNJ,135.64,2,BID
2020-10-30 10:46:33,JNJ,135.73,3,ASK
2020-10-30 10:46:35,JNJ,135.64,3,BID
2020-10-30 10:46:19,JNJ,135.76,5,ASK
2020-10-30 10:46:36,JNJ,135.64,3,BID
2020-10-30 10:46:36,JNJ,135.76,5,ASK
2020-10-30 10:46:38,JNJ,135.66,2,BID
2020-10-30 10:46:38,JNJ,135.76,5,ASK
2020-10-30 10:46:39,JNJ,135.67,1,BID
2020-10-30 10:46:39,JNJ,135.76,3,ASK
2020-10-30 10:46:39,JNJ,135.67,3,BID
2020-10-30 10:46:39,JNJ,135.76,3,ASK
2020-10-30 10:46:41,JNJ,135.65,3,BID
2020-10-30 10:46:41,JNJ,135.71,3,ASK
2020-10-30 10:46:41,JNJ,135.64,1,BID
2020-10-30 10:46:41,JNJ,135.72,5,ASK
2020-10-30 10:46:43,JNJ,135.6,2,BID
2020-10-30 10:46:43,JNJ,135.71,2,ASK
2020-10-30 10:46:44,JNJ,135.61,1,BID
2020-10-30 10:46:44,JNJ,135.71,2,ASK
2020-10-30 10:46:45,JNJ,135.6,2,BID
2020-10-30 10:46:45,JNJ,135.71,2,ASK
2020-10-30 10:46:46,JNJ,135.6,4,BID
2020-10-30 10:46:46,JNJ,135.71,2,ASK
2020-10-30 10:46:47,JNJ,135.67,3,BID
2020-10-30 10:46:41,JNJ,135.76,5,ASK
2020-10-30 10:46:48,JNJ,135.67,5,BID
2020-10-30 10:46:41,JNJ,135.76,3,ASK
2020-10-30 10:46:49,JNJ,135.69,1,BID
2020-10-30 10:46:49,JNJ,135.78,11,ASK
2020-10-30 10:46:50,JNJ,135.67,6,BID
2020-10-30 10:46:50,JNJ,135.76,4,ASK
2020-10-30 10:46:50,JNJ,135.67,6,BID
2020-10-30 10:46:50,JNJ,135.76,4,ASK
2020-10-30 10:46:50,JNJ,135.67,6,BID
2020-10-30 10:46:50,JNJ,135.76,4,ASK
2020-10-30 10:46:50,JNJ,135.67,6,BID
2020-10-30 10:46:50,JNJ,135.76,4,ASK
2020-10-30 10:46:50,JNJ,135.67,6,BID
2020-10-30 10:46:50,JNJ,135.76,4,ASK
2020-10-30 10:46:50,JNJ,135.67,6,BID
2020-10-30 10:46:50,JNJ,135.76,4,ASK
2020-10-30 10:46:50,JNJ,135.67,6,BID
2020-10-30 10:46:50,JNJ,135.76,4,ASK
2020-10-30 10:46:50,JNJ,135.67,6,BID
2020-10-30 10:46:50,JNJ,135.76,4,ASK
2020-10-30 10:46:50,JNJ,135.67,6,BID
2020-10-30 10:46:50,JNJ,135.76,4,ASK
2020-10-30 10:46:50,JNJ,135.67,6,BID
2020-10-30 10:46:50,JNJ,135.76,4,ASK
2020-10-30 10:46:50,JNJ,135.67,6,BID
2020-10-30 10:46:50,JNJ,135.76,4,ASK
2020-10-30 10:46:50,JNJ,135.67,6,BID
2020-10-30 10:46:50,JNJ,135.76,4,ASK
2020-10-30 10:46:50,JNJ,135.67,6,BID
2020-10-30 10:46:50,JNJ,135.76,4,ASK
2020-10-30 10:46:50,JNJ,135.67,6,BID
2020-10-30 10:46:50,JNJ,135.76,4,ASK
2020-10-30 10:46:50,JNJ,135.67,6,BID
2020-10-30 10:46:50,JNJ,135.76,4,ASK
2020-10-30 10:46:50,JNJ,135.67,6,BID
2020-10-30 10:46:50,JNJ,135.76,4,ASK
2020-10-30 10:46:50,JNJ,135.67,6,BID
2020-10-30 10:46:50,JNJ,135.76,4,ASK
2020-10-30 10:46:50,JNJ,135.67,6,BID
2020-10-30 10:46:50,JNJ,135.76,4,ASK
2020-10-30 10:46:50,JNJ,135.67,6,BID
2020-10-30 10:46:50,JNJ,135.76,4,ASK
2020-10-30 10:46:50,JNJ,135.67,6,BID
2020-10-30 10:46:50,JNJ,135.76,4,ASK
2020-10-30 10:46:47,JNJ,135.67,6,BID
2020-10-30 10:46:50,JNJ,135.76,4,ASK
2020-10-30 10:46:47,JNJ,135.67,6,BID
2020-10-30 10:46:50,JNJ,135.76,4,ASK
2020-10-30 10:46:47,JNJ,135.67,6,BID
2020-10-30 10:46:50,JNJ,135.76,4,ASK
2020-10-30 10:46:47,JNJ,135.67,6,BID
2020-10-30 10:46:50,JNJ,135.76,4,ASK
2020-10-30 10:46:47,JNJ,135.67,6,BID
2020-10-30 10:46:50,JNJ,135.76,4,ASK
2020-10-30 10:46:47,JNJ,135.67,6,BID
2020-10-30 10:46:50,JNJ,135.76,4,ASK
2020-10-30 10:46:47,JNJ,135.67,6,BID
2020-10-30 10:46:50,JNJ,135.76,4,ASK
2020-10-30 10:46:47,JNJ,135.67,6,BID
2020-10-30 10:46:50,JNJ,135.76,4,ASK
2020-10-30 10:46:57,JNJ,135.71,2,BID
2020-10-30 10:46:57,JNJ,135.79,5,ASK
2020-10-30 10:46:59,JNJ,135.71,4,BID
2020-10-30 10:46:59,JNJ,135.81,4,ASK
2020-10-30 10:47:01,JNJ,135.73,2,BID
2020-10-30 10:47:01,JNJ,135.82,1,ASK
2020-10-30 10:47:01,JNJ,135.76,1,BID
2020-10-30 10:47:01,JNJ,135.82,3,ASK
2020-10-30 10:47:01,JNJ,135.76,1,BID
2020-10-30 10:47:01,JNJ,135.82,3,ASK
2020-10-30 10:47:01,JNJ,135.76,1,BID
2020-10-30 10:47:01,JNJ,135.82,3,ASK
2020-10-30 10:47:02,JNJ,135.76,1,BID
2020-10-30 10:47:02,JNJ,135.82,3,ASK
2020-10-30 10:47:02,JNJ,135.76,1,BID
2020-10-30 10:47:02,JNJ,135.82,3,ASK
2020-10-30 10:47:02,JNJ,135.76,1,BID
2020-10-30 10:47:02,JNJ,135.82,3,ASK
2020-10-30 10:47:02,JNJ,135.76,1,BID
2020-10-30 10:47:02,JNJ,135.82,3,ASK
2020-10-30 10:47:02,JNJ,135.76,1,BID
2020-10-30 10:47:02,JNJ,135.82,3,ASK
2020-10-30 10:47:07,JNJ,135.75,3,BID
2020-10-30 10:47:07,JNJ,135.79,1,ASK
2020-10-30 10:47:07,JNJ,135.7,3,BID
2020-10-30 10:47:07,JNJ,135.77,2,ASK
2020-10-30 10:47:07,JNJ,135.7,3,BID
2020-10-30 10:47:07,JNJ,135.77,2,ASK
2020-10-30 10:47:07,JNJ,135.7,3,BID
2020-10-30 10:47:07,JNJ,135.77,2,ASK
2020-10-30 10:47:07,JNJ,135.7,3,BID
2020-10-30 10:47:07,JNJ,135.77,2,ASK
2020-10-30 10:47:07,JNJ,135.7,3,BID
2020-10-30 10:47:07,JNJ,135.77,2,ASK
2020-10-30 10:47:07,JNJ,135.7,3,BID
2020-10-30 10:47:07,JNJ,135.77,2,ASK
2020-10-30 10:47:07,JNJ,135.7,3,BID
2020-10-30 10:47:07,JNJ,135.77,2,ASK
2020-10-30 10:47:07,JNJ,135.7,3,BID
2020-10-30 10:47:07,JNJ,135.77,2,ASK
2020-10-30 10:47:07,JNJ,135.7,3,BID
2020-10-30 10:47:07,JNJ,135.77,2,ASK
2020-10-30 10:47:07,JNJ,135.7,3,BID
2020-10-30 10:47:07,JNJ,135.77,2,ASK
2020-10-30 10:47:07,JNJ,135.7,3,BID
2020-10-30 10:47:07,JNJ,135.77,2,ASK
2020-10-30 10:47:07,JNJ,135.7,3,BID
2020-10-30 10:47:07,JNJ,135.77,2,ASK
2020-10-30 10:47:07,JNJ,135.7,3,BID
2020-10-30 10:47:07,JNJ,135.77,2,ASK
2020-10-30 10:47:07,JNJ,135.7,3,BID
2020-10-30 10:47:07,JNJ,135.77,2,ASK
2020-10-30 10:47:12,JNJ,135.7,4,BID
2020-10-30 10:47:12,JNJ,135.77,2,ASK
2020-10-30 10:47:13,JNJ,135.7,4,BID
2020-10-30 10:47:13,JNJ,135.77,3,ASK
2020-10-30 10:47:14,JNJ,135.7,4,BID
2020-10-30 10:47:14,JNJ,135.77,4,ASK
2020-10-30 10:47:16,JNJ,135.7,4,BID
2020-10-30 10:47:14,JNJ,135.77,4,ASK
2020-10-30 10:47:17,JNJ,135.7,4,BID
2020-10-30 10:47:17,JNJ,135.77,4,ASK
2020-10-30 10:47:20,JNJ,135.7,4,BID
2020-10-30 10:47:17,JNJ,135.77,4,ASK
2020-10-30 10:47:21,JNJ,135.65,3,BID
2020-10-30 10:47:21,JNJ,135.73,4,ASK
2020-10-30 10:47:21,JNJ,135.65,3,BID
2020-10-30 10:47:21,JNJ,135.73,7,ASK
2020-10-30 10:47:22,JNJ,135.65,4,BID
2020-10-30 10:47:23,JNJ,135.73,7,ASK
2020-10-30 10:47:23,JNJ,135.66,1,BID
2020-10-30 10:47:23,JNJ,135.73,7,ASK
2020-10-30 10:47:24,JNJ,135.66,1,BID
2020-10-30 10:47:24,JNJ,135.73,7,ASK
2020-10-30 10:47:24,JNJ,135.66,1,BID
2020-10-30 10:47:24,JNJ,135.73,7,ASK
2020-10-30 10:47:24,JNJ,135.66,1,BID
2020-10-30 10:47:24,JNJ,135.73,7,ASK
2020-10-30 10:47:26,JNJ,135.66,1,BID
2020-10-30 10:47:26,JNJ,135.73,7,ASK
2020-10-30 10:47:26,JNJ,135.66,1,BID
2020-10-30 10:47:26,JNJ,135.73,7,ASK
2020-10-30 10:47:22,JNJ,135.65,4,BID
2020-10-30 10:47:29,JNJ,135.73,7,ASK
2020-10-30 10:47:30,JNJ,135.66,1,BID
2020-10-30 10:47:30,JNJ,135.73,6,ASK
2020-10-30 10:47:31,JNJ,135.66,3,BID
2020-10-30 10:47:31,JNJ,135.73,3,ASK
2020-10-30 10:47:31,JNJ,135.66,3,BID
2020-10-30 10:47:31,JNJ,135.73,3,ASK
2020-10-30 10:47:31,JNJ,135.66,3,BID
2020-10-30 10:47:31,JNJ,135.73,3,ASK
2020-10-30 10:47:35,JNJ,135.63,2,BID
2020-10-30 10:47:36,JNJ,135.69,3,ASK
2020-10-30 10:47:37,JNJ,135.61,3,BID
2020-10-30 10:47:37,JNJ,135.65,3,ASK
2020-10-30 10:47:37,JNJ,135.6,7,BID
2020-10-30 10:47:37,JNJ,135.63,3,ASK
2020-10-30 10:47:37,JNJ,135.58,1,BID
2020-10-30 10:47:37,JNJ,135.63,3,ASK
2020-10-30 10:47:37,JNJ,135.58,1,BID
2020-10-30 10:47:37,JNJ,135.63,3,ASK
2020-10-30 10:47:40,JNJ,135.58,2,BID
2020-10-30 10:47:40,JNJ,135.63,3,ASK
2020-10-30 10:47:40,JNJ,135.58,2,BID
2020-10-30 10:47:40,JNJ,135.63,3,ASK
2020-10-30 10:47:41,JNJ,135.58,2,BID
2020-10-30 10:47:41,JNJ,135.66,5,ASK
2020-10-30 10:47:41,JNJ,135.58,3,BID
2020-10-30 10:47:42,JNJ,135.66,5,ASK
2020-10-30 10:47:43,JNJ,135.59,1,BID
2020-10-30 10:47:43,JNJ,135.65,2,ASK
2020-10-30 10:47:43,JNJ,135.59,1,BID
2020-10-30 10:47:43,JNJ,135.65,2,ASK
2020-10-30 10:47:45,JNJ,135.59,3,BID
2020-10-30 10:47:45,JNJ,135.66,5,ASK
2020-10-30 10:47:41,JNJ,135.58,2,BID
2020-10-30 10:47:46,JNJ,135.62,2,ASK
2020-10-30 10:47:47,JNJ,135.56,11,BID
2020-10-30 10:47:47,JNJ,135.62,2,ASK
2020-10-30 10:47:47,JNJ,135.56,11,BID
2020-10-30 10:47:47,JNJ,135.62,2,ASK
2020-10-30 10:47:49,JNJ,135.55,3,BID
2020-10-30 10:47:49,JNJ,135.61,4,ASK
2020-10-30 10:47:49,JNJ,135.55,3,BID
2020-10-30 10:47:49,JNJ,135.61,4,ASK
2020-10-30 10:47:49,JNJ,135.55,3,BID
2020-10-30 10:47:49,JNJ,135.61,4,ASK
2020-10-30 10:47:52,JNJ,135.53,2,BID
2020-10-30 10:47:52,JNJ,135.57,2,ASK
2020-10-30 10:47:52,JNJ,135.5,17,BID
2020-10-30 10:47:52,JNJ,135.53,4,ASK
2020-10-30 10:47:53,JNJ,135.5,16,BID
2020-10-30 10:47:52,JNJ,135.53,3,ASK
2020-10-30 10:47:54,JNJ,135.5,6,BID
2020-10-30 10:47:54,JNJ,135.54,1,ASK
2020-10-30 10:47:55,JNJ,135.44,4,BID
2020-10-30 10:47:55,JNJ,135.53,8,ASK
2020-10-30 10:47:55,JNJ,135.44,4,BID
2020-10-30 10:47:55,JNJ,135.53,8,ASK
2020-10-30 10:47:55,JNJ,135.44,4,BID
2020-10-30 10:47:55,JNJ,135.53,8,ASK
2020-10-30 10:47:58,JNJ,135.4,3,BID
2020-10-30 10:47:58,JNJ,135.51,5,ASK
2020-10-30 10:47:58,JNJ,135.41,2,BID
2020-10-30 10:47:58,JNJ,135.47,3,ASK
2020-10-30 10:47:59,JNJ,135.43,2,BID
2020-10-30 10:47:58,JNJ,135.47,3,ASK
2020-10-30 10:48:00,JNJ,135.44,4,BID
2020-10-30 10:47:59,JNJ,135.51,3,ASK
2020-10-30 10:48:00,JNJ,135.44,4,BID
2020-10-30 10:47:59,JNJ,135.51,3,ASK
2020-10-30 10:48:00,JNJ,135.44,4,BID
2020-10-30 10:47:59,JNJ,135.51,3,ASK
2020-10-30 10:48:00,JNJ,135.44,4,BID
2020-10-30 10:47:59,JNJ,135.51,3,ASK
2020-10-30 10:48:00,JNJ,135.44,4,BID
2020-10-30 10:47:59,JNJ,135.51,3,ASK
2020-10-30 10:48:05,JNJ,135.47,3,BID
2020-10-30 10:47:57,JNJ,135.53,9,ASK
2020-10-30 10:48:05,JNJ,135.47,3,BID
2020-10-30 10:48:05,JNJ,135.58,7,ASK
2020-10-30 10:48:08,JNJ,135.51,1,BID
2020-10-30 10:48:08,JNJ,135.58,7,ASK
2020-10-30 10:48:08,JNJ,135.51,3,BID
2020-10-30 10:48:08,JNJ,135.57,5,ASK
2020-10-30 10:48:09,JNJ,135.51,3,BID
2020-10-30 10:48:09,JNJ,135.57,5,ASK
2020-10-30 10:48:09,JNJ,135.51,3,BID
2020-10-30 10:48:09,JNJ,135.57,5,ASK
2020-10-30 10:48:09,JNJ,135.51,3,BID
2020-10-30 10:48:09,JNJ,135.57,5,ASK
2020-10-30 10:48:12,JNJ,135.55,4,BID
2020-10-30 10:48:12,JNJ,135.59,7,ASK
2020-10-30 10:48:15,JNJ,135.55,1,BID
2020-10-30 10:48:14,JNJ,135.59,8,ASK
2020-10-30 10:48:15,JNJ,135.55,1,BID
2020-10-30 10:48:14,JNJ,135.59,8,ASK
2020-10-30 10:48:15,JNJ,135.52,2,BID
2020-10-30 10:48:15,JNJ,135.59,8,ASK
2020-10-30 10:48:15,JNJ,135.52,2,BID
2020-10-30 10:48:15,JNJ,135.59,8,ASK
2020-10-30 10:48:15,JNJ,135.52,2,BID
2020-10-30 10:48:15,JNJ,135.59,8,ASK
2020-10-30 10:48:19,JNJ,135.52,2,BID
2020-10-30 10:48:19,JNJ,135.58,3,ASK
2020-10-30 10:48:19,JNJ,135.52,2,BID
2020-10-30 10:48:19,JNJ,135.58,3,ASK
2020-10-30 10:48:19,JNJ,135.52,2,BID
2020-10-30 10:48:19,JNJ,135.58,3,ASK
2020-10-30 10:48:23,JNJ,135.52,4,BID
2020-10-30 10:48:23,JNJ,135.58,5,ASK
2020-10-30 10:48:24,JNJ,135.52,4,BID
2020-10-30 10:48:24,JNJ,135.58,6,ASK
2020-10-30 10:48:25,JNJ,135.54,3,BID
2020-10-30 10:48:25,JNJ,135.59,8,ASK
2020-10-30 10:48:26,JNJ,135.55,3,BID
2020-10-30 10:48:26,JNJ,135.63,6,ASK
2020-10-30 10:48:28,JNJ,135.55,3,BID
2020-10-30 10:48:27,JNJ,135.63,4,ASK
2020-10-30 10:48:30,JNJ,135.58,3,BID
2020-10-30 10:48:30,JNJ,135.66,4,ASK
2020-10-30 10:48:31,JNJ,135.61,3,BID
2020-10-30 10:48:31,JNJ,135.66,4,ASK
2020-10-30 10:48:31,JNJ,135.61,3,BID
2020-10-30 10:48:31,JNJ,135.66,4,ASK
2020-10-30 10:48:31,JNJ,135.61,3,BID
2020-10-30 10:48:31,JNJ,135.66,4,ASK
2020-10-30 10:48:36,JNJ,135.61,3,BID
2020-10-30 10:48:36,JNJ,135.66,2,ASK
2020-10-30 10:48:38,JNJ,135.6,2,BID
2020-10-30 10:48:38,JNJ,135.66,2,ASK
2020-10-30 10:48:38,JNJ,135.6,3,BID
2020-10-30 10:48:38,JNJ,135.66,2,ASK
2020-10-30 10:48:38,JNJ,135.6,3,BID
2020-10-30 10:48:41,JNJ,135.66,3,ASK
2020-10-30 10:48:42,JNJ,135.6,7,BID
2020-10-30 10:48:42,JNJ,135.66,10,ASK
2020-10-30 10:48:42,JNJ,135.6,7,BID
2020-10-30 10:48:42,JNJ,135.66,10,ASK
2020-10-30 10:48:45,JNJ,135.57,1,BID
2020-10-30 10:48:45,JNJ,135.62,5,ASK
2020-10-30 10:48:46,JNJ,135.53,1,BID
2020-10-30 10:48:46,JNJ,135.6,6,ASK
2020-10-30 10:48:46,JNJ,135.53,6,BID
2020-10-30 10:48:47,JNJ,135.6,6,ASK
2020-10-30 10:48:14,JNJ,135.52,4,BID
2020-10-30 10:48:48,JNJ,135.6,10,ASK
2020-10-30 10:48:50,JNJ,135.52,7,BID
2020-10-30 10:48:50,JNJ,135.6,12,ASK
2020-10-30 10:48:52,JNJ,135.52,7,BID
2020-10-30 10:48:52,JNJ,135.58,2,ASK
2020-10-30 10:48:52,JNJ,135.52,7,BID
2020-10-30 10:48:52,JNJ,135.58,2,ASK
2020-10-30 10:48:52,JNJ,135.52,7,BID
2020-10-30 10:48:52,JNJ,135.58,2,ASK
2020-10-30 10:48:56,JNJ,135.52,7,BID
2020-10-30 10:48:56,JNJ,135.58,4,ASK
2020-10-30 10:48:58,JNJ,135.5,1,BID
2020-10-30 10:48:58,JNJ,135.55,8,ASK
2020-10-30 10:48:58,JNJ,135.5,1,BID
2020-10-30 10:48:58,JNJ,135.55,8,ASK
2020-10-30 10:49:00,JNJ,135.46,1,BID
2020-10-30 10:49:00,JNJ,135.51,1,ASK
2020-10-30 10:49:00,JNJ,135.43,5,BID
2020-10-30 10:49:00,JNJ,135.5,2,ASK
2020-10-30 10:49:01,JNJ,135.45,3,BID
2020-10-30 10:49:01,JNJ,135.5,2,ASK
2020-10-30 10:49:01,JNJ,135.45,3,BID
2020-10-30 10:49:01,JNJ,135.5,2,ASK
2020-10-30 10:49:01,JNJ,135.45,3,BID
2020-10-30 10:49:01,JNJ,135.5,2,ASK
2020-10-30 10:49:01,JNJ,135.45,3,BID
2020-10-30 10:49:01,JNJ,135.5,2,ASK
2020-10-30 10:49:01,JNJ,135.45,3,BID
2020-10-30 10:49:01,JNJ,135.5,2,ASK
2020-10-30 10:49:01,JNJ,135.45,3,BID
2020-10-30 10:49:01,JNJ,135.5,2,ASK
2020-10-30 10:49:01,JNJ,135.45,3,BID
2020-10-30 10:49:01,JNJ,135.5,2,ASK
2020-10-30 10:49:01,JNJ,135.45,3,BID
2020-10-30 10:49:01,JNJ,135.5,2,ASK
2020-10-30 10:49:01,JNJ,135.45,3,BID
2020-10-30 10:49:01,JNJ,135.5,2,ASK
2020-10-30 10:49:01,JNJ,135.45,3,BID
2020-10-30 10:49:01,JNJ,135.5,2,ASK
2020-10-30 10:49:01,JNJ,135.45,3,BID
2020-10-30 10:49:01,JNJ,135.5,2,ASK
2020-10-30 10:49:01,JNJ,135.45,3,BID
2020-10-30 10:49:01,JNJ,135.5,2,ASK
2020-10-30 10:49:01,JNJ,135.45,3,BID
2020-10-30 10:49:01,JNJ,135.5,2,ASK
2020-10-30 10:49:01,JNJ,135.45,3,BID
2020-10-30 10:49:01,JNJ,135.5,2,ASK
2020-10-30 10:49:01,JNJ,135.45,3,BID
2020-10-30 10:49:01,JNJ,135.5,2,ASK
2020-10-30 10:49:01,JNJ,135.45,3,BID
2020-10-30 10:49:01,JNJ,135.5,2,ASK
2020-10-30 10:49:01,JNJ,135.45,3,BID
2020-10-30 10:49:01,JNJ,135.5,2,ASK
2020-10-30 10:49:01,JNJ,135.45,3,BID
2020-10-30 10:49:01,JNJ,135.5,2,ASK
2020-10-30 10:49:01,JNJ,135.45,3,BID
2020-10-30 10:49:01,JNJ,135.5,2,ASK
2020-10-30 10:49:01,JNJ,135.45,3,BID
2020-10-30 10:49:01,JNJ,135.5,2,ASK
2020-10-30 10:49:01,JNJ,135.45,3,BID
2020-10-30 10:49:01,JNJ,135.5,2,ASK
2020-10-30 10:49:01,JNJ,135.45,3,BID
2020-10-30 10:49:01,JNJ,135.5,2,ASK
2020-10-30 10:49:01,JNJ,135.45,3,BID
2020-10-30 10:49:01,JNJ,135.5,2,ASK
2020-10-30 10:49:01,JNJ,135.45,3,BID
2020-10-30 10:49:01,JNJ,135.5,2,ASK
2020-10-30 10:49:01,JNJ,135.45,3,BID
2020-10-30 10:49:01,JNJ,135.5,2,ASK
2020-10-30 10:49:01,JNJ,135.45,3,BID
2020-10-30 10:49:01,JNJ,135.5,2,ASK
2020-10-30 10:49:07,JNJ,135.51,4,BID
2020-10-30 10:49:07,JNJ,135.6,13,ASK
2020-10-30 10:49:09,JNJ,135.53,3,BID
2020-10-30 10:49:09,JNJ,135.6,13,ASK
2020-10-30 10:49:11,JNJ,135.53,3,BID
2020-10-30 10:49:09,JNJ,135.6,13,ASK
2020-10-30 10:49:12,JNJ,135.6,6,BID
2020-10-30 10:47:36,JNJ,135.67,5,ASK
2020-10-30 10:49:13,JNJ,135.53,4,BID
2020-10-30 10:49:13,JNJ,135.6,3,ASK
2020-10-30 10:49:14,JNJ,135.54,1,BID
2020-10-30 10:49:14,JNJ,135.6,4,ASK
2020-10-30 10:49:15,JNJ,135.51,5,BID
2020-10-30 10:49:15,JNJ,135.57,2,ASK
2020-10-30 10:49:15,JNJ,135.51,6,BID
2020-10-30 10:49:16,JNJ,135.56,2,ASK
2020-10-30 10:49:17,JNJ,135.5,2,BID
2020-10-30 10:49:17,JNJ,135.55,3,ASK
2020-10-30 10:49:18,JNJ,135.5,5,BID
2020-10-30 10:49:18,JNJ,135.56,4,ASK
2020-10-30 10:49:19,JNJ,135.51,1,BID
2020-10-30 10:49:19,JNJ,135.56,4,ASK
2020-10-30 10:49:20,JNJ,135.51,3,BID
2020-10-30 10:49:19,JNJ,135.56,3,ASK
2020-10-30 10:49:22,JNJ,135.51,3,BID
2020-10-30 10:49:22,JNJ,135.56,3,ASK
2020-10-30 10:49:23,JNJ,135.53,4,BID
2020-10-30 10:49:23,JNJ,135.62,6,ASK
2020-10-30 10:49:23,JNJ,135.53,5,BID
2020-10-30 10:49:23,JNJ,135.62,7,ASK
2020-10-30 10:49:23,JNJ,135.53,5,BID
2020-10-30 10:49:26,JNJ,135.62,7,ASK
2020-10-30 10:49:23,JNJ,135.53,7,BID
2020-10-30 10:49:27,JNJ,135.63,5,ASK
2020-10-30 10:49:28,JNJ,135.58,2,BID
2020-10-30 10:49:28,JNJ,135.63,2,ASK
2020-10-30 10:49:31,JNJ,135.62,3,BID
2020-10-30 10:49:31,JNJ,135.69,6,ASK
2020-10-30 10:49:32,JNJ,135.62,5,BID
2020-10-30 10:49:31,JNJ,135.7,4,ASK
2020-10-30 10:49:32,JNJ,135.62,5,BID
2020-10-30 10:49:31,JNJ,135.7,4,ASK
2020-10-30 10:49:32,JNJ,135.62,5,BID
2020-10-30 10:49:31,JNJ,135.7,4,ASK
2020-10-30 10:49:32,JNJ,135.6,4,BID
2020-10-30 10:49:32,JNJ,135.69,2,ASK
2020-10-30 10:49:32,JNJ,135.6,4,BID
2020-10-30 10:49:32,JNJ,135.69,2,ASK
2020-10-30 10:49:32,JNJ,135.6,4,BID
2020-10-30 10:49:32,JNJ,135.68,1,ASK
2020-10-30 10:49:32,JNJ,135.6,4,BID
2020-10-30 10:49:32,JNJ,135.68,3,ASK
2020-10-30 10:49:37,JNJ,135.6,6,BID
2020-10-30 10:49:37,JNJ,135.68,5,ASK
2020-10-30 10:49:37,JNJ,135.6,6,BID
2020-10-30 10:49:37,JNJ,135.68,5,ASK
2020-10-30 10:49:37,JNJ,135.6,6,BID
2020-10-30 10:49:37,JNJ,135.68,5,ASK
2020-10-30 10:49:37,JNJ,135.6,6,BID
2020-10-30 10:49:37,JNJ,135.68,5,ASK
2020-10-30 10:49:37,JNJ,135.6,6,BID
2020-10-30 10:49:39,JNJ,135.68,5,ASK
2020-10-30 10:49:40,JNJ,135.59,3,BID
2020-10-30 10:49:40,JNJ,135.67,3,ASK
2020-10-30 10:49:40,JNJ,135.59,3,BID
2020-10-30 10:49:42,JNJ,135.67,4,ASK
2020-10-30 10:49:44,JNJ,135.6,3,BID
2020-10-30 10:49:44,JNJ,135.67,4,ASK
2020-10-30 10:49:44,JNJ,135.6,3,BID
2020-10-30 10:49:44,JNJ,135.67,4,ASK
2020-10-30 10:49:47,JNJ,135.61,2,BID
2020-10-30 10:49:47,JNJ,135.68,9,ASK
2020-10-30 10:49:49,JNJ,135.63,3,BID
2020-10-30 10:49:49,JNJ,135.68,8,ASK
2020-10-30 10:49:49,JNJ,135.63,3,BID
2020-10-30 10:49:49,JNJ,135.68,8,ASK
2020-10-30 10:49:50,JNJ,135.61,2,BID
2020-10-30 10:49:49,JNJ,135.68,7,ASK
2020-10-30 10:49:50,JNJ,135.61,2,BID
2020-10-30 10:49:49,JNJ,135.68,7,ASK
2020-10-30 10:49:46,JNJ,135.57,7,BID
2020-10-30 10:49:53,JNJ,135.66,1,ASK
2020-10-30 10:49:54,JNJ,135.58,4,BID
2020-10-30 10:49:54,JNJ,135.67,4,ASK
2020-10-30 10:49:54,JNJ,135.58,6,BID
2020-10-30 10:49:55,JNJ,135.67,9,ASK
2020-10-30 10:49:57,JNJ,135.58,5,BID
2020-10-30 10:49:55,JNJ,135.67,9,ASK
2020-10-30 10:49:57,JNJ,135.58,5,BID
2020-10-30 10:49:55,JNJ,135.67,9,ASK
2020-10-30 10:50:00,JNJ,135.58,8,BID
2020-10-30 10:50:00,JNJ,135.62,3,ASK
2020-10-30 10:50:01,JNJ,135.6,3,BID
2020-10-30 10:49:55,JNJ,135.67,6,ASK
2020-10-30 10:50:02,JNJ,135.6,6,BID
2020-10-30 10:49:55,JNJ,135.67,4,ASK
2020-10-30 10:50:02,JNJ,135.6,6,BID
2020-10-30 10:49:55,JNJ,135.67,4,ASK
2020-10-30 10:50:03,JNJ,135.6,6,BID
2020-10-30 10:50:03,JNJ,135.67,4,ASK
2020-10-30 10:50:04,JNJ,135.57,8,BID
2020-10-30 10:50:04,JNJ,135.65,6,ASK
2020-10-30 10:50:04,JNJ,135.55,4,BID
2020-10-30 10:50:04,JNJ,135.61,7,ASK
2020-10-30 10:50:05,JNJ,135.55,4,BID
2020-10-30 10:50:05,JNJ,135.62,3,ASK
2020-10-30 10:50:06,JNJ,135.55,4,BID
2020-10-30 10:50:06,JNJ,135.62,5,ASK
2020-10-30 10:49:32,JNJ,135.52,6,BID
2020-10-30 10:50:07,JNJ,135.59,2,ASK
2020-10-30 10:50:08,JNJ,135.51,6,BID
2020-10-30 10:50:08,JNJ,135.59,2,ASK
2020-10-30 10:50:08,JNJ,135.51,6,BID
2020-10-30 10:50:08,JNJ,135.59,2,ASK
2020-10-30 10:50:09,JNJ,135.52,4,BID
2020-10-30 10:50:09,JNJ,135.59,4,ASK
2020-10-30 10:50:08,JNJ,135.51,9,BID
2020-10-30 10:50:10,JNJ,135.59,7,ASK
2020-10-30 10:50:11,JNJ,135.53,6,BID
2020-10-30 10:50:11,JNJ,135.59,7,ASK
2020-10-30 10:50:12,JNJ,135.56,3,BID
2020-10-30 10:50:12,JNJ,135.63,4,ASK
2020-10-30 10:50:13,JNJ,135.56,3,BID
2020-10-30 10:50:13,JNJ,135.6,1,ASK
2020-10-30 10:50:14,JNJ,135.57,3,BID
2020-10-30 10:50:14,JNJ,135.65,8,ASK
2020-10-30 10:50:14,JNJ,135.57,4,BID
2020-10-30 10:50:16,JNJ,135.65,9,ASK
2020-10-30 10:50:14,JNJ,135.57,4,BID
2020-10-30 10:50:16,JNJ,135.65,9,ASK
2020-10-30 10:50:14,JNJ,135.57,4,BID
2020-10-30 10:50:16,JNJ,135.65,9,ASK
2020-10-30 10:50:14,JNJ,135.57,4,BID
2020-10-30 10:50:16,JNJ,135.65,9,ASK
2020-10-30 10:50:14,JNJ,135.57,4,BID
2020-10-30 10:50:16,JNJ,135.65,9,ASK
2020-10-30 10:50:14,JNJ,135.57,4,BID
2020-10-30 10:50:16,JNJ,135.65,9,ASK
2020-10-30 10:50:14,JNJ,135.57,4,BID
2020-10-30 10:50:16,JNJ,135.65,9,ASK
2020-10-30 10:50:14,JNJ,135.57,5,BID
2020-10-30 10:50:16,JNJ,135.65,9,ASK
2020-10-30 10:50:14,JNJ,135.57,5,BID
2020-10-30 10:50:16,JNJ,135.65,9,ASK
2020-10-30 10:50:14,JNJ,135.57,5,BID
2020-10-30 10:50:16,JNJ,135.65,9,ASK
2020-10-30 10:50:14,JNJ,135.57,5,BID
2020-10-30 10:50:16,JNJ,135.65,9,ASK
2020-10-30 10:50:14,JNJ,135.57,5,BID
2020-10-30 10:50:16,JNJ,135.65,9,ASK
2020-10-30 10:50:31,JNJ,135.56,6,BID
2020-10-30 10:50:31,JNJ,135.6,2,ASK
2020-10-30 10:50:33,JNJ,135.56,1,BID
2020-10-30 10:50:33,JNJ,135.63,3,ASK
2020-10-30 10:50:33,JNJ,135.57,3,BID
2020-10-30 10:50:33,JNJ,135.64,4,ASK
2020-10-30 10:50:33,JNJ,135.57,3,BID
2020-10-30 10:50:33,JNJ,135.64,4,ASK
2020-10-30 10:50:34,JNJ,135.59,3,BID
2020-10-30 10:50:34,JNJ,135.64,5,ASK
2020-10-30 10:50:35,JNJ,135.59,3,BID
2020-10-30 10:50:35,JNJ,135.64,4,ASK
2020-10-30 10:50:35,JNJ,135.59,3,BID
2020-10-30 10:50:35,JNJ,135.64,4,ASK
2020-10-30 10:50:38,JNJ,135.58,4,BID
2020-10-30 10:50:35,JNJ,135.64,5,ASK
2020-10-30 10:50:33,JNJ,135.56,4,BID
2020-10-30 10:50:39,JNJ,135.63,2,ASK
2020-10-30 10:50:33,JNJ,135.56,3,BID
2020-10-30 10:50:41,JNJ,135.63,9,ASK
2020-10-30 10:50:33,JNJ,135.56,3,BID
2020-10-30 10:50:43,JNJ,135.63,8,ASK
2020-10-30 10:50:44,JNJ,135.57,4,BID
2020-10-30 10:50:44,JNJ,135.63,7,ASK
2020-10-30 10:50:45,JNJ,135.57,5,BID
2020-10-30 10:50:45,JNJ,135.62,4,ASK
2020-10-30 10:50:47,JNJ,135.55,3,BID
2020-10-30 10:50:47,JNJ,135.62,10,ASK
2020-10-30 10:50:48,JNJ,135.55,3,BID
2020-10-30 10:50:48,JNJ,135.62,11,ASK
2020-10-30 10:50:48,JNJ,135.55,3,BID
2020-10-30 10:50:48,JNJ,135.62,11,ASK
2020-10-30 10:50:48,JNJ,135.55,3,BID
2020-10-30 10:50:48,JNJ,135.62,11,ASK
2020-10-30 10:50:54,JNJ,135.54,1,BID
2020-10-30 10:50:54,JNJ,135.58,3,ASK
2020-10-30 10:50:56,JNJ,135.54,3,BID
2020-10-30 10:50:56,JNJ,135.58,5,ASK
2020-10-30 10:50:57,JNJ,135.55,3,BID
2020-10-30 10:50:56,JNJ,135.6,5,ASK
2020-10-30 10:50:57,JNJ,135.58,2,BID
2020-10-30 10:50:57,JNJ,135.62,12,ASK
2020-10-30 10:50:58,JNJ,135.58,2,BID
2020-10-30 10:50:58,JNJ,135.65,10,ASK
2020-10-30 10:50:59,JNJ,135.6,5,BID
2020-10-30 10:50:59,JNJ,135.65,9,ASK
2020-10-30 10:51:00,JNJ,135.6,5,BID
2020-10-30 10:51:00,JNJ,135.65,8,ASK
2020-10-30 10:51:00,JNJ,135.6,5,BID
2020-10-30 10:51:00,JNJ,135.65,8,ASK
2020-10-30 10:51:02,JNJ,135.6,5,BID
2020-10-30 10:51:02,JNJ,135.66,4,ASK
2020-10-30 10:51:03,JNJ,135.62,2,BID
2020-10-30 10:51:03,JNJ,135.69,1,ASK
2020-10-30 10:51:03,JNJ,135.62,2,BID
2020-10-30 10:51:03,JNJ,135.71,10,ASK
2020-10-30 10:51:04,JNJ,135.63,3,BID
2020-10-30 10:51:04,JNJ,135.72,2,ASK
2020-10-30 10:51:04,JNJ,135.63,3,BID
2020-10-30 10:51:04,JNJ,135.72,4,ASK
2020-10-30 10:51:05,JNJ,135.63,4,BID
2020-10-30 10:51:04,JNJ,135.72,4,ASK
2020-10-30 10:51:06,JNJ,135.63,3,BID
2020-10-30 10:51:06,JNJ,135.71,3,ASK
2020-10-30 10:51:06,JNJ,135.63,3,BID
2020-10-30 10:51:06,JNJ,135.71,3,ASK
2020-10-30 10:51:10,JNJ,135.61,5,BID
2020-10-30 10:51:10,JNJ,135.68,3,ASK
2020-10-30 10:51:10,JNJ,135.61,5,BID
2020-10-30 10:51:10,JNJ,135.68,3,ASK
2020-10-30 10:51:11,JNJ,135.61,5,BID
2020-10-30 10:51:12,JNJ,135.68,3,ASK
2020-10-30 10:51:11,JNJ,135.61,5,BID
2020-10-30 10:51:14,JNJ,135.68,4,ASK
2020-10-30 10:51:11,JNJ,135.61,5,BID
2020-10-30 10:51:14,JNJ,135.68,4,ASK
2020-10-30 10:51:11,JNJ,135.61,5,BID
2020-10-30 10:51:14,JNJ,135.68,4,ASK
2020-10-30 10:51:19,JNJ,135.69,1,BID
2020-10-30 10:51:19,JNJ,135.75,2,ASK
2020-10-30 10:51:19,JNJ,135.68,5,BID
2020-10-30 10:51:19,JNJ,135.72,2,ASK
2020-10-30 10:51:19,JNJ,135.68,6,BID
2020-10-30 10:51:19,JNJ,135.72,4,ASK
2020-10-30 10:51:20,JNJ,135.7,6,BID
2020-10-30 10:51:20,JNJ,135.76,7,ASK
2020-10-30 10:51:20,JNJ,135.7,6,BID
2020-10-30 10:51:20,JNJ,135.76,7,ASK
2020-10-30 10:51:20,JNJ,135.7,5,BID
2020-10-30 10:51:20,JNJ,135.75,3,ASK
2020-10-30 10:51:21,JNJ,135.69,4,BID
2020-10-30 10:51:21,JNJ,135.75,7,ASK
