timestamp,ticker,price,volume,bid_ask
2020-10-30 10:31:24,JPM,96.97,9,BID
2020-10-30 10:31:27,JPM,96.98,3,ASK
2020-10-30 10:31:27,JPM,96.96,8,BID
2020-10-30 10:31:27,JPM,96.98,4,ASK
2020-10-30 10:31:29,JPM,96.97,4,BID
2020-10-30 10:31:29,JPM,96.99,5,ASK
2020-10-30 10:31:30,JPM,96.97,1,BID
2020-10-30 10:31:30,JPM,96.99,2,ASK
2020-10-30 10:31:30,JPM,96.96,15,BID
2020-10-30 10:31:30,JPM,96.98,4,ASK
2020-10-30 10:31:20,JPM,96.95,9,BID
2020-10-30 10:31:32,JPM,96.97,3,ASK
2020-10-30 10:31:32,JPM,96.95,10,BID
2020-10-30 10:31:32,JPM,96.97,4,ASK
2020-10-30 10:31:32,JPM,96.95,10,BID
2020-10-30 10:31:33,JPM,96.97,8,ASK
2020-10-30 10:31:35,JPM,96.98,17,BID
2020-10-30 10:31:35,JPM,97.0,4,ASK
2020-10-30 10:31:35,JPM,96.97,10,BID
2020-10-30 10:31:35,JPM,96.98,6,ASK
2020-10-30 10:31:36,JPM,96.97,8,BID
2020-10-30 10:31:37,JPM,96.98,1,ASK
2020-10-30 10:31:38,JPM,96.97,1,BID
2020-10-30 10:31:38,JPM,96.98,10,ASK
2020-10-30 10:31:38,JPM,96.96,9,BID
2020-10-30 10:31:39,JPM,96.97,4,ASK
2020-10-30 10:31:39,JPM,96.96,11,BID
2020-10-30 10:31:39,JPM,96.97,4,ASK
2020-10-30 10:31:40,JPM,96.96,11,BID
2020-10-30 10:31:40,JPM,96.97,1,ASK
2020-10-30 10:31:41,JPM,96.96,11,BID
2020-10-30 10:31:42,JPM,96.98,16,ASK
2020-10-30 10:31:41,JPM,96.96,11,BID
2020-10-30 10:31:42,JPM,96.97,3,ASK
2020-10-30 10:31:43,JPM,96.98,11,BID
2020-10-30 10:31:44,JPM,97.0,2,ASK
2020-10-30 10:31:45,JPM,96.96,12,BID
2020-10-30 10:31:45,JPM,96.98,7,ASK
2020-10-30 10:31:45,JPM,96.96,12,BID
2020-10-30 10:31:45,JPM,96.98,8,ASK
2020-10-30 10:31:45,JPM,96.96,12,BID
2020-10-30 10:31:47,JPM,96.97,2,ASK
2020-10-30 10:31:47,JPM,96.94,8,BID
2020-10-30 10:31:47,JPM,96.95,4,ASK
2020-10-30 10:31:14,JPM,96.93,9,BID
2020-10-30 10:31:48,JPM,96.95,8,ASK
2020-10-30 10:31:14,JPM,96.93,9,BID
2020-10-30 10:31:49,JPM,96.94,12,ASK
2020-10-30 10:31:50,JPM,96.93,13,BID
2020-10-30 10:31:49,JPM,96.95,11,ASK
2020-10-30 10:31:52,JPM,96.94,12,BID
2020-10-30 10:31:49,JPM,96.95,11,ASK
2020-10-30 10:31:53,JPM,96.94,2,BID
2020-10-30 10:31:49,JPM,96.95,9,ASK
2020-10-30 10:31:54,JPM,96.92,6,BID
2020-10-30 10:31:54,JPM,96.93,5,ASK
2020-10-30 10:31:55,JPM,96.91,11,BID
2020-10-30 10:31:55,JPM,96.92,5,ASK
2020-10-30 10:31:56,JPM,96.89,4,BID
2020-10-30 10:31:56,JPM,96.9,7,ASK
2020-10-30 10:31:57,JPM,96.88,2,BID
2020-10-30 10:31:57,JPM,96.9,8,ASK
2020-10-30 10:31:57,JPM,96.88,11,BID
2020-10-30 10:31:57,JPM,96.9,8,ASK
2020-10-30 10:31:59,JPM,96.9,3,BID
2020-10-30 10:31:59,JPM,96.92,17,ASK
2020-10-30 10:31:56,JPM,96.87,5,BID
2020-10-30 10:32:00,JPM,96.89,10,ASK
2020-10-30 10:32:00,JPM,96.86,1,BID
2020-10-30 10:32:00,JPM,96.87,1,ASK
2020-10-30 10:32:00,JPM,96.84,1,BID
2020-10-30 10:32:00,JPM,96.85,5,ASK
2020-10-30 10:32:01,JPM,96.84,9,BID
2020-10-30 10:32:01,JPM,96.86,8,ASK
2020-10-30 10:32:01,JPM,96.83,8,BID
2020-10-30 10:32:01,JPM,96.84,4,ASK
2020-10-30 10:32:01,JPM,96.82,2,BID
2020-10-30 10:32:02,JPM,96.83,6,ASK
2020-10-30 10:32:02,JPM,96.83,10,BID
2020-10-30 10:32:02,JPM,96.85,10,ASK
2020-10-30 10:32:03,JPM,96.84,7,BID
2020-10-30 10:32:03,JPM,96.85,7,ASK
2020-10-30 10:32:02,JPM,96.81,7,BID
2020-10-30 10:32:03,JPM,96.84,9,ASK
2020-10-30 10:32:04,JPM,96.84,8,BID
2020-10-30 10:32:04,JPM,96.86,9,ASK
2020-10-30 10:32:05,JPM,96.86,7,BID
2020-10-30 10:32:05,JPM,96.88,4,ASK
2020-10-30 10:32:06,JPM,96.86,7,BID
2020-10-30 10:32:06,JPM,96.88,6,ASK
2020-10-30 10:32:08,JPM,96.86,7,BID
2020-10-30 10:32:08,JPM,96.88,6,ASK
2020-10-30 10:32:09,JPM,96.87,6,BID
2020-10-30 10:32:08,JPM,96.88,6,ASK
2020-10-30 10:32:09,JPM,96.85,7,BID
2020-10-30 10:32:09,JPM,96.87,9,ASK
2020-10-30 10:32:10,JPM,96.85,14,BID
2020-10-30 10:32:09,JPM,96.87,10,ASK
2020-10-30 10:32:12,JPM,96.82,5,BID
2020-10-30 10:32:12,JPM,96.86,11,ASK
2020-10-30 10:32:12,JPM,96.85,8,BID
2020-10-30 10:32:09,JPM,96.88,16,ASK
2020-10-30 10:32:13,JPM,96.85,13,BID
2020-10-30 10:32:13,JPM,96.86,8,ASK
2020-10-30 10:32:15,JPM,96.84,6,BID
2020-10-30 10:32:15,JPM,96.85,12,ASK
2020-10-30 10:32:16,JPM,96.84,9,BID
2020-10-30 10:32:16,JPM,96.85,3,ASK
2020-10-30 10:32:17,JPM,96.83,5,BID
2020-10-30 10:32:17,JPM,96.85,13,ASK
2020-10-30 10:32:02,JPM,96.81,11,BID
2020-10-30 10:32:19,JPM,96.83,18,ASK
2020-10-30 10:32:19,JPM,96.78,5,BID
2020-10-30 10:32:19,JPM,96.79,12,ASK
2020-10-30 10:32:20,JPM,96.77,2,BID
2020-10-30 10:32:20,JPM,96.78,13,ASK
2020-10-30 10:32:20,JPM,96.74,8,BID
2020-10-30 10:32:20,JPM,96.77,8,ASK
2020-10-30 10:32:20,JPM,96.75,4,BID
2020-10-30 10:32:20,JPM,96.77,8,ASK
2020-10-30 10:32:21,JPM,96.77,8,BID
2020-10-30 10:32:21,JPM,96.79,15,ASK
2020-10-30 10:32:21,JPM,96.77,7,BID
2020-10-30 10:32:21,JPM,96.8,12,ASK
2020-10-30 10:32:23,JPM,96.77,7,BID
2020-10-30 10:32:22,JPM,96.8,12,ASK
2020-10-30 10:32:23,JPM,96.77,7,BID
2020-10-30 10:32:23,JPM,96.78,1,ASK
2020-10-30 10:32:23,JPM,96.77,9,BID
2020-10-30 10:32:23,JPM,96.79,6,ASK
2020-10-30 10:32:24,JPM,96.73,4,BID
2020-10-30 10:32:24,JPM,96.74,13,ASK
2020-10-30 10:32:24,JPM,96.71,5,BID
2020-10-30 10:32:24,JPM,96.72,9,ASK
2020-10-30 10:32:25,JPM,96.7,6,BID
2020-10-30 10:32:24,JPM,96.71,9,ASK
2020-10-30 10:32:25,JPM,96.69,1,BID
2020-10-30 10:32:25,JPM,96.7,11,ASK
2020-10-30 10:32:25,JPM,96.71,7,BID
2020-10-30 10:32:25,JPM,96.72,16,ASK
2020-10-30 10:32:26,JPM,96.7,3,BID
2020-10-30 10:32:25,JPM,96.72,20,ASK
2020-10-30 10:32:26,JPM,96.65,6,BID
2020-10-30 10:32:26,JPM,96.68,8,ASK
2020-10-30 10:32:27,JPM,96.66,4,BID
2020-10-30 10:32:27,JPM,96.68,4,ASK
2020-10-30 10:32:27,JPM,96.67,13,BID
2020-10-30 10:32:27,JPM,96.69,12,ASK
2020-10-30 10:32:27,JPM,96.69,5,BID
2020-10-30 10:32:27,JPM,96.71,10,ASK
2020-10-30 10:32:28,JPM,96.7,5,BID
2020-10-30 10:32:28,JPM,96.72,13,ASK
2020-10-30 10:32:29,JPM,96.68,8,BID
2020-10-30 10:32:29,JPM,96.7,7,ASK
2020-10-30 10:32:30,JPM,96.7,9,BID
2020-10-30 10:32:30,JPM,96.71,5,ASK
2020-10-30 10:32:31,JPM,96.72,7,BID
2020-10-30 10:32:31,JPM,96.74,13,ASK
2020-10-30 10:32:31,JPM,96.73,9,BID
2020-10-30 10:32:31,JPM,96.75,15,ASK
2020-10-30 10:32:31,JPM,96.72,11,BID
2020-10-30 10:32:31,JPM,96.75,15,ASK
2020-10-30 10:32:32,JPM,96.74,4,BID
2020-10-30 10:32:31,JPM,96.76,14,ASK
2020-10-30 10:32:33,JPM,96.75,6,BID
2020-10-30 10:32:33,JPM,96.77,13,ASK
2020-10-30 10:32:34,JPM,96.75,4,BID
2020-10-30 10:32:34,JPM,96.77,3,ASK
2020-10-30 10:32:33,JPM,96.74,7,BID
2020-10-30 10:32:36,JPM,96.76,4,ASK
2020-10-30 10:32:33,JPM,96.74,5,BID
2020-10-30 10:32:36,JPM,96.75,13,ASK
2020-10-30 10:32:37,JPM,96.76,3,BID
2020-10-30 10:32:37,JPM,96.77,3,ASK
2020-10-30 10:32:31,JPM,96.71,16,BID
2020-10-30 10:32:38,JPM,96.74,8,ASK
2020-10-30 10:32:38,JPM,96.71,8,BID
2020-10-30 10:32:38,JPM,96.73,14,ASK
2020-10-30 10:32:39,JPM,96.73,9,BID
2020-10-30 10:32:39,JPM,96.76,5,ASK
2020-10-30 10:32:40,JPM,96.71,6,BID
2020-10-30 10:32:40,JPM,96.74,5,ASK
2020-10-30 10:32:42,JPM,96.7,3,BID
2020-10-30 10:32:42,JPM,96.73,9,ASK
2020-10-30 10:32:43,JPM,96.72,7,BID
2020-10-30 10:32:43,JPM,96.75,13,ASK
2020-10-30 10:32:44,JPM,96.7,4,BID
2020-10-30 10:32:44,JPM,96.72,13,ASK
2020-10-30 10:32:44,JPM,96.69,8,BID
2020-10-30 10:32:44,JPM,96.71,14,ASK
2020-10-30 10:32:45,JPM,96.69,6,BID
2020-10-30 10:32:45,JPM,96.71,8,ASK
2020-10-30 10:32:45,JPM,96.71,2,BID
2020-10-30 10:32:46,JPM,96.74,9,ASK
2020-10-30 10:32:46,JPM,96.7,6,BID
2020-10-30 10:32:46,JPM,96.72,10,ASK
2020-10-30 10:32:48,JPM,96.72,3,BID
2020-10-30 10:32:48,JPM,96.74,8,ASK
2020-10-30 10:32:49,JPM,96.74,3,BID
2020-10-30 10:32:49,JPM,96.77,12,ASK
2020-10-30 10:32:50,JPM,96.73,3,BID
2020-10-30 10:32:50,JPM,96.75,16,ASK
2020-10-30 10:32:52,JPM,96.72,12,BID
2020-10-30 10:32:52,JPM,96.73,3,ASK
2020-10-30 10:32:54,JPM,96.73,2,BID
2020-10-30 10:32:54,JPM,96.75,22,ASK
2020-10-30 10:32:55,JPM,96.73,7,BID
2020-10-30 10:32:56,JPM,96.75,11,ASK
2020-10-30 10:32:57,JPM,96.74,3,BID
2020-10-30 10:32:57,JPM,96.76,18,ASK
2020-10-30 10:32:57,JPM,96.76,5,BID
2020-10-30 10:32:57,JPM,96.78,11,ASK
2020-10-30 10:32:58,JPM,96.77,4,BID
2020-10-30 10:32:58,JPM,96.79,11,ASK
2020-10-30 10:32:58,JPM,96.78,3,BID
2020-10-30 10:32:58,JPM,96.79,16,ASK
2020-10-30 10:32:59,JPM,96.75,1,BID
2020-10-30 10:32:59,JPM,96.77,17,ASK
2020-10-30 10:33:00,JPM,96.76,2,BID
2020-10-30 10:32:59,JPM,96.78,10,ASK
2020-10-30 10:33:01,JPM,96.78,5,BID
2020-10-30 10:33:01,JPM,96.81,12,ASK
2020-10-30 10:33:02,JPM,96.82,1,BID
2020-10-30 10:33:02,JPM,96.83,12,ASK
2020-10-30 10:33:02,JPM,96.81,1,BID
2020-10-30 10:33:02,JPM,96.83,10,ASK
2020-10-30 10:33:03,JPM,96.8,3,BID
2020-10-30 10:33:03,JPM,96.82,15,ASK
2020-10-30 10:33:04,JPM,96.8,3,BID
2020-10-30 10:33:04,JPM,96.82,11,ASK
2020-10-30 10:33:05,JPM,96.81,1,BID
2020-10-30 10:33:05,JPM,96.84,16,ASK
2020-10-30 10:33:07,JPM,96.81,1,BID
2020-10-30 10:33:07,JPM,96.82,5,ASK
2020-10-30 10:33:07,JPM,96.78,10,BID
2020-10-30 10:33:07,JPM,96.8,9,ASK
2020-10-30 10:33:07,JPM,96.78,10,BID
2020-10-30 10:33:08,JPM,96.81,21,ASK
2020-10-30 10:33:09,JPM,96.79,5,BID
2020-10-30 10:33:09,JPM,96.81,17,ASK
2020-10-30 10:33:10,JPM,96.8,4,BID
2020-10-30 10:33:10,JPM,96.82,12,ASK
2020-10-30 10:33:11,JPM,96.8,3,BID
2020-10-30 10:33:11,JPM,96.82,12,ASK
2020-10-30 10:33:12,JPM,96.83,7,BID
2020-10-30 10:33:11,JPM,96.84,12,ASK
2020-10-30 10:33:14,JPM,96.8,6,BID
2020-10-30 10:33:14,JPM,96.81,13,ASK
2020-10-30 10:33:11,JPM,96.79,8,BID
2020-10-30 10:33:15,JPM,96.8,2,ASK
2020-10-30 10:33:16,JPM,96.76,3,BID
2020-10-30 10:33:16,JPM,96.78,4,ASK
2020-10-30 10:33:17,JPM,96.78,4,BID
2020-10-30 10:33:16,JPM,96.79,5,ASK
2020-10-30 10:33:18,JPM,96.78,4,BID
2020-10-30 10:33:18,JPM,96.8,9,ASK
2020-10-30 10:33:19,JPM,96.76,4,BID
2020-10-30 10:33:19,JPM,96.78,12,ASK
2020-10-30 10:33:19,JPM,96.76,6,BID
2020-10-30 10:33:20,JPM,96.78,4,ASK
2020-10-30 10:33:21,JPM,96.79,11,BID
2020-10-30 10:33:21,JPM,96.8,1,ASK
2020-10-30 10:33:22,JPM,96.8,1,BID
2020-10-30 10:33:22,JPM,96.81,13,ASK
2020-10-30 10:33:23,JPM,96.79,11,BID
2020-10-30 10:33:23,JPM,96.8,6,ASK
2020-10-30 10:33:24,JPM,96.79,7,BID
2020-10-30 10:33:22,JPM,96.81,16,ASK
2020-10-30 10:33:25,JPM,96.79,4,BID
2020-10-30 10:33:22,JPM,96.81,17,ASK
2020-10-30 10:33:27,JPM,96.78,2,BID
2020-10-30 10:33:27,JPM,96.8,8,ASK
2020-10-30 10:33:28,JPM,96.8,4,BID
2020-10-30 10:33:28,JPM,96.81,16,ASK
2020-10-30 10:33:30,JPM,96.82,6,BID
2020-10-30 10:33:29,JPM,96.84,18,ASK
2020-10-30 10:33:31,JPM,96.83,2,BID
2020-10-30 10:33:31,JPM,96.84,7,ASK
2020-10-30 10:33:32,JPM,96.84,6,BID
2020-10-30 10:33:32,JPM,96.85,2,ASK
2020-10-30 10:33:33,JPM,96.86,3,BID
2020-10-30 10:33:33,JPM,96.87,1,ASK
2020-10-30 10:33:33,JPM,96.86,8,BID
2020-10-30 10:33:33,JPM,96.89,9,ASK
2020-10-30 10:33:34,JPM,96.88,5,BID
2020-10-30 10:33:34,JPM,96.89,8,ASK
2020-10-30 10:33:33,JPM,96.85,11,BID
2020-10-30 10:33:35,JPM,96.87,9,ASK
2020-10-30 10:33:35,JPM,96.84,10,BID
2020-10-30 10:33:36,JPM,96.86,5,ASK
2020-10-30 10:33:37,JPM,96.84,14,BID
2020-10-30 10:33:37,JPM,96.86,6,ASK
2020-10-30 10:33:37,JPM,96.86,3,BID
2020-10-30 10:33:37,JPM,96.88,17,ASK
2020-10-30 10:33:38,JPM,96.86,11,BID
2020-10-30 10:33:38,JPM,96.88,4,ASK
2020-10-30 10:33:39,JPM,96.88,7,BID
2020-10-30 10:33:39,JPM,96.9,15,ASK
2020-10-30 10:33:40,JPM,96.88,4,BID
2020-10-30 10:33:34,JPM,96.91,12,ASK
2020-10-30 10:33:41,JPM,96.88,11,BID
2020-10-30 10:33:42,JPM,96.89,4,ASK
2020-10-30 10:33:41,JPM,96.88,11,BID
2020-10-30 10:33:41,JPM,96.9,6,ASK
2020-10-30 10:33:43,JPM,96.88,13,BID
2020-10-30 10:33:44,JPM,96.89,5,ASK
2020-10-30 10:33:39,JPM,96.86,6,BID
2020-10-30 10:33:44,JPM,96.87,4,ASK
2020-10-30 10:33:45,JPM,96.88,14,BID
2020-10-30 10:33:45,JPM,96.9,5,ASK
2020-10-30 10:33:46,JPM,96.9,4,BID
2020-10-30 10:33:46,JPM,96.92,9,ASK
2020-10-30 10:33:46,JPM,96.89,8,BID
2020-10-30 10:33:46,JPM,96.91,5,ASK
2020-10-30 10:33:48,JPM,96.93,1,BID
2020-10-30 10:33:48,JPM,96.94,8,ASK
2020-10-30 10:33:48,JPM,96.94,6,BID
2020-10-30 10:31:47,JPM,96.96,12,ASK
2020-10-30 10:33:49,JPM,96.94,3,BID
2020-10-30 10:33:48,JPM,96.96,9,ASK
2020-10-30 10:33:49,JPM,96.92,4,BID
2020-10-30 10:33:49,JPM,96.94,4,ASK
2020-10-30 10:33:50,JPM,96.95,13,BID
2020-10-30 10:33:50,JPM,96.97,4,ASK
2020-10-30 10:33:52,JPM,96.95,5,BID
2020-10-30 10:33:52,JPM,96.97,9,ASK
2020-10-30 10:33:53,JPM,96.95,3,BID
2020-10-30 10:33:52,JPM,96.97,10,ASK
2020-10-30 10:33:54,JPM,96.96,7,BID
2020-10-30 10:33:54,JPM,96.97,9,ASK
2020-10-30 10:33:56,JPM,96.95,10,BID
2020-10-30 10:33:56,JPM,96.97,11,ASK
2020-10-30 10:33:57,JPM,96.96,6,BID
2020-10-30 10:31:45,JPM,96.98,8,ASK
2020-10-30 10:33:59,JPM,96.97,7,BID
2020-10-30 10:33:59,JPM,96.99,11,ASK
2020-10-30 10:34:00,JPM,97.0,12,BID
2020-10-30 10:34:00,JPM,97.02,12,ASK
2020-10-30 10:34:00,JPM,96.99,11,BID
2020-10-30 10:34:01,JPM,97.0,11,ASK
2020-10-30 10:34:01,JPM,96.99,1,BID
2020-10-30 10:34:01,JPM,97.0,8,ASK
2020-10-30 10:34:02,JPM,97.0,4,BID
2020-10-30 10:34:00,JPM,97.02,8,ASK
2020-10-30 10:34:03,JPM,96.99,14,BID
2020-10-30 10:34:00,JPM,97.02,7,ASK
2020-10-30 10:34:03,JPM,97.0,7,BID
2020-10-30 10:34:03,JPM,97.02,7,ASK
2020-10-30 10:34:04,JPM,97.0,3,BID
2020-10-30 10:34:04,JPM,97.02,8,ASK
2020-10-30 10:34:01,JPM,96.98,13,BID
2020-10-30 10:34:05,JPM,97.0,7,ASK
2020-10-30 10:34:06,JPM,96.99,15,BID
2020-10-30 10:34:03,JPM,97.02,8,ASK
2020-10-30 10:34:07,JPM,97.02,10,BID
2020-10-30 10:34:07,JPM,97.04,13,ASK
2020-10-30 10:34:01,JPM,96.98,17,BID
2020-10-30 10:34:08,JPM,96.99,4,ASK
2020-10-30 10:34:09,JPM,96.97,7,BID
2020-10-30 10:34:09,JPM,96.99,4,ASK
2020-10-30 10:34:09,JPM,96.96,7,BID
2020-10-30 10:34:09,JPM,96.97,12,ASK
2020-10-30 10:34:10,JPM,96.97,1,BID
2020-10-30 10:34:10,JPM,96.98,7,ASK
2020-10-30 10:34:10,JPM,96.97,3,BID
2020-10-30 10:34:10,JPM,96.99,11,ASK
2020-10-30 10:33:57,JPM,96.95,8,BID
2020-10-30 10:34:11,JPM,96.96,6,ASK
2020-10-30 10:34:12,JPM,96.93,17,BID
2020-10-30 10:34:12,JPM,96.95,16,ASK
2020-10-30 10:34:13,JPM,96.92,8,BID
2020-10-30 10:34:13,JPM,96.93,4,ASK
2020-10-30 10:33:47,JPM,96.9,11,BID
2020-10-30 10:34:14,JPM,96.92,2,ASK
2020-10-30 10:34:14,JPM,96.93,4,BID
2020-10-30 10:34:12,JPM,96.95,15,ASK
2020-10-30 10:34:14,JPM,96.93,4,BID
2020-10-30 10:34:14,JPM,96.94,2,ASK
2020-10-30 10:34:15,JPM,96.92,7,BID
2020-10-30 10:34:15,JPM,96.94,2,ASK
2020-10-30 10:34:16,JPM,96.91,9,BID
2020-10-30 10:34:16,JPM,96.94,2,ASK
2020-10-30 10:34:18,JPM,96.94,3,BID
2020-10-30 10:34:17,JPM,96.95,13,ASK
2020-10-30 10:34:19,JPM,96.94,3,BID
2020-10-30 10:34:18,JPM,96.95,15,ASK
2020-10-30 10:34:20,JPM,96.92,12,BID
2020-10-30 10:34:20,JPM,96.94,10,ASK
2020-10-30 10:34:20,JPM,96.92,12,BID
2020-10-30 10:34:18,JPM,96.95,16,ASK
2020-10-30 10:34:23,JPM,96.92,10,BID
2020-10-30 10:34:23,JPM,96.94,5,ASK
2020-10-30 10:34:24,JPM,96.93,3,BID
2020-10-30 10:34:18,JPM,96.95,12,ASK
2020-10-30 10:34:24,JPM,96.95,19,BID
2020-10-30 10:34:24,JPM,96.97,6,ASK
2020-10-30 10:34:25,JPM,96.96,5,BID
2020-10-30 10:34:25,JPM,96.98,8,ASK
2020-10-30 10:34:25,JPM,96.95,15,BID
2020-10-30 10:34:26,JPM,96.97,9,ASK
2020-10-30 10:34:28,JPM,96.93,10,BID
2020-10-30 10:34:28,JPM,96.95,5,ASK
2020-10-30 10:34:23,JPM,96.92,7,BID
2020-10-30 10:34:29,JPM,96.94,8,ASK
2020-10-30 10:34:31,JPM,96.93,5,BID
2020-10-30 10:34:31,JPM,96.95,5,ASK
2020-10-30 10:34:23,JPM,96.92,9,BID
2020-10-30 10:34:31,JPM,96.94,5,ASK
2020-10-30 10:34:33,JPM,96.95,11,BID
2020-10-30 10:34:34,JPM,96.96,6,ASK
2020-10-30 10:34:35,JPM,96.95,9,BID
2020-10-30 10:34:35,JPM,96.98,4,ASK
2020-10-30 10:34:36,JPM,96.94,10,BID
2020-10-30 10:34:36,JPM,96.96,4,ASK
2020-10-30 10:34:37,JPM,96.96,14,BID
2020-10-30 10:34:37,JPM,96.98,6,ASK
2020-10-30 10:34:39,JPM,96.94,10,BID
2020-10-30 10:34:39,JPM,96.95,1,ASK
2020-10-30 10:34:40,JPM,96.94,11,BID
2020-10-30 10:34:41,JPM,96.95,4,ASK
2020-10-30 10:34:42,JPM,96.94,13,BID
2020-10-30 10:34:42,JPM,96.97,11,ASK
2020-10-30 10:34:44,JPM,96.96,4,BID
2020-10-30 10:34:44,JPM,96.98,6,ASK
2020-10-30 10:34:45,JPM,96.97,7,BID
2020-10-30 10:34:45,JPM,96.99,12,ASK
2020-10-30 10:34:46,JPM,96.93,7,BID
2020-10-30 10:34:46,JPM,96.95,6,ASK
2020-10-30 10:34:49,JPM,96.93,13,BID
2020-10-30 10:34:49,JPM,96.94,11,ASK
2020-10-30 10:34:50,JPM,96.95,9,BID
2020-10-30 10:34:49,JPM,96.97,7,ASK
2020-10-30 10:34:50,JPM,96.97,9,BID
2020-10-30 10:34:50,JPM,97.0,9,ASK
2020-10-30 10:34:51,JPM,96.94,10,BID
2020-10-30 10:34:51,JPM,96.96,7,ASK
2020-10-30 10:34:49,JPM,96.93,19,BID
2020-10-30 10:34:51,JPM,96.95,5,ASK
2020-10-30 10:34:23,JPM,96.92,13,BID
2020-10-30 10:34:52,JPM,96.94,13,ASK
2020-10-30 10:34:52,JPM,96.92,15,BID
2020-10-30 10:34:52,JPM,96.94,11,ASK
2020-10-30 10:34:52,JPM,96.92,15,BID
2020-10-30 10:34:52,JPM,96.94,11,ASK
2020-10-30 10:34:52,JPM,96.92,15,BID
2020-10-30 10:34:53,JPM,96.93,1,ASK
2020-10-30 10:34:52,JPM,96.92,15,BID
2020-10-30 10:34:53,JPM,96.93,6,ASK
2020-10-30 10:34:53,JPM,96.93,6,BID
2020-10-30 10:34:53,JPM,96.94,10,ASK
2020-10-30 10:34:53,JPM,96.92,17,BID
2020-10-30 10:34:53,JPM,96.93,9,ASK
2020-10-30 10:34:53,JPM,96.92,17,BID
2020-10-30 10:34:53,JPM,96.93,3,ASK
2020-10-30 10:34:54,JPM,96.9,11,BID
2020-10-30 10:34:54,JPM,96.92,2,ASK
2020-10-30 10:34:55,JPM,96.9,24,BID
2020-10-30 10:34:55,JPM,96.92,8,ASK
2020-10-30 10:34:58,JPM,96.93,13,BID
2020-10-30 10:34:58,JPM,96.95,5,ASK
2020-10-30 10:35:00,JPM,96.89,11,BID
2020-10-30 10:35:00,JPM,96.91,13,ASK
2020-10-30 10:35:03,JPM,96.83,10,BID
2020-10-30 10:35:03,JPM,96.85,6,ASK
2020-10-30 10:35:04,JPM,96.84,9,BID
2020-10-30 10:35:04,JPM,96.86,16,ASK
2020-10-30 10:35:05,JPM,96.83,13,BID
2020-10-30 10:35:05,JPM,96.85,7,ASK
2020-10-30 10:35:05,JPM,96.83,13,BID
2020-10-30 10:35:05,JPM,96.85,7,ASK
2020-10-30 10:35:05,JPM,96.83,13,BID
2020-10-30 10:35:05,JPM,96.85,11,ASK
2020-10-30 10:35:05,JPM,96.82,8,BID
2020-10-30 10:35:05,JPM,96.83,15,ASK
2020-10-30 10:35:05,JPM,96.8,4,BID
2020-10-30 10:35:05,JPM,96.81,3,ASK
2020-10-30 10:35:05,JPM,96.8,12,BID
2020-10-30 10:35:05,JPM,96.82,16,ASK
2020-10-30 10:35:05,JPM,96.8,12,BID
2020-10-30 10:35:05,JPM,96.82,16,ASK
2020-10-30 10:35:05,JPM,96.8,12,BID
2020-10-30 10:35:05,JPM,96.82,16,ASK
2020-10-30 10:35:05,JPM,96.8,12,BID
2020-10-30 10:35:05,JPM,96.82,16,ASK
2020-10-30 10:35:05,JPM,96.8,12,BID
2020-10-30 10:35:05,JPM,96.82,16,ASK
2020-10-30 10:35:05,JPM,96.8,12,BID
2020-10-30 10:35:05,JPM,96.82,16,ASK
2020-10-30 10:35:05,JPM,96.8,14,BID
2020-10-30 10:35:05,JPM,96.82,16,ASK
2020-10-30 10:35:05,JPM,96.8,12,BID
2020-10-30 10:35:05,JPM,96.82,16,ASK
2020-10-30 10:35:06,JPM,96.79,5,BID
2020-10-30 10:35:06,JPM,96.81,7,ASK
2020-10-30 10:35:08,JPM,96.8,6,BID
2020-10-30 10:35:08,JPM,96.81,11,ASK
2020-10-30 10:35:08,JPM,96.79,6,BID
2020-10-30 10:35:08,JPM,96.81,10,ASK
2020-10-30 10:35:08,JPM,96.79,6,BID
2020-10-30 10:35:08,JPM,96.81,10,ASK
2020-10-30 10:35:08,JPM,96.79,6,BID
2020-10-30 10:35:08,JPM,96.81,10,ASK
2020-10-30 10:35:08,JPM,96.79,6,BID
2020-10-30 10:35:08,JPM,96.81,10,ASK
2020-10-30 10:35:09,JPM,96.82,3,BID
2020-10-30 10:35:09,JPM,96.84,7,ASK
2020-10-30 10:35:11,JPM,96.83,6,BID
2020-10-30 10:35:09,JPM,96.85,12,ASK
2020-10-30 10:35:13,JPM,96.85,15,BID
2020-10-30 10:35:13,JPM,96.87,15,ASK
2020-10-30 10:35:17,JPM,96.87,5,BID
2020-10-30 10:35:14,JPM,96.89,13,ASK
2020-10-30 10:35:20,JPM,96.86,4,BID
2020-10-30 10:35:20,JPM,96.88,12,ASK
2020-10-30 10:35:20,JPM,96.85,11,BID
2020-10-30 10:35:20,JPM,96.87,8,ASK
2020-10-30 10:35:20,JPM,96.85,13,BID
2020-10-30 10:35:20,JPM,96.87,8,ASK
2020-10-30 10:35:20,JPM,96.85,12,BID
2020-10-30 10:35:20,JPM,96.86,5,ASK
2020-10-30 10:35:21,JPM,96.86,4,BID
2020-10-30 10:35:21,JPM,96.87,2,ASK
2020-10-30 10:35:21,JPM,96.86,7,BID
2020-10-30 10:35:21,JPM,96.88,3,ASK
2020-10-30 10:35:21,JPM,96.84,13,BID
2020-10-30 10:35:21,JPM,96.85,4,ASK
2020-10-30 10:35:09,JPM,96.8,6,BID
2020-10-30 10:35:22,JPM,96.82,5,ASK
2020-10-30 10:35:22,JPM,96.8,5,BID
2020-10-30 10:35:22,JPM,96.82,15,ASK
2020-10-30 10:35:22,JPM,96.79,3,BID
2020-10-30 10:35:22,JPM,96.8,3,ASK
2020-10-30 10:35:23,JPM,96.8,5,BID
2020-10-30 10:35:23,JPM,96.81,2,ASK
2020-10-30 10:35:24,JPM,96.79,5,BID
2020-10-30 10:35:24,JPM,96.81,9,ASK
2020-10-30 10:35:24,JPM,96.79,6,BID
2020-10-30 10:35:24,JPM,96.81,15,ASK
2020-10-30 10:35:25,JPM,96.79,5,BID
2020-10-30 10:35:25,JPM,96.81,15,ASK
2020-10-30 10:35:25,JPM,96.8,3,BID
2020-10-30 10:35:25,JPM,96.81,15,ASK
2020-10-30 10:35:27,JPM,96.78,8,BID
2020-10-30 10:35:25,JPM,96.81,16,ASK
2020-10-30 10:35:27,JPM,96.78,8,BID
2020-10-30 10:35:28,JPM,96.79,1,ASK
2020-10-30 10:35:27,JPM,96.78,9,BID
2020-10-30 10:35:28,JPM,96.8,5,ASK
2020-10-30 10:35:29,JPM,96.79,3,BID
2020-10-30 10:35:28,JPM,96.81,20,ASK
2020-10-30 10:35:29,JPM,96.79,3,BID
2020-10-30 10:35:28,JPM,96.81,20,ASK
2020-10-30 10:35:27,JPM,96.78,8,BID
2020-10-30 10:35:30,JPM,96.8,6,ASK
2020-10-30 10:35:30,JPM,96.73,8,BID
2020-10-30 10:35:30,JPM,96.75,5,ASK
2020-10-30 10:35:31,JPM,96.74,7,BID
2020-10-30 10:35:31,JPM,96.76,5,ASK
2020-10-30 10:35:32,JPM,96.76,3,BID
2020-10-30 10:35:32,JPM,96.78,14,ASK
2020-10-30 10:35:32,JPM,96.78,7,BID
2020-10-30 10:35:32,JPM,96.8,6,ASK
2020-10-30 10:35:32,JPM,96.78,5,BID
2020-10-30 10:35:32,JPM,96.8,7,ASK
2020-10-30 10:35:33,JPM,96.78,1,BID
2020-10-30 10:35:33,JPM,96.79,5,ASK
2020-10-30 10:35:35,JPM,96.77,6,BID
2020-10-30 10:35:35,JPM,96.79,8,ASK
2020-10-30 10:35:36,JPM,96.77,9,BID
2020-10-30 10:35:36,JPM,96.79,9,ASK
2020-10-30 10:35:38,JPM,96.78,4,BID
2020-10-30 10:35:38,JPM,96.8,14,ASK
2020-10-30 10:35:39,JPM,96.79,2,BID
2020-10-30 10:35:28,JPM,96.81,21,ASK
2020-10-30 10:35:40,JPM,96.78,3,BID
2020-10-30 10:35:40,JPM,96.8,13,ASK
2020-10-30 10:35:42,JPM,96.79,1,BID
2020-10-30 10:35:42,JPM,96.8,1,ASK
2020-10-30 10:35:42,JPM,96.8,1,BID
2020-10-30 10:35:42,JPM,96.81,7,ASK
2020-10-30 10:35:43,JPM,96.79,4,BID
2020-10-30 10:35:43,JPM,96.8,2,ASK
2020-10-30 10:35:44,JPM,96.81,4,BID
2020-10-30 10:35:44,JPM,96.83,15,ASK
2020-10-30 10:35:44,JPM,96.86,1,BID
2020-10-30 10:35:44,JPM,96.87,7,ASK
2020-10-30 10:35:44,JPM,96.86,3,BID
2020-10-30 10:35:44,JPM,96.87,13,ASK
2020-10-30 10:35:45,JPM,96.9,11,BID
2020-10-30 10:35:45,JPM,96.92,4,ASK
2020-10-30 10:35:45,JPM,96.9,18,BID
2020-10-30 10:35:45,JPM,96.92,8,ASK
2020-10-30 10:35:45,JPM,96.87,14,BID
2020-10-30 10:35:45,JPM,96.89,10,ASK
2020-10-30 10:35:46,JPM,96.87,1,BID
2020-10-30 10:35:46,JPM,96.88,5,ASK
2020-10-30 10:35:48,JPM,96.87,1,BID
2020-10-30 10:35:48,JPM,96.88,15,ASK
2020-10-30 10:35:49,JPM,96.87,11,BID
2020-10-30 10:35:49,JPM,96.89,14,ASK
2020-10-30 10:35:51,JPM,96.89,5,BID
2020-10-30 10:35:51,JPM,96.91,11,ASK
2020-10-30 10:35:52,JPM,96.86,5,BID
2020-10-30 10:35:52,JPM,96.87,2,ASK
2020-10-30 10:35:52,JPM,96.86,15,BID
2020-10-30 10:35:52,JPM,96.88,15,ASK
2020-10-30 10:35:53,JPM,96.88,7,BID
2020-10-30 10:35:53,JPM,96.89,4,ASK
2020-10-30 10:35:55,JPM,96.87,4,BID
2020-10-30 10:35:55,JPM,96.89,3,ASK
2020-10-30 10:35:55,JPM,96.88,8,BID
2020-10-30 10:35:55,JPM,96.9,17,ASK
2020-10-30 10:35:56,JPM,96.89,13,BID
2020-10-30 10:35:57,JPM,96.91,20,ASK
2020-10-30 10:35:57,JPM,96.91,8,BID
2020-10-30 10:35:00,JPM,96.93,13,ASK
2020-10-30 10:35:57,JPM,96.91,8,BID
2020-10-30 10:35:00,JPM,96.93,13,ASK
2020-10-30 10:35:57,JPM,96.91,8,BID
2020-10-30 10:35:00,JPM,96.93,13,ASK
2020-10-30 10:35:57,JPM,96.91,8,BID
2020-10-30 10:35:00,JPM,96.93,13,ASK
2020-10-30 10:35:57,JPM,96.91,8,BID
2020-10-30 10:35:00,JPM,96.93,13,ASK
2020-10-30 10:35:58,JPM,96.93,10,BID
2020-10-30 10:35:58,JPM,96.94,11,ASK
2020-10-30 10:36:01,JPM,96.89,9,BID
2020-10-30 10:36:01,JPM,96.91,6,ASK
2020-10-30 10:36:02,JPM,96.88,10,BID
2020-10-30 10:36:02,JPM,96.9,14,ASK
2020-10-30 10:36:03,JPM,96.87,13,BID
2020-10-30 10:36:03,JPM,96.89,9,ASK
2020-10-30 10:36:04,JPM,96.88,3,BID
2020-10-30 10:36:04,JPM,96.89,3,ASK
2020-10-30 10:36:04,JPM,96.87,16,BID
2020-10-30 10:36:04,JPM,96.89,9,ASK
2020-10-30 10:36:06,JPM,96.87,16,BID
2020-10-30 10:36:06,JPM,96.89,1,ASK
2020-10-30 10:36:06,JPM,96.9,4,BID
2020-10-30 10:36:06,JPM,96.92,8,ASK
2020-10-30 10:36:08,JPM,96.91,8,BID
2020-10-30 10:36:02,JPM,96.94,7,ASK
2020-10-30 10:36:09,JPM,96.9,10,BID
2020-10-30 10:36:09,JPM,96.93,13,ASK
2020-10-30 10:36:11,JPM,96.9,8,BID
2020-10-30 10:36:11,JPM,96.92,11,ASK
2020-10-30 10:36:12,JPM,96.92,3,BID
2020-10-30 10:36:12,JPM,96.93,5,ASK
2020-10-30 10:36:13,JPM,96.88,12,BID
2020-10-30 10:36:13,JPM,96.89,2,ASK
2020-10-30 10:36:14,JPM,96.87,9,BID
2020-10-30 10:36:14,JPM,96.88,11,ASK
2020-10-30 10:36:15,JPM,96.85,13,BID
2020-10-30 10:36:15,JPM,96.87,6,ASK
2020-10-30 10:36:15,JPM,96.86,4,BID
2020-10-30 10:36:15,JPM,96.88,17,ASK
2020-10-30 10:36:16,JPM,96.85,10,BID
2020-10-30 10:36:17,JPM,96.86,8,ASK
2020-10-30 10:36:17,JPM,96.85,4,BID
2020-10-30 10:36:16,JPM,96.87,8,ASK
2020-10-30 10:36:18,JPM,96.85,10,BID
2020-10-30 10:36:18,JPM,96.87,5,ASK
2020-10-30 10:36:19,JPM,96.84,15,BID
2020-10-30 10:36:19,JPM,96.85,9,ASK
2020-10-30 10:36:20,JPM,96.83,14,BID
2020-10-30 10:36:20,JPM,96.85,2,ASK
2020-10-30 10:36:21,JPM,96.85,10,BID
2020-10-30 10:36:21,JPM,96.87,9,ASK
2020-10-30 10:36:21,JPM,96.82,6,BID
2020-10-30 10:36:21,JPM,96.84,6,ASK
2020-10-30 10:36:22,JPM,96.81,1,BID
2020-10-30 10:36:22,JPM,96.83,11,ASK
2020-10-30 10:36:22,JPM,96.83,2,BID
2020-10-30 10:36:22,JPM,96.84,7,ASK
2020-10-30 10:36:23,JPM,96.82,1,BID
2020-10-30 10:36:23,JPM,96.83,6,ASK
2020-10-30 10:36:24,JPM,96.82,8,BID
2020-10-30 10:36:24,JPM,96.84,8,ASK
2020-10-30 10:36:24,JPM,96.85,2,BID
2020-10-30 10:36:21,JPM,96.87,11,ASK
2020-10-30 10:36:25,JPM,96.84,2,BID
2020-10-30 10:36:25,JPM,96.86,10,ASK
2020-10-30 10:36:27,JPM,96.85,5,BID
2020-10-30 10:36:27,JPM,96.87,14,ASK
2020-10-30 10:36:28,JPM,96.87,5,BID
2020-10-30 10:36:28,JPM,96.88,17,ASK
2020-10-30 10:36:28,JPM,96.87,1,BID
2020-10-30 10:36:28,JPM,96.88,16,ASK
2020-10-30 10:36:28,JPM,96.85,6,BID
2020-10-30 10:36:28,JPM,96.87,11,ASK
2020-10-30 10:36:30,JPM,96.85,5,BID
2020-10-30 10:36:30,JPM,96.86,7,ASK
2020-10-30 10:36:31,JPM,96.84,3,BID
2020-10-30 10:36:31,JPM,96.85,7,ASK
2020-10-30 10:36:31,JPM,96.83,13,BID
2020-10-30 10:36:31,JPM,96.84,10,ASK
2020-10-30 10:36:31,JPM,96.81,17,BID
2020-10-30 10:36:31,JPM,96.82,5,ASK
2020-10-30 10:36:32,JPM,96.83,5,BID
2020-10-30 10:36:32,JPM,96.84,1,ASK
2020-10-30 10:36:33,JPM,96.79,5,BID
2020-10-30 10:36:33,JPM,96.8,27,ASK
2020-10-30 10:36:35,JPM,96.8,15,BID
2020-10-30 10:36:35,JPM,96.82,12,ASK
2020-10-30 10:36:36,JPM,96.78,13,BID
2020-10-30 10:36:36,JPM,96.8,1,ASK
2020-10-30 10:36:37,JPM,96.8,12,BID
2020-10-30 10:36:37,JPM,96.82,11,ASK
2020-10-30 10:36:37,JPM,96.8,12,BID
2020-10-30 10:36:37,JPM,96.82,11,ASK
2020-10-30 10:36:39,JPM,96.8,11,BID
2020-10-30 10:36:39,JPM,96.82,16,ASK
2020-10-30 10:36:40,JPM,96.8,13,BID
2020-10-30 10:36:39,JPM,96.82,16,ASK
2020-10-30 10:36:40,JPM,96.8,13,BID
2020-10-30 10:36:41,JPM,96.82,13,ASK
2020-10-30 10:36:43,JPM,96.82,16,BID
2020-10-30 10:36:43,JPM,96.84,8,ASK
2020-10-30 10:36:43,JPM,96.82,16,BID
2020-10-30 10:36:43,JPM,96.83,3,ASK
2020-10-30 10:36:40,JPM,96.8,15,BID
2020-10-30 10:36:44,JPM,96.81,2,ASK
2020-10-30 10:36:40,JPM,96.8,15,BID
2020-10-30 10:36:45,JPM,96.81,3,ASK
2020-10-30 10:36:46,JPM,96.79,1,BID
2020-10-30 10:36:46,JPM,96.79,19,ASK
2020-10-30 10:36:46,JPM,96.76,6,BID
2020-10-30 10:36:46,JPM,96.77,1,ASK
2020-10-30 10:36:47,JPM,96.75,16,BID
2020-10-30 10:36:47,JPM,96.77,7,ASK
2020-10-30 10:36:47,JPM,96.75,8,BID
2020-10-30 10:36:47,JPM,96.77,3,ASK
2020-10-30 10:36:48,JPM,96.75,14,BID
2020-10-30 10:36:48,JPM,96.77,13,ASK
2020-10-30 10:36:49,JPM,96.76,8,BID
2020-10-30 10:36:46,JPM,96.78,9,ASK
2020-10-30 10:36:51,JPM,96.8,3,BID
2020-10-30 10:36:51,JPM,96.81,14,ASK
2020-10-30 10:36:50,JPM,96.79,6,BID
2020-10-30 10:36:51,JPM,96.82,12,ASK
2020-10-30 10:36:52,JPM,96.8,2,BID
2020-10-30 10:36:52,JPM,96.82,8,ASK
2020-10-30 10:36:53,JPM,96.8,1,BID
2020-10-30 10:36:53,JPM,96.82,17,ASK
2020-10-30 10:36:50,JPM,96.79,13,BID
2020-10-30 10:36:53,JPM,96.82,17,ASK
2020-10-30 10:36:54,JPM,96.79,12,BID
2020-10-30 10:36:54,JPM,96.8,1,ASK
2020-10-30 10:36:55,JPM,96.82,5,BID
2020-10-30 10:36:53,JPM,96.83,10,ASK
2020-10-30 10:36:55,JPM,96.81,6,BID
2020-10-30 10:36:55,JPM,96.83,2,ASK
2020-10-30 10:36:56,JPM,96.81,11,BID
2020-10-30 10:36:56,JPM,96.83,7,ASK
2020-10-30 10:36:56,JPM,96.81,7,BID
2020-10-30 10:36:56,JPM,96.83,12,ASK
2020-10-30 10:36:58,JPM,96.81,1,BID
2020-10-30 10:36:57,JPM,96.82,8,ASK
2020-10-30 10:36:59,JPM,96.81,2,BID
2020-10-30 10:36:56,JPM,96.83,11,ASK
2020-10-30 10:37:00,JPM,96.81,3,BID
2020-10-30 10:37:00,JPM,96.83,16,ASK
2020-10-30 10:37:01,JPM,96.84,5,BID
2020-10-30 10:37:01,JPM,96.85,3,ASK
2020-10-30 10:37:01,JPM,96.82,15,BID
2020-10-30 10:37:01,JPM,96.84,10,ASK
2020-10-30 10:37:02,JPM,96.85,4,BID
2020-10-30 10:37:02,JPM,96.87,16,ASK
2020-10-30 10:37:02,JPM,96.85,10,BID
2020-10-30 10:37:03,JPM,96.87,16,ASK
2020-10-30 10:37:02,JPM,96.83,8,BID
2020-10-30 10:37:04,JPM,96.85,6,ASK
2020-10-30 10:37:05,JPM,96.85,2,BID
2020-10-30 10:37:05,JPM,96.86,4,ASK
2020-10-30 10:37:06,JPM,96.85,9,BID
2020-10-30 10:37:05,JPM,96.87,16,ASK
2020-10-30 10:37:06,JPM,96.84,12,BID
2020-10-30 10:37:05,JPM,96.87,18,ASK
2020-10-30 10:37:07,JPM,96.84,5,BID
2020-10-30 10:37:07,JPM,96.86,3,ASK
2020-10-30 10:37:08,JPM,96.85,6,BID
2020-10-30 10:37:08,JPM,96.87,10,ASK
2020-10-30 10:37:09,JPM,96.87,4,BID
2020-10-30 10:37:09,JPM,96.88,17,ASK
2020-10-30 10:37:10,JPM,96.88,17,BID
2020-10-30 10:37:10,JPM,96.9,12,ASK
2020-10-30 10:37:11,JPM,96.86,4,BID
2020-10-30 10:37:11,JPM,96.88,22,ASK
2020-10-30 10:37:12,JPM,96.86,10,BID
2020-10-30 10:37:11,JPM,96.88,21,ASK
2020-10-30 10:37:13,JPM,96.8,9,BID
2020-10-30 10:37:13,JPM,96.81,12,ASK
2020-10-30 10:37:13,JPM,96.77,5,BID
2020-10-30 10:37:13,JPM,96.78,11,ASK
2020-10-30 10:37:15,JPM,96.77,4,BID
2020-10-30 10:37:13,JPM,96.78,13,ASK
2020-10-30 10:37:16,JPM,96.79,10,BID
2020-10-30 10:37:16,JPM,96.81,17,ASK
2020-10-30 10:37:16,JPM,96.78,13,BID
2020-10-30 10:37:16,JPM,96.79,15,ASK
2020-10-30 10:37:17,JPM,96.78,4,BID
2020-10-30 10:37:17,JPM,96.79,4,ASK
2020-10-30 10:37:18,JPM,96.76,13,BID
2020-10-30 10:37:18,JPM,96.78,5,ASK
2020-10-30 10:37:19,JPM,96.76,9,BID
2020-10-30 10:37:20,JPM,96.77,7,ASK
2020-10-30 10:37:13,JPM,96.74,13,BID
2020-10-30 10:37:20,JPM,96.76,11,ASK
2020-10-30 10:37:22,JPM,96.73,9,BID
2020-10-30 10:37:22,JPM,96.75,6,ASK
2020-10-30 10:37:22,JPM,96.77,4,BID
2020-10-30 10:37:22,JPM,96.78,13,ASK
2020-10-30 10:37:23,JPM,96.77,3,BID
2020-10-30 10:37:23,JPM,96.78,6,ASK
2020-10-30 10:37:23,JPM,96.78,6,BID
2020-10-30 10:37:23,JPM,96.8,18,ASK
2020-10-30 10:37:25,JPM,96.77,1,BID
2020-10-30 10:37:25,JPM,96.78,8,ASK
2020-10-30 10:37:26,JPM,96.78,12,BID
2020-10-30 10:37:26,JPM,96.8,6,ASK
2020-10-30 10:37:26,JPM,96.81,6,BID
2020-10-30 10:37:26,JPM,96.83,15,ASK
2020-10-30 10:37:27,JPM,96.81,9,BID
2020-10-30 10:37:27,JPM,96.84,16,ASK
2020-10-30 10:37:29,JPM,96.83,2,BID
2020-10-30 10:37:29,JPM,96.84,1,ASK
2020-10-30 10:37:30,JPM,96.82,7,BID
2020-10-30 10:37:30,JPM,96.84,7,ASK
2020-10-30 10:37:30,JPM,96.83,12,BID
2020-10-30 10:37:30,JPM,96.85,4,ASK
2020-10-30 10:37:31,JPM,96.85,3,BID
2020-10-30 10:37:31,JPM,96.86,13,ASK
2020-10-30 10:37:31,JPM,96.86,11,BID
2020-10-30 10:37:32,JPM,96.88,7,ASK
2020-10-30 10:37:32,JPM,96.87,7,BID
2020-10-30 10:37:32,JPM,96.88,1,ASK
2020-10-30 10:37:34,JPM,96.88,11,BID
2020-10-30 10:37:34,JPM,96.9,22,ASK
2020-10-30 10:37:34,JPM,96.89,16,BID
2020-10-30 10:37:34,JPM,96.9,17,ASK
2020-10-30 10:37:35,JPM,96.9,15,BID
2020-10-30 10:37:35,JPM,96.92,8,ASK
2020-10-30 10:37:35,JPM,96.92,13,BID
2020-10-30 10:37:35,JPM,96.94,9,ASK
2020-10-30 10:37:35,JPM,96.9,17,BID
2020-10-30 10:37:36,JPM,96.92,11,ASK
2020-10-30 10:37:37,JPM,96.93,1,BID
2020-10-30 10:37:37,JPM,96.94,1,ASK
2020-10-30 10:37:38,JPM,96.93,7,BID
2020-10-30 10:37:38,JPM,96.95,2,ASK
2020-10-30 10:37:38,JPM,96.93,7,BID
2020-10-30 10:37:38,JPM,96.95,3,ASK
2020-10-30 10:37:39,JPM,96.94,10,BID
2020-10-30 10:37:39,JPM,96.96,3,ASK
2020-10-30 10:37:39,JPM,96.94,10,BID
2020-10-30 10:37:40,JPM,96.96,7,ASK
2020-10-30 10:37:40,JPM,96.94,10,BID
2020-10-30 10:37:40,JPM,96.95,7,ASK
2020-10-30 10:37:41,JPM,96.94,4,BID
2020-10-30 10:37:41,JPM,96.95,3,ASK
2020-10-30 10:37:42,JPM,96.94,9,BID
2020-10-30 10:37:42,JPM,96.96,11,ASK
2020-10-30 10:37:44,JPM,96.94,8,BID
2020-10-30 10:37:44,JPM,96.96,8,ASK
2020-10-30 10:37:44,JPM,96.94,16,BID
2020-10-30 10:37:45,JPM,96.95,3,ASK
2020-10-30 10:37:46,JPM,96.92,1,BID
2020-10-30 10:37:46,JPM,96.93,5,ASK
2020-10-30 10:37:46,JPM,96.92,1,BID
2020-10-30 10:37:46,JPM,96.93,7,ASK
2020-10-30 10:37:47,JPM,96.95,4,BID
2020-10-30 10:37:47,JPM,96.97,9,ASK
2020-10-30 10:37:47,JPM,96.97,5,BID
2020-10-30 10:37:47,JPM,96.99,12,ASK
2020-10-30 10:37:47,JPM,96.98,7,BID
2020-10-30 10:34:50,JPM,97.0,6,ASK
2020-10-30 10:37:49,JPM,96.98,14,BID
2020-10-30 10:37:49,JPM,96.99,6,ASK
2020-10-30 10:37:49,JPM,96.97,9,BID
2020-10-30 10:37:50,JPM,96.99,5,ASK
2020-10-30 10:37:50,JPM,96.95,12,BID
2020-10-30 10:37:51,JPM,96.97,8,ASK
2020-10-30 10:37:50,JPM,96.95,16,BID
2020-10-30 10:37:51,JPM,96.97,5,ASK
2020-10-30 10:37:52,JPM,96.98,8,BID
2020-10-30 10:37:52,JPM,97.0,12,ASK
2020-10-30 10:37:52,JPM,96.98,12,BID
2020-10-30 10:37:52,JPM,97.0,2,ASK
2020-10-30 10:37:53,JPM,97.0,2,BID
2020-10-30 10:37:53,JPM,97.02,12,ASK
2020-10-30 10:37:53,JPM,96.98,13,BID
2020-10-30 10:37:54,JPM,96.99,3,ASK
2020-10-30 10:37:53,JPM,96.98,8,BID
2020-10-30 10:37:54,JPM,97.0,9,ASK
2020-10-30 10:37:53,JPM,96.98,16,BID
2020-10-30 10:37:55,JPM,97.0,1,ASK
2020-10-30 10:37:55,JPM,97.0,2,BID
2020-10-30 10:37:55,JPM,97.01,2,ASK
2020-10-30 10:37:57,JPM,97.0,4,BID
2020-10-30 10:37:54,JPM,97.02,9,ASK
2020-10-30 10:37:57,JPM,97.0,5,BID
2020-10-30 10:37:57,JPM,97.01,5,ASK
2020-10-30 10:37:58,JPM,96.98,4,BID
2020-10-30 10:37:58,JPM,97.0,8,ASK
2020-10-30 10:37:59,JPM,96.98,8,BID
2020-10-30 10:38:00,JPM,96.99,6,ASK
2020-10-30 10:37:59,JPM,96.98,8,BID
2020-10-30 10:38:00,JPM,96.99,6,ASK
2020-10-30 10:38:01,JPM,97.01,9,BID
2020-10-30 10:38:01,JPM,97.03,6,ASK
2020-10-30 10:38:02,JPM,97.02,2,BID
2020-10-30 10:38:01,JPM,97.03,8,ASK
2020-10-30 10:38:02,JPM,97.03,12,BID
2020-10-30 10:38:02,JPM,97.05,11,ASK
2020-10-30 10:38:02,JPM,97.02,8,BID
2020-10-30 10:38:03,JPM,97.04,6,ASK
2020-10-30 10:38:04,JPM,97.02,12,BID
2020-10-30 10:38:04,JPM,97.04,14,ASK
2020-10-30 10:38:05,JPM,96.99,8,BID
2020-10-30 10:38:05,JPM,97.01,7,ASK
2020-10-30 10:38:06,JPM,97.01,17,BID
2020-10-30 10:38:06,JPM,97.03,8,ASK
2020-10-30 10:38:06,JPM,97.0,4,BID
2020-10-30 10:38:06,JPM,97.01,16,ASK
2020-10-30 10:38:07,JPM,96.99,10,BID
2020-10-30 10:38:07,JPM,97.01,8,ASK
2020-10-30 10:38:08,JPM,96.98,7,BID
2020-10-30 10:38:08,JPM,97.0,4,ASK
2020-10-30 10:38:09,JPM,96.97,21,BID
2020-10-30 10:38:09,JPM,96.99,3,ASK
2020-10-30 10:38:11,JPM,96.97,19,BID
2020-10-30 10:38:11,JPM,96.98,2,ASK
2020-10-30 10:38:12,JPM,96.95,17,BID
2020-10-30 10:38:12,JPM,96.97,13,ASK
2020-10-30 10:37:46,JPM,96.93,8,BID
2020-10-30 10:38:12,JPM,96.95,7,ASK
2020-10-30 10:38:13,JPM,96.92,9,BID
2020-10-30 10:38:13,JPM,96.94,5,ASK
2020-10-30 10:38:14,JPM,96.94,7,BID
2020-10-30 10:38:14,JPM,96.95,3,ASK
2020-10-30 10:38:15,JPM,96.95,7,BID
2020-10-30 10:38:15,JPM,96.97,5,ASK
2020-10-30 10:38:15,JPM,96.95,9,BID
2020-10-30 10:38:15,JPM,96.96,8,ASK
2020-10-30 10:38:17,JPM,96.92,7,BID
2020-10-30 10:38:17,JPM,96.93,5,ASK
2020-10-30 10:38:18,JPM,96.9,13,BID
2020-10-30 10:38:18,JPM,96.92,5,ASK
2020-10-30 10:38:19,JPM,96.89,18,BID
2020-10-30 10:38:19,JPM,96.9,3,ASK
2020-10-30 10:38:19,JPM,96.93,9,BID
2020-10-30 10:38:19,JPM,96.95,6,ASK
2020-10-30 10:38:21,JPM,96.94,9,BID
2020-10-30 10:38:21,JPM,96.95,9,ASK
2020-10-30 10:38:21,JPM,96.94,6,BID
2020-10-30 10:38:21,JPM,96.95,1,ASK
2020-10-30 10:38:22,JPM,96.93,7,BID
2020-10-30 10:38:23,JPM,96.94,4,ASK
2020-10-30 10:38:23,JPM,96.93,12,BID
2020-10-30 10:38:24,JPM,96.94,10,ASK
2020-10-30 10:38:26,JPM,96.92,12,BID
2020-10-30 10:38:25,JPM,96.94,10,ASK
2020-10-30 10:38:27,JPM,96.92,11,BID
2020-10-30 10:38:27,JPM,96.94,17,ASK
2020-10-30 10:38:28,JPM,96.92,11,BID
2020-10-30 10:38:28,JPM,96.93,9,ASK
2020-10-30 10:38:29,JPM,96.92,8,BID
2020-10-30 10:38:29,JPM,96.93,11,ASK
2020-10-30 10:38:31,JPM,96.91,8,BID
2020-10-30 10:38:31,JPM,96.92,8,ASK
2020-10-30 10:38:31,JPM,96.91,8,BID
2020-10-30 10:38:31,JPM,96.92,8,ASK
2020-10-30 10:38:33,JPM,96.89,12,BID
2020-10-30 10:38:33,JPM,96.91,17,ASK
2020-10-30 10:38:34,JPM,96.88,17,BID
2020-10-30 10:38:34,JPM,96.9,7,ASK
2020-10-30 10:38:35,JPM,96.87,12,BID
2020-10-30 10:38:35,JPM,96.88,28,ASK
2020-10-30 10:38:36,JPM,96.85,6,BID
2020-10-30 10:38:36,JPM,96.87,10,ASK
2020-10-30 10:38:37,JPM,96.88,4,BID
2020-10-30 10:38:35,JPM,96.9,13,ASK
2020-10-30 10:38:37,JPM,96.88,9,BID
2020-10-30 10:38:37,JPM,96.9,14,ASK
2020-10-30 10:38:38,JPM,96.88,7,BID
2020-10-30 10:38:38,JPM,96.9,11,ASK
2020-10-30 10:38:39,JPM,96.89,8,BID
2020-10-30 10:38:33,JPM,96.91,18,ASK
2020-10-30 10:38:40,JPM,96.9,6,BID
2020-10-30 10:38:32,JPM,96.92,19,ASK
2020-10-30 10:38:41,JPM,96.9,1,BID
2020-10-30 10:38:41,JPM,96.91,4,ASK
2020-10-30 10:38:42,JPM,96.89,8,BID
2020-10-30 10:38:42,JPM,96.91,6,ASK
2020-10-30 10:38:43,JPM,96.91,3,BID
2020-10-30 10:38:30,JPM,96.93,14,ASK
2020-10-30 10:38:44,JPM,96.91,7,BID
2020-10-30 10:38:43,JPM,96.92,6,ASK
2020-10-30 10:38:46,JPM,96.9,13,BID
2020-10-30 10:38:46,JPM,96.91,2,ASK
2020-10-30 10:38:47,JPM,96.9,15,BID
2020-10-30 10:38:47,JPM,96.92,7,ASK
2020-10-30 10:38:47,JPM,96.9,14,BID
2020-10-30 10:38:48,JPM,96.92,6,ASK
2020-10-30 10:38:50,JPM,96.94,3,BID
2020-10-30 10:38:23,JPM,96.95,14,ASK
2020-10-30 10:38:50,JPM,96.95,7,BID
2020-10-30 10:38:50,JPM,96.97,4,ASK
2020-10-30 10:38:51,JPM,96.96,12,BID
2020-10-30 10:38:51,JPM,96.98,11,ASK
2020-10-30 10:38:51,JPM,96.98,1,BID
2020-10-30 10:38:51,JPM,96.99,5,ASK
2020-10-30 10:38:51,JPM,96.97,11,BID
2020-10-30 10:38:51,JPM,96.99,3,ASK
2020-10-30 10:38:52,JPM,96.98,6,BID
2020-10-30 10:38:52,JPM,97.0,11,ASK
2020-10-30 10:38:53,JPM,96.99,1,BID
2020-10-30 10:38:53,JPM,97.0,10,ASK
2020-10-30 10:38:54,JPM,97.0,3,BID
2020-10-30 10:38:54,JPM,97.01,5,ASK
2020-10-30 10:38:54,JPM,97.0,3,BID
2020-10-30 10:38:54,JPM,97.02,9,ASK
2020-10-30 10:38:55,JPM,96.99,5,BID
2020-10-30 10:38:55,JPM,97.0,7,ASK
2020-10-30 10:38:57,JPM,96.99,15,BID
2020-10-30 10:38:57,JPM,97.0,1,ASK
2020-10-30 10:38:58,JPM,96.97,9,BID
2020-10-30 10:38:58,JPM,96.99,2,ASK
2020-10-30 10:38:59,JPM,96.97,11,BID
2020-10-30 10:38:59,JPM,96.99,9,ASK
2020-10-30 10:39:00,JPM,96.96,10,BID
2020-10-30 10:39:00,JPM,96.98,12,ASK
2020-10-30 10:39:01,JPM,96.97,1,BID
2020-10-30 10:39:01,JPM,96.98,9,ASK
2020-10-30 10:39:02,JPM,96.99,4,BID
2020-10-30 10:39:02,JPM,97.0,8,ASK
2020-10-30 10:39:02,JPM,96.99,13,BID
2020-10-30 10:39:02,JPM,97.01,15,ASK
2020-10-30 10:39:03,JPM,96.99,2,BID
2020-10-30 10:39:03,JPM,97.0,10,ASK
2020-10-30 10:39:04,JPM,96.99,6,BID
2020-10-30 10:39:04,JPM,97.0,2,ASK
2020-10-30 10:39:04,JPM,96.99,8,BID
2020-10-30 10:39:04,JPM,97.0,9,ASK
2020-10-30 10:39:05,JPM,96.96,3,BID
2020-10-30 10:39:05,JPM,96.97,5,ASK
2020-10-30 10:39:06,JPM,96.98,5,BID
2020-10-30 10:39:06,JPM,96.99,1,ASK
2020-10-30 10:39:08,JPM,96.98,10,BID
2020-10-30 10:39:08,JPM,97.0,11,ASK
2020-10-30 10:39:07,JPM,96.97,10,BID
2020-10-30 10:39:10,JPM,96.98,1,ASK
2020-10-30 10:39:10,JPM,96.92,9,BID
2020-10-30 10:39:10,JPM,96.93,2,ASK
2020-10-30 10:39:10,JPM,96.92,9,BID
2020-10-30 10:39:10,JPM,96.93,2,ASK
2020-10-30 10:39:10,JPM,96.93,1,BID
2020-10-30 10:39:10,JPM,96.94,10,ASK
2020-10-30 10:39:12,JPM,96.9,17,BID
2020-10-30 10:39:12,JPM,96.92,17,ASK
2020-10-30 10:39:13,JPM,96.91,11,BID
2020-10-30 10:39:13,JPM,96.93,13,ASK
2020-10-30 10:39:14,JPM,96.92,1,BID
2020-10-30 10:39:13,JPM,96.93,12,ASK
2020-10-30 10:39:15,JPM,96.9,16,BID
2020-10-30 10:39:15,JPM,96.93,16,ASK
2020-10-30 10:39:17,JPM,96.94,5,BID
2020-10-30 10:39:17,JPM,96.95,2,ASK
2020-10-30 10:39:20,JPM,96.96,11,BID
2020-10-30 10:39:20,JPM,96.97,13,ASK
2020-10-30 10:39:22,JPM,96.97,7,BID
2020-10-30 10:39:22,JPM,96.99,9,ASK
2020-10-30 10:39:24,JPM,96.96,7,BID
2020-10-30 10:39:24,JPM,96.97,1,ASK
2020-10-30 10:39:26,JPM,96.97,8,BID
2020-10-30 10:39:26,JPM,96.98,2,ASK
2020-10-30 10:39:28,JPM,96.95,15,BID
2020-10-30 10:39:28,JPM,96.97,6,ASK
2020-10-30 10:39:28,JPM,96.96,7,BID
2020-10-30 10:39:29,JPM,96.99,7,ASK
2020-10-30 10:39:29,JPM,96.95,11,BID
2020-10-30 10:39:29,JPM,96.96,6,ASK
2020-10-30 10:39:31,JPM,96.96,1,BID
2020-10-30 10:39:31,JPM,96.98,10,ASK
2020-10-30 10:39:32,JPM,96.95,6,BID
2020-10-30 10:39:32,JPM,96.97,6,ASK
2020-10-30 10:39:32,JPM,96.95,6,BID
2020-10-30 10:39:32,JPM,96.97,6,ASK
2020-10-30 10:39:32,JPM,96.95,6,BID
2020-10-30 10:39:32,JPM,96.97,6,ASK
2020-10-30 10:39:33,JPM,96.94,6,BID
2020-10-30 10:39:33,JPM,96.97,5,ASK
2020-10-30 10:39:36,JPM,96.9,8,BID
2020-10-30 10:39:36,JPM,96.92,5,ASK
2020-10-30 10:39:37,JPM,96.91,8,BID
2020-10-30 10:39:37,JPM,96.93,7,ASK
2020-10-30 10:39:38,JPM,96.92,9,BID
2020-10-30 10:39:38,JPM,96.93,1,ASK
2020-10-30 10:39:40,JPM,96.91,2,BID
2020-10-30 10:39:40,JPM,96.92,4,ASK
2020-10-30 10:39:41,JPM,96.92,9,BID
2020-10-30 10:39:41,JPM,96.93,2,ASK
2020-10-30 10:39:41,JPM,96.91,9,BID
2020-10-30 10:39:41,JPM,96.93,3,ASK
2020-10-30 10:39:43,JPM,96.91,10,BID
2020-10-30 10:39:43,JPM,96.94,11,ASK
2020-10-30 10:39:46,JPM,96.9,7,BID
2020-10-30 10:39:46,JPM,96.92,2,ASK
2020-10-30 10:39:46,JPM,96.91,6,BID
2020-10-30 10:39:46,JPM,96.93,7,ASK
2020-10-30 10:39:46,JPM,96.91,7,BID
2020-10-30 10:39:47,JPM,96.93,4,ASK
2020-10-30 10:39:47,JPM,96.91,8,BID
2020-10-30 10:39:47,JPM,96.93,6,ASK
2020-10-30 10:39:47,JPM,96.9,11,BID
2020-10-30 10:39:47,JPM,96.92,7,ASK
2020-10-30 10:39:48,JPM,96.9,13,BID
2020-10-30 10:39:48,JPM,96.92,11,ASK
2020-10-30 10:39:48,JPM,96.9,7,BID
2020-10-30 10:39:49,JPM,96.92,11,ASK
2020-10-30 10:39:52,JPM,96.94,11,BID
2020-10-30 10:39:52,JPM,96.96,12,ASK
2020-10-30 10:39:54,JPM,96.98,10,BID
2020-10-30 10:39:54,JPM,97.0,24,ASK
2020-10-30 10:39:56,JPM,96.99,1,BID
2020-10-30 10:39:56,JPM,97.0,25,ASK
2020-10-30 10:39:56,JPM,96.97,6,BID
2020-10-30 10:39:56,JPM,96.99,12,ASK
2020-10-30 10:39:58,JPM,96.97,3,BID
2020-10-30 10:39:58,JPM,96.98,2,ASK
2020-10-30 10:40:00,JPM,96.94,2,BID
2020-10-30 10:40:00,JPM,96.95,8,ASK
2020-10-30 10:39:51,JPM,96.92,14,BID
2020-10-30 10:40:00,JPM,96.94,5,ASK
2020-10-30 10:39:51,JPM,96.92,11,BID
2020-10-30 10:40:00,JPM,96.94,10,ASK
2020-10-30 10:39:51,JPM,96.92,10,BID
2020-10-30 10:40:00,JPM,96.93,1,ASK
2020-10-30 10:40:00,JPM,96.91,3,BID
2020-10-30 10:40:00,JPM,96.94,12,ASK
2020-10-30 10:40:00,JPM,96.91,3,BID
2020-10-30 10:40:00,JPM,96.94,12,ASK
2020-10-30 10:40:00,JPM,96.92,4,BID
2020-10-30 10:40:00,JPM,96.94,12,ASK
2020-10-30 10:40:00,JPM,96.92,4,BID
2020-10-30 10:40:00,JPM,96.94,13,ASK
2020-10-30 10:40:00,JPM,96.92,4,BID
2020-10-30 10:40:00,JPM,96.94,13,ASK
2020-10-30 10:40:01,JPM,96.91,3,BID
2020-10-30 10:40:01,JPM,96.92,3,ASK
2020-10-30 10:40:01,JPM,96.9,3,BID
2020-10-30 10:40:01,JPM,96.92,11,ASK
2020-10-30 10:38:40,JPM,96.88,14,BID
2020-10-30 10:40:02,JPM,96.9,2,ASK
2020-10-30 10:40:03,JPM,96.86,3,BID
2020-10-30 10:40:03,JPM,96.87,4,ASK
2020-10-30 10:40:04,JPM,96.82,9,BID
2020-10-30 10:40:04,JPM,96.84,13,ASK
2020-10-30 10:40:05,JPM,96.84,11,BID
2020-10-30 10:40:05,JPM,96.85,1,ASK
2020-10-30 10:40:07,JPM,96.82,5,BID
2020-10-30 10:40:07,JPM,96.84,6,ASK
2020-10-30 10:40:08,JPM,96.83,5,BID
2020-10-30 10:40:07,JPM,96.84,5,ASK
2020-10-30 10:40:09,JPM,96.84,1,BID
2020-10-30 10:40:09,JPM,96.85,17,ASK
2020-10-30 10:40:10,JPM,96.82,12,BID
2020-10-30 10:40:10,JPM,96.84,7,ASK
2020-10-30 10:40:11,JPM,96.82,9,BID
2020-10-30 10:40:11,JPM,96.84,3,ASK
2020-10-30 10:40:11,JPM,96.79,3,BID
2020-10-30 10:40:11,JPM,96.8,6,ASK
2020-10-30 10:40:12,JPM,96.8,1,BID
2020-10-30 10:40:11,JPM,96.81,11,ASK
2020-10-30 10:40:13,JPM,96.79,1,BID
2020-10-30 10:40:13,JPM,96.8,9,ASK
2020-10-30 10:40:13,JPM,96.76,7,BID
2020-10-30 10:40:13,JPM,96.77,8,ASK
2020-10-30 10:40:14,JPM,96.74,13,BID
2020-10-30 10:40:14,JPM,96.76,11,ASK
2020-10-30 10:40:14,JPM,96.77,7,BID
2020-10-30 10:40:14,JPM,96.78,9,ASK
2020-10-30 10:40:17,JPM,96.79,7,BID
2020-10-30 10:40:17,JPM,96.81,8,ASK
2020-10-30 10:40:17,JPM,96.77,7,BID
2020-10-30 10:40:17,JPM,96.79,8,ASK
2020-10-30 10:40:18,JPM,96.78,2,BID
2020-10-30 10:40:18,JPM,96.79,13,ASK
2020-10-30 10:40:17,JPM,96.77,8,BID
2020-10-30 10:40:18,JPM,96.79,4,ASK
2020-10-30 10:40:17,JPM,96.77,8,BID
2020-10-30 10:40:18,JPM,96.79,4,ASK
2020-10-30 10:40:18,JPM,96.78,3,BID
2020-10-30 10:40:18,JPM,96.79,3,ASK
2020-10-30 10:40:18,JPM,96.78,10,BID
2020-10-30 10:40:18,JPM,96.8,6,ASK
2020-10-30 10:40:19,JPM,96.75,14,BID
2020-10-30 10:40:19,JPM,96.76,5,ASK
2020-10-30 10:40:19,JPM,96.75,9,BID
2020-10-30 10:40:19,JPM,96.76,8,ASK
2020-10-30 10:40:19,JPM,96.75,19,BID
2020-10-30 10:40:19,JPM,96.77,10,ASK
2020-10-30 10:40:28,JPM,96.8,3,BID
2020-10-30 10:40:28,JPM,96.82,9,ASK
2020-10-30 10:40:30,JPM,96.81,4,BID
2020-10-30 10:40:30,JPM,96.82,4,ASK
2020-10-30 10:40:31,JPM,96.78,9,BID
2020-10-30 10:40:31,JPM,96.8,13,ASK
2020-10-30 10:40:32,JPM,96.76,15,BID
2020-10-30 10:40:32,JPM,96.78,7,ASK
2020-10-30 10:40:32,JPM,96.77,6,BID
2020-10-30 10:40:32,JPM,96.8,13,ASK
2020-10-30 10:40:33,JPM,96.78,8,BID
2020-10-30 10:40:33,JPM,96.8,11,ASK
2020-10-30 10:40:33,JPM,96.77,9,BID
2020-10-30 10:40:34,JPM,96.79,4,ASK
2020-10-30 10:40:33,JPM,96.77,9,BID
2020-10-30 10:40:34,JPM,96.78,8,ASK
2020-10-30 10:40:36,JPM,96.81,3,BID
2020-10-30 10:40:36,JPM,96.82,10,ASK
2020-10-30 10:40:37,JPM,96.81,9,BID
2020-10-30 10:40:27,JPM,96.83,14,ASK
2020-10-30 10:40:38,JPM,96.83,10,BID
2020-10-30 10:40:38,JPM,96.85,10,ASK
2020-10-30 10:40:39,JPM,96.82,10,BID
2020-10-30 10:40:40,JPM,96.83,5,ASK
2020-10-30 10:40:40,JPM,96.82,16,BID
2020-10-30 10:40:41,JPM,96.84,6,ASK
2020-10-30 10:40:41,JPM,96.82,17,BID
2020-10-30 10:40:42,JPM,96.84,13,ASK
2020-10-30 10:40:43,JPM,96.78,4,BID
2020-10-30 10:40:43,JPM,96.8,10,ASK
2020-10-30 10:40:45,JPM,96.8,6,BID
2020-10-30 10:40:45,JPM,96.81,13,ASK
2020-10-30 10:40:46,JPM,96.82,6,BID
2020-10-30 10:40:46,JPM,96.83,11,ASK
2020-10-30 10:40:47,JPM,96.82,8,BID
2020-10-30 10:40:47,JPM,96.84,12,ASK
2020-10-30 10:40:48,JPM,96.82,4,BID
2020-10-30 10:40:48,JPM,96.83,8,ASK
2020-10-30 10:40:50,JPM,96.81,4,BID
2020-10-30 10:40:50,JPM,96.82,3,ASK
2020-10-30 10:40:35,JPM,96.77,11,BID
2020-10-30 10:40:51,JPM,96.79,10,ASK
2020-10-30 10:40:52,JPM,96.77,9,BID
2020-10-30 10:40:52,JPM,96.79,8,ASK
2020-10-30 10:40:53,JPM,96.78,2,BID
2020-10-30 10:40:52,JPM,96.79,7,ASK
2020-10-30 10:40:54,JPM,96.79,4,BID
2020-10-30 10:40:54,JPM,96.81,12,ASK
2020-10-30 10:40:55,JPM,96.8,9,BID
2020-10-30 10:40:55,JPM,96.82,9,ASK
2020-10-30 10:40:55,JPM,96.8,10,BID
2020-10-30 10:40:55,JPM,96.82,4,ASK
2020-10-30 10:40:56,JPM,96.81,10,BID
2020-10-30 10:40:56,JPM,96.83,8,ASK
2020-10-30 10:40:57,JPM,96.81,10,BID
2020-10-30 10:40:57,JPM,96.82,1,ASK
2020-10-30 10:40:54,JPM,96.78,13,BID
2020-10-30 10:40:58,JPM,96.8,5,ASK
2020-10-30 10:40:59,JPM,96.78,10,BID
2020-10-30 10:40:59,JPM,96.79,3,ASK
2020-10-30 10:40:54,JPM,96.77,8,BID
2020-10-30 10:41:00,JPM,96.78,16,ASK
2020-10-30 10:41:02,JPM,96.79,7,BID
2020-10-30 10:41:02,JPM,96.81,11,ASK
2020-10-30 10:41:03,JPM,96.8,6,BID
2020-10-30 10:41:03,JPM,96.82,8,ASK
2020-10-30 10:41:04,JPM,96.81,3,BID
2020-10-30 10:41:04,JPM,96.82,1,ASK
2020-10-30 10:41:04,JPM,96.82,3,BID
2020-10-30 10:41:04,JPM,96.84,12,ASK
2020-10-30 10:41:05,JPM,96.84,7,BID
2020-10-30 10:41:05,JPM,96.86,7,ASK
2020-10-30 10:41:06,JPM,96.81,15,BID
2020-10-30 10:41:06,JPM,96.84,8,ASK
2020-10-30 10:41:07,JPM,96.82,13,BID
2020-10-30 10:41:06,JPM,96.85,14,ASK
2020-10-30 10:41:08,JPM,96.83,8,BID
2020-10-30 10:41:08,JPM,96.85,5,ASK
2020-10-30 10:41:10,JPM,96.83,13,BID
2020-10-30 10:41:10,JPM,96.84,9,ASK
2020-10-30 10:41:11,JPM,96.81,9,BID
2020-10-30 10:41:11,JPM,96.83,8,ASK
2020-10-30 10:41:12,JPM,96.82,13,BID
2020-10-30 10:41:12,JPM,96.84,4,ASK
2020-10-30 10:41:14,JPM,96.8,13,BID
2020-10-30 10:41:14,JPM,96.82,10,ASK
2020-10-30 10:41:15,JPM,96.77,8,BID
2020-10-30 10:41:15,JPM,96.79,7,ASK
2020-10-30 10:41:16,JPM,96.76,14,BID
2020-10-30 10:41:16,JPM,96.77,2,ASK
2020-10-30 10:41:17,JPM,96.75,12,BID
2020-10-30 10:41:17,JPM,96.77,7,ASK
2020-10-30 10:41:17,JPM,96.76,14,BID
2020-10-30 10:41:17,JPM,96.78,7,ASK
2020-10-30 10:41:18,JPM,96.77,1,BID
2020-10-30 10:41:18,JPM,96.79,15,ASK
2020-10-30 10:41:19,JPM,96.73,2,BID
2020-10-30 10:41:19,JPM,96.74,18,ASK
2020-10-30 10:41:20,JPM,96.73,14,BID
2020-10-30 10:41:20,JPM,96.75,6,ASK
2020-10-30 10:41:21,JPM,96.75,7,BID
2020-10-30 10:41:21,JPM,96.77,10,ASK
2020-10-30 10:41:22,JPM,96.73,10,BID
2020-10-30 10:41:22,JPM,96.74,7,ASK
2020-10-30 10:41:22,JPM,96.73,6,BID
2020-10-30 10:41:22,JPM,96.75,8,ASK
2020-10-30 10:41:22,JPM,96.73,11,BID
2020-10-30 10:41:22,JPM,96.75,12,ASK
2020-10-30 10:41:23,JPM,96.73,1,BID
2020-10-30 10:41:23,JPM,96.74,13,ASK
2020-10-30 10:37:21,JPM,96.72,15,BID
2020-10-30 10:41:23,JPM,96.74,13,ASK
2020-10-30 10:41:24,JPM,96.72,1,BID
2020-10-30 10:41:24,JPM,96.74,21,ASK
2020-10-30 10:41:25,JPM,96.74,1,BID
2020-10-30 10:41:25,JPM,96.75,15,ASK
2020-10-30 10:41:26,JPM,96.74,4,BID
2020-10-30 10:41:25,JPM,96.75,16,ASK
2020-10-30 10:41:25,JPM,96.73,8,BID
2020-10-30 10:41:26,JPM,96.75,5,ASK
2020-10-30 10:41:27,JPM,96.71,3,BID
2020-10-30 10:41:27,JPM,96.73,10,ASK
2020-10-30 10:41:28,JPM,96.7,12,BID
2020-10-30 10:41:28,JPM,96.72,6,ASK
2020-10-30 10:41:29,JPM,96.71,3,BID
2020-10-30 10:41:27,JPM,96.73,7,ASK
2020-10-30 10:41:30,JPM,96.72,6,BID
2020-10-30 10:41:30,JPM,96.74,7,ASK
2020-10-30 10:41:31,JPM,96.72,8,BID
2020-10-30 10:41:30,JPM,96.74,6,ASK
2020-10-30 10:41:31,JPM,96.72,10,BID
2020-10-30 10:41:32,JPM,96.74,11,ASK
2020-10-30 10:41:35,JPM,96.72,7,BID
2020-10-30 10:41:35,JPM,96.74,14,ASK
2020-10-30 10:41:35,JPM,96.71,1,BID
2020-10-30 10:41:35,JPM,96.73,7,ASK
2020-10-30 10:41:36,JPM,96.68,7,BID
2020-10-30 10:41:36,JPM,96.7,15,ASK
2020-10-30 10:41:37,JPM,96.67,8,BID
2020-10-30 10:41:37,JPM,96.69,14,ASK
2020-10-30 10:41:38,JPM,96.66,6,BID
2020-10-30 10:41:38,JPM,96.68,12,ASK
2020-10-30 10:41:40,JPM,96.65,2,BID
2020-10-30 10:41:40,JPM,96.66,13,ASK
2020-10-30 10:41:41,JPM,96.63,4,BID
2020-10-30 10:41:41,JPM,96.65,9,ASK
2020-10-30 10:41:41,JPM,96.62,7,BID
2020-10-30 10:41:41,JPM,96.64,6,ASK
2020-10-30 10:41:42,JPM,96.65,1,BID
2020-10-30 10:41:42,JPM,96.66,3,ASK
2020-10-30 10:41:43,JPM,96.67,5,BID
2020-10-30 10:41:43,JPM,96.69,8,ASK
2020-10-30 10:41:44,JPM,96.67,7,BID
2020-10-30 10:41:43,JPM,96.69,10,ASK
2020-10-30 10:41:45,JPM,96.68,3,BID
2020-10-30 10:41:43,JPM,96.7,23,ASK
2020-10-30 10:41:45,JPM,96.69,7,BID
2020-10-30 10:41:45,JPM,96.71,14,ASK
2020-10-30 10:41:46,JPM,96.69,6,BID
2020-10-30 10:41:46,JPM,96.71,1,ASK
2020-10-30 10:41:47,JPM,96.69,5,BID
2020-10-30 10:41:47,JPM,96.7,3,ASK
2020-10-30 10:41:47,JPM,96.69,7,BID
2020-10-30 10:41:48,JPM,96.71,5,ASK
2020-10-30 10:41:49,JPM,96.73,10,BID
2020-10-30 10:41:49,JPM,96.74,10,ASK
2020-10-30 10:41:50,JPM,96.75,5,BID
2020-10-30 10:41:50,JPM,96.77,13,ASK
2020-10-30 10:41:50,JPM,96.74,5,BID
2020-10-30 10:41:50,JPM,96.77,15,ASK
2020-10-30 10:41:50,JPM,96.72,23,BID
2020-10-30 10:41:50,JPM,96.73,1,ASK
2020-10-30 10:41:50,JPM,96.7,10,BID
2020-10-30 10:41:50,JPM,96.72,20,ASK
2020-10-30 10:41:51,JPM,96.7,18,BID
2020-10-30 10:41:51,JPM,96.72,10,ASK
2020-10-30 10:41:52,JPM,96.7,11,BID
2020-10-30 10:41:52,JPM,96.71,6,ASK
2020-10-30 10:41:54,JPM,96.71,2,BID
2020-10-30 10:41:54,JPM,96.72,15,ASK
2020-10-30 10:41:54,JPM,96.74,6,BID
2020-10-30 10:41:54,JPM,96.76,5,ASK
2020-10-30 10:41:56,JPM,96.74,7,BID
2020-10-30 10:41:55,JPM,96.75,9,ASK
2020-10-30 10:41:57,JPM,96.76,6,BID
2020-10-30 10:41:57,JPM,96.77,5,ASK
2020-10-30 10:41:58,JPM,96.78,1,BID
2020-10-30 10:41:58,JPM,96.78,2,ASK
2020-10-30 10:41:59,JPM,96.78,3,BID
2020-10-30 10:41:59,JPM,96.8,13,ASK
2020-10-30 10:41:59,JPM,96.74,18,BID
2020-10-30 10:41:59,JPM,96.76,16,ASK
2020-10-30 10:42:00,JPM,96.72,6,BID
2020-10-30 10:42:00,JPM,96.74,7,ASK
2020-10-30 10:42:00,JPM,96.71,6,BID
2020-10-30 10:42:00,JPM,96.73,1,ASK
2020-10-30 10:42:01,JPM,96.71,3,BID
2020-10-30 10:42:01,JPM,96.73,9,ASK
2020-10-30 10:42:02,JPM,96.67,1,BID
2020-10-30 10:42:02,JPM,96.7,13,ASK
2020-10-30 10:42:03,JPM,96.67,5,BID
2020-10-30 10:42:03,JPM,96.69,8,ASK
2020-10-30 10:42:02,JPM,96.66,6,BID
2020-10-30 10:42:03,JPM,96.67,1,ASK
2020-10-30 10:42:04,JPM,96.65,2,BID
2020-10-30 10:42:04,JPM,96.67,13,ASK
2020-10-30 10:42:04,JPM,96.64,4,BID
2020-10-30 10:42:04,JPM,96.65,4,ASK
2020-10-30 10:42:04,JPM,96.64,5,BID
2020-10-30 10:42:05,JPM,96.65,2,ASK
2020-10-30 10:42:05,JPM,96.63,9,BID
2020-10-30 10:42:05,JPM,96.65,13,ASK
2020-10-30 10:42:06,JPM,96.64,1,BID
2020-10-30 10:42:06,JPM,96.65,6,ASK
2020-10-30 10:42:07,JPM,96.63,7,BID
2020-10-30 10:42:07,JPM,96.64,9,ASK
2020-10-30 10:42:07,JPM,96.62,6,BID
2020-10-30 10:42:08,JPM,96.64,5,ASK
2020-10-30 10:42:09,JPM,96.62,19,BID
2020-10-30 10:42:09,JPM,96.64,1,ASK
2020-10-30 10:42:11,JPM,96.64,12,BID
2020-10-30 10:42:11,JPM,96.66,5,ASK
2020-10-30 10:42:11,JPM,96.65,1,BID
2020-10-30 10:42:11,JPM,96.67,9,ASK
2020-10-30 10:42:12,JPM,96.66,7,BID
2020-10-30 10:42:12,JPM,96.68,4,ASK
2020-10-30 10:42:13,JPM,96.66,8,BID
2020-10-30 10:42:12,JPM,96.68,4,ASK
2020-10-30 10:42:14,JPM,96.66,5,BID
2020-10-30 10:42:14,JPM,96.67,3,ASK
2020-10-30 10:42:15,JPM,96.66,3,BID
2020-10-30 10:42:15,JPM,96.68,7,ASK
2020-10-30 10:42:16,JPM,96.67,7,BID
2020-10-30 10:42:16,JPM,96.7,9,ASK
2020-10-30 10:42:18,JPM,96.67,6,BID
2020-10-30 10:42:18,JPM,96.68,7,ASK
2020-10-30 10:42:18,JPM,96.65,5,BID
2020-10-30 10:42:18,JPM,96.67,12,ASK
2020-10-30 10:42:18,JPM,96.65,5,BID
2020-10-30 10:42:18,JPM,96.67,11,ASK
2020-10-30 10:42:19,JPM,96.66,1,BID
2020-10-30 10:42:18,JPM,96.67,9,ASK
2020-10-30 10:42:21,JPM,96.69,6,BID
2020-10-30 10:42:21,JPM,96.71,6,ASK
2020-10-30 10:42:22,JPM,96.7,1,BID
2020-10-30 10:42:22,JPM,96.71,3,ASK
2020-10-30 10:42:24,JPM,96.68,9,BID
2020-10-30 10:42:24,JPM,96.7,5,ASK
2020-10-30 10:42:25,JPM,96.7,6,BID
2020-10-30 10:42:24,JPM,96.72,16,ASK
2020-10-30 10:42:25,JPM,96.7,6,BID
2020-10-30 10:42:25,JPM,96.73,7,ASK
2020-10-30 10:42:27,JPM,96.7,16,BID
2020-10-30 10:42:27,JPM,96.72,4,ASK
2020-10-30 10:42:28,JPM,96.69,12,BID
2020-10-30 10:42:28,JPM,96.7,1,ASK
2020-10-30 10:42:29,JPM,96.69,10,BID
2020-10-30 10:42:29,JPM,96.71,8,ASK
2020-10-30 10:42:31,JPM,96.68,5,BID
2020-10-30 10:42:31,JPM,96.7,6,ASK
2020-10-30 10:42:32,JPM,96.69,10,BID
2020-10-30 10:42:32,JPM,96.72,16,ASK
2020-10-30 10:42:33,JPM,96.68,13,BID
2020-10-30 10:42:33,JPM,96.7,8,ASK
2020-10-30 10:42:35,JPM,96.66,12,BID
2020-10-30 10:42:35,JPM,96.67,3,ASK
2020-10-30 10:42:36,JPM,96.65,12,BID
2020-10-30 10:42:36,JPM,96.67,12,ASK
2020-10-30 10:42:37,JPM,96.66,6,BID
2020-10-30 10:42:35,JPM,96.69,8,ASK
2020-10-30 10:42:38,JPM,96.63,11,BID
2020-10-30 10:42:38,JPM,96.64,1,ASK
2020-10-30 10:42:09,JPM,96.61,9,BID
2020-10-30 10:42:38,JPM,96.63,19,ASK
2020-10-30 10:42:40,JPM,96.6,10,BID
2020-10-30 10:42:40,JPM,96.63,1,ASK
2020-10-30 10:42:41,JPM,96.61,4,BID
2020-10-30 10:42:41,JPM,96.63,7,ASK
2020-10-30 10:42:43,JPM,96.62,10,BID
2020-10-30 10:42:43,JPM,96.64,1,ASK
2020-10-30 10:42:44,JPM,96.63,3,BID
2020-10-30 10:42:43,JPM,96.65,8,ASK
2020-10-30 10:42:44,JPM,96.63,2,BID
2020-10-30 10:42:44,JPM,96.65,11,ASK
2020-10-30 10:42:45,JPM,96.64,8,BID
2020-10-30 10:42:45,JPM,96.67,9,ASK
2020-10-30 10:42:46,JPM,96.63,4,BID
2020-10-30 10:42:46,JPM,96.66,4,ASK
2020-10-30 10:42:48,JPM,96.66,2,BID
2020-10-30 10:42:48,JPM,96.68,3,ASK
2020-10-30 10:42:50,JPM,96.65,3,BID
2020-10-30 10:42:50,JPM,96.66,6,ASK
2020-10-30 10:42:50,JPM,96.63,6,BID
2020-10-30 10:42:50,JPM,96.65,7,ASK
2020-10-30 10:42:52,JPM,96.64,1,BID
2020-10-30 10:42:52,JPM,96.65,4,ASK
2020-10-30 10:42:52,JPM,96.65,4,BID
2020-10-30 10:42:52,JPM,96.67,13,ASK
2020-10-30 10:42:53,JPM,96.65,7,BID
2020-10-30 10:42:53,JPM,96.67,14,ASK
2020-10-30 10:42:54,JPM,96.67,1,BID
2020-10-30 10:42:54,JPM,96.68,12,ASK
2020-10-30 10:42:55,JPM,96.66,2,BID
2020-10-30 10:42:55,JPM,96.67,2,ASK
2020-10-30 10:42:55,JPM,96.66,1,BID
2020-10-30 10:42:55,JPM,96.67,3,ASK
2020-10-30 10:42:57,JPM,96.65,6,BID
2020-10-30 10:42:57,JPM,96.67,10,ASK
2020-10-30 10:42:57,JPM,96.66,1,BID
2020-10-30 10:42:57,JPM,96.67,3,ASK
2020-10-30 10:42:58,JPM,96.66,10,BID
2020-10-30 10:42:58,JPM,96.68,11,ASK
2020-10-30 10:42:59,JPM,96.66,2,BID
2020-10-30 10:42:59,JPM,96.68,6,ASK
2020-10-30 10:43:00,JPM,96.66,2,BID
2020-10-30 10:42:59,JPM,96.68,6,ASK
2020-10-30 10:43:00,JPM,96.69,3,BID
2020-10-30 10:43:00,JPM,96.72,17,ASK
2020-10-30 10:43:00,JPM,96.69,6,BID
2020-10-30 10:43:00,JPM,96.71,3,ASK
2020-10-30 10:43:01,JPM,96.69,2,BID
2020-10-30 10:43:01,JPM,96.71,3,ASK
2020-10-30 10:43:01,JPM,96.69,6,BID
2020-10-30 10:43:01,JPM,96.7,4,ASK
2020-10-30 10:43:02,JPM,96.72,9,BID
2020-10-30 10:43:02,JPM,96.73,2,ASK
2020-10-30 10:43:02,JPM,96.71,12,BID
2020-10-30 10:43:02,JPM,96.72,4,ASK
2020-10-30 10:43:02,JPM,96.71,10,BID
2020-10-30 10:43:02,JPM,96.72,2,ASK
2020-10-30 10:43:03,JPM,96.74,2,BID
2020-10-30 10:43:03,JPM,96.75,8,ASK
2020-10-30 10:43:03,JPM,96.73,4,BID
2020-10-30 10:43:03,JPM,96.75,11,ASK
2020-10-30 10:43:04,JPM,96.76,1,BID
2020-10-30 10:43:04,JPM,96.76,2,ASK
2020-10-30 10:43:04,JPM,96.75,13,BID
2020-10-30 10:43:04,JPM,96.77,9,ASK
2020-10-30 10:43:04,JPM,96.73,2,BID
2020-10-30 10:43:04,JPM,96.74,2,ASK
2020-10-30 10:43:05,JPM,96.7,5,BID
2020-10-30 10:43:05,JPM,96.71,18,ASK
2020-10-30 10:43:05,JPM,96.69,7,BID
2020-10-30 10:43:05,JPM,96.71,11,ASK
2020-10-30 10:43:06,JPM,96.7,8,BID
2020-10-30 10:43:06,JPM,96.72,4,ASK
2020-10-30 10:43:06,JPM,96.7,1,BID
2020-10-30 10:43:06,JPM,96.72,12,ASK
2020-10-30 10:43:07,JPM,96.68,5,BID
2020-10-30 10:43:07,JPM,96.7,6,ASK
2020-10-30 10:43:07,JPM,96.68,6,BID
2020-10-30 10:43:07,JPM,96.71,11,ASK
2020-10-30 10:43:08,JPM,96.69,7,BID
2020-10-30 10:43:08,JPM,96.71,10,ASK
2020-10-30 10:43:07,JPM,96.67,5,BID
2020-10-30 10:43:09,JPM,96.68,3,ASK
2020-10-30 10:43:07,JPM,96.67,5,BID
2020-10-30 10:43:10,JPM,96.68,2,ASK
2020-10-30 10:43:11,JPM,96.65,9,BID
2020-10-30 10:43:11,JPM,96.67,13,ASK
2020-10-30 10:43:11,JPM,96.66,7,BID
2020-10-30 10:43:12,JPM,96.68,14,ASK
2020-10-30 10:43:11,JPM,96.65,9,BID
2020-10-30 10:43:12,JPM,96.67,6,ASK
2020-10-30 10:43:13,JPM,96.68,13,BID
2020-10-30 10:43:13,JPM,96.7,7,ASK
2020-10-30 10:43:14,JPM,96.69,21,BID
2020-10-30 10:43:14,JPM,96.71,14,ASK
2020-10-30 10:43:14,JPM,96.69,19,BID
2020-10-30 10:43:15,JPM,96.71,7,ASK
2020-10-30 10:43:15,JPM,96.7,6,BID
2020-10-30 10:43:15,JPM,96.72,13,ASK
2020-10-30 10:43:16,JPM,96.69,12,BID
2020-10-30 10:43:16,JPM,96.71,5,ASK
2020-10-30 10:43:17,JPM,96.67,6,BID
2020-10-30 10:43:17,JPM,96.69,14,ASK
2020-10-30 10:43:18,JPM,96.65,13,BID
2020-10-30 10:43:18,JPM,96.67,10,ASK
2020-10-30 10:43:19,JPM,96.65,14,BID
2020-10-30 10:43:18,JPM,96.67,11,ASK
2020-10-30 10:43:19,JPM,96.66,15,BID
2020-10-30 10:43:19,JPM,96.67,2,ASK
2020-10-30 10:43:20,JPM,96.65,10,BID
2020-10-30 10:43:20,JPM,96.67,8,ASK
2020-10-30 10:43:21,JPM,96.62,10,BID
2020-10-30 10:43:21,JPM,96.63,1,ASK
2020-10-30 10:43:21,JPM,96.61,3,BID
2020-10-30 10:43:21,JPM,96.62,1,ASK
2020-10-30 10:43:22,JPM,96.59,1,BID
2020-10-30 10:43:22,JPM,96.61,7,ASK
2020-10-30 10:43:22,JPM,96.57,4,BID
2020-10-30 10:43:22,JPM,96.59,12,ASK
2020-10-30 10:43:22,JPM,96.59,5,BID
2020-10-30 10:43:22,JPM,96.61,10,ASK
2020-10-30 10:43:23,JPM,96.56,3,BID
2020-10-30 10:43:23,JPM,96.58,19,ASK
2020-10-30 10:43:23,JPM,96.55,7,BID
2020-10-30 10:43:23,JPM,96.57,12,ASK
2020-10-30 10:43:24,JPM,96.57,3,BID
2020-10-30 10:43:23,JPM,96.58,12,ASK
2020-10-30 10:43:24,JPM,96.56,8,BID
2020-10-30 10:43:24,JPM,96.58,11,ASK
2020-10-30 10:43:24,JPM,96.55,11,BID
2020-10-30 10:43:24,JPM,96.57,10,ASK
2020-10-30 10:43:24,JPM,96.55,16,BID
2020-10-30 10:43:25,JPM,96.57,8,ASK
2020-10-30 10:43:24,JPM,96.55,13,BID
2020-10-30 10:43:26,JPM,96.57,11,ASK
2020-10-30 10:43:27,JPM,96.56,7,BID
2020-10-30 10:43:27,JPM,96.57,2,ASK
2020-10-30 10:43:28,JPM,96.55,17,BID
2020-10-30 10:43:28,JPM,96.58,9,ASK
2020-10-30 10:43:30,JPM,96.56,7,BID
2020-10-30 10:43:30,JPM,96.59,6,ASK
2020-10-30 10:43:30,JPM,96.58,6,BID
2020-10-30 10:43:31,JPM,96.6,3,ASK
2020-10-30 10:43:32,JPM,96.58,5,BID
2020-10-30 10:43:32,JPM,96.6,5,ASK
2020-10-30 10:43:32,JPM,96.6,1,BID
2020-10-30 10:43:32,JPM,96.62,12,ASK
2020-10-30 10:43:32,JPM,96.58,9,BID
2020-10-30 10:43:33,JPM,96.6,15,ASK
2020-10-30 10:43:32,JPM,96.58,10,BID
2020-10-30 10:43:33,JPM,96.6,14,ASK
2020-10-30 10:43:32,JPM,96.58,12,BID
2020-10-30 10:43:35,JPM,96.59,4,ASK
2020-10-30 10:43:37,JPM,96.59,6,BID
2020-10-30 10:43:37,JPM,96.6,13,ASK
2020-10-30 10:43:38,JPM,96.56,1,BID
2020-10-30 10:43:38,JPM,96.57,4,ASK
2020-10-30 10:43:39,JPM,96.56,3,BID
2020-10-30 10:43:39,JPM,96.58,12,ASK
2020-10-30 10:43:28,JPM,96.55,17,BID
2020-10-30 10:43:40,JPM,96.56,15,ASK
2020-10-30 10:43:40,JPM,96.52,3,BID
2020-10-30 10:43:40,JPM,96.55,6,ASK
2020-10-30 10:43:41,JPM,96.55,1,BID
2020-10-30 10:43:41,JPM,96.57,8,ASK
2020-10-30 10:43:42,JPM,96.55,9,BID
2020-10-30 10:43:42,JPM,96.57,14,ASK
2020-10-30 10:43:43,JPM,96.55,6,BID
2020-10-30 10:43:45,JPM,96.57,13,ASK
2020-10-30 10:43:45,JPM,96.51,6,BID
2020-10-30 10:43:45,JPM,96.53,16,ASK
2020-10-30 10:43:46,JPM,96.52,10,BID
2020-10-30 10:43:46,JPM,96.53,1,ASK
2020-10-30 10:43:46,JPM,96.52,10,BID
2020-10-30 10:43:46,JPM,96.55,9,ASK
2020-10-30 10:43:47,JPM,96.51,5,BID
2020-10-30 10:43:47,JPM,96.53,5,ASK
2020-10-30 10:43:47,JPM,96.5,14,BID
2020-10-30 10:43:47,JPM,96.51,1,ASK
2020-10-30 10:43:47,JPM,96.49,8,BID
2020-10-30 10:43:47,JPM,96.5,21,ASK
2020-10-30 10:43:48,JPM,96.48,3,BID
2020-10-30 10:43:48,JPM,96.49,6,ASK
2020-10-30 10:43:48,JPM,96.48,10,BID
2020-10-30 10:43:48,JPM,96.49,3,ASK
2020-10-30 10:43:49,JPM,96.48,18,BID
2020-10-30 10:43:49,JPM,96.49,13,ASK
2020-10-30 10:43:49,JPM,96.47,4,BID
2020-10-30 10:43:49,JPM,96.48,8,ASK
2020-10-30 10:43:49,JPM,96.47,12,BID
2020-10-30 10:43:49,JPM,96.49,15,ASK
2020-10-30 10:43:50,JPM,96.46,9,BID
2020-10-30 10:43:50,JPM,96.47,11,ASK
2020-10-30 10:43:50,JPM,96.47,4,BID
2020-10-30 10:43:49,JPM,96.49,15,ASK
2020-10-30 10:43:50,JPM,96.45,9,BID
2020-10-30 10:43:50,JPM,96.46,13,ASK
2020-10-30 10:43:50,JPM,96.4,1,BID
2020-10-30 10:43:50,JPM,96.45,13,ASK
2020-10-30 10:43:51,JPM,96.36,1,BID
2020-10-30 10:43:51,JPM,96.38,1,ASK
2020-10-30 10:43:51,JPM,96.38,11,BID
2020-10-30 10:43:51,JPM,96.41,9,ASK
2020-10-30 10:43:51,JPM,96.39,8,BID
2020-10-30 10:43:51,JPM,96.39,1,ASK
2020-10-30 10:43:52,JPM,96.37,10,BID
2020-10-30 10:43:52,JPM,96.39,10,ASK
2020-10-30 10:43:52,JPM,96.37,1,BID
2020-10-30 10:43:52,JPM,96.39,17,ASK
2020-10-30 10:43:52,JPM,96.42,5,BID
2020-10-30 10:43:52,JPM,96.43,3,ASK
2020-10-30 10:43:53,JPM,96.45,8,BID
2020-10-30 10:43:53,JPM,96.47,16,ASK
2020-10-30 10:43:53,JPM,96.43,11,BID
2020-10-30 10:43:53,JPM,96.44,11,ASK
2020-10-30 10:43:54,JPM,96.44,9,BID
2020-10-30 10:43:54,JPM,96.45,5,ASK
2020-10-30 10:43:54,JPM,96.44,9,BID
2020-10-30 10:43:54,JPM,96.45,6,ASK
2020-10-30 10:43:54,JPM,96.42,5,BID
2020-10-30 10:43:54,JPM,96.44,8,ASK
2020-10-30 10:43:55,JPM,96.41,11,BID
2020-10-30 10:43:55,JPM,96.43,5,ASK
2020-10-30 10:43:55,JPM,96.42,3,BID
2020-10-30 10:43:54,JPM,96.44,16,ASK
2020-10-30 10:43:55,JPM,96.42,8,BID
2020-10-30 10:43:54,JPM,96.44,16,ASK
2020-10-30 10:43:55,JPM,96.43,14,BID
2020-10-30 10:43:55,JPM,96.45,16,ASK
2020-10-30 10:43:56,JPM,96.41,9,BID
2020-10-30 10:43:56,JPM,96.43,11,ASK
2020-10-30 10:43:56,JPM,96.42,9,BID
2020-10-30 10:43:56,JPM,96.44,16,ASK
2020-10-30 10:43:56,JPM,96.41,9,BID
2020-10-30 10:43:56,JPM,96.42,7,ASK
2020-10-30 10:43:52,JPM,96.39,16,BID
2020-10-30 10:43:57,JPM,96.42,11,ASK
2020-10-30 10:43:57,JPM,96.4,5,BID
2020-10-30 10:43:57,JPM,96.42,13,ASK
2020-10-30 10:43:58,JPM,96.39,17,BID
2020-10-30 10:43:58,JPM,96.42,8,ASK
2020-10-30 10:43:58,JPM,96.41,6,BID
2020-10-30 10:43:58,JPM,96.42,11,ASK
2020-10-30 10:43:59,JPM,96.44,1,BID
2020-10-30 10:43:56,JPM,96.45,15,ASK
2020-10-30 10:44:00,JPM,96.43,13,BID
2020-10-30 10:43:56,JPM,96.45,15,ASK
2020-10-30 10:44:00,JPM,96.44,7,BID
2020-10-30 10:43:53,JPM,96.46,10,ASK
2020-10-30 10:44:01,JPM,96.46,2,BID
2020-10-30 10:43:53,JPM,96.48,10,ASK
2020-10-30 10:44:02,JPM,96.49,1,BID
2020-10-30 10:44:02,JPM,96.5,18,ASK
2020-10-30 10:44:03,JPM,96.48,1,BID
2020-10-30 10:44:02,JPM,96.49,14,ASK
2020-10-30 10:44:03,JPM,96.49,13,BID
2020-10-30 10:44:03,JPM,96.51,11,ASK
2020-10-30 10:44:04,JPM,96.5,11,BID
2020-10-30 10:44:04,JPM,96.52,10,ASK
2020-10-30 10:44:03,JPM,96.49,10,BID
2020-10-30 10:44:04,JPM,96.51,15,ASK
2020-10-30 10:44:04,JPM,96.49,4,BID
2020-10-30 10:44:04,JPM,96.51,17,ASK
2020-10-30 10:44:05,JPM,96.49,5,BID
2020-10-30 10:44:04,JPM,96.52,13,ASK
2020-10-30 10:44:05,JPM,96.49,5,BID
2020-10-30 10:44:05,JPM,96.5,1,ASK
2020-10-30 10:44:06,JPM,96.48,2,BID
2020-10-30 10:44:06,JPM,96.49,7,ASK
2020-10-30 10:44:06,JPM,96.47,5,BID
2020-10-30 10:44:06,JPM,96.5,12,ASK
2020-10-30 10:44:06,JPM,96.48,10,BID
2020-10-30 10:44:06,JPM,96.5,11,ASK
2020-10-30 10:44:07,JPM,96.47,5,BID
2020-10-30 10:44:07,JPM,96.5,16,ASK
2020-10-30 10:44:08,JPM,96.46,4,BID
2020-10-30 10:44:08,JPM,96.48,22,ASK
2020-10-30 10:44:09,JPM,96.47,7,BID
2020-10-30 10:44:08,JPM,96.49,7,ASK
2020-10-30 10:44:09,JPM,96.45,12,BID
2020-10-30 10:44:09,JPM,96.48,6,ASK
2020-10-30 10:44:10,JPM,96.47,5,BID
2020-10-30 10:44:10,JPM,96.5,14,ASK
2020-10-30 10:44:10,JPM,96.45,11,BID
2020-10-30 10:44:11,JPM,96.48,5,ASK
2020-10-30 10:44:12,JPM,96.43,1,BID
2020-10-30 10:44:12,JPM,96.43,2,ASK
2020-10-30 10:44:12,JPM,96.45,3,BID
2020-10-30 10:44:12,JPM,96.47,10,ASK
2020-10-30 10:44:13,JPM,96.46,5,BID
2020-10-30 10:44:13,JPM,96.48,12,ASK
2020-10-30 10:44:13,JPM,96.46,5,BID
2020-10-30 10:44:14,JPM,96.47,8,ASK
2020-10-30 10:44:15,JPM,96.46,5,BID
2020-10-30 10:44:15,JPM,96.48,11,ASK
2020-10-30 10:44:17,JPM,96.45,3,BID
2020-10-30 10:44:17,JPM,96.47,12,ASK
2020-10-30 10:44:19,JPM,96.45,4,BID
2020-10-30 10:44:19,JPM,96.47,6,ASK
2020-10-30 10:44:21,JPM,96.45,12,BID
2020-10-30 10:44:21,JPM,96.47,7,ASK
2020-10-30 10:44:22,JPM,96.45,11,BID
2020-10-30 10:44:21,JPM,96.48,9,ASK
2020-10-30 10:44:23,JPM,96.49,2,BID
2020-10-30 10:44:23,JPM,96.5,13,ASK
2020-10-30 10:44:24,JPM,96.5,9,BID
2020-10-30 10:44:24,JPM,96.52,11,ASK
2020-10-30 10:44:24,JPM,96.49,10,BID
2020-10-30 10:44:24,JPM,96.51,9,ASK
2020-10-30 10:44:25,JPM,96.54,8,BID
2020-10-30 10:44:25,JPM,96.56,7,ASK
2020-10-30 10:44:26,JPM,96.53,5,BID
2020-10-30 10:44:26,JPM,96.55,14,ASK
2020-10-30 10:44:27,JPM,96.53,10,BID
2020-10-30 10:44:27,JPM,96.56,6,ASK
2020-10-30 10:44:28,JPM,96.57,5,BID
2020-10-30 10:44:28,JPM,96.59,12,ASK
2020-10-30 10:44:30,JPM,96.57,3,BID
2020-10-30 10:44:30,JPM,96.58,7,ASK
2020-10-30 10:44:31,JPM,96.55,5,BID
2020-10-30 10:44:31,JPM,96.57,14,ASK
2020-10-30 10:44:32,JPM,96.55,7,BID
2020-10-30 10:44:33,JPM,96.57,7,ASK
2020-10-30 10:44:34,JPM,96.6,5,BID
2020-10-30 10:44:34,JPM,96.61,2,ASK
2020-10-30 10:44:35,JPM,96.58,8,BID
2020-10-30 10:44:35,JPM,96.59,2,ASK
2020-10-30 10:44:36,JPM,96.55,7,BID
2020-10-30 10:44:35,JPM,96.56,2,ASK
2020-10-30 10:44:38,JPM,96.55,6,BID
2020-10-30 10:44:38,JPM,96.57,10,ASK
2020-10-30 10:44:25,JPM,96.52,8,BID
2020-10-30 10:44:39,JPM,96.54,12,ASK
2020-10-30 10:44:40,JPM,96.47,8,BID
2020-10-30 10:44:40,JPM,96.5,1,ASK
2020-10-30 10:44:40,JPM,96.48,2,BID
2020-10-30 10:44:40,JPM,96.49,8,ASK
2020-10-30 10:44:41,JPM,96.47,4,BID
2020-10-30 10:44:41,JPM,96.49,10,ASK
2020-10-30 10:44:41,JPM,96.47,5,BID
2020-10-30 10:44:41,JPM,96.48,1,ASK
2020-10-30 10:44:41,JPM,96.46,8,BID
2020-10-30 10:44:41,JPM,96.48,6,ASK
2020-10-30 10:44:42,JPM,96.46,5,BID
2020-10-30 10:44:42,JPM,96.47,5,ASK
2020-10-30 10:44:43,JPM,96.45,5,BID
2020-10-30 10:44:43,JPM,96.47,7,ASK
2020-10-30 10:44:44,JPM,96.47,4,BID
2020-10-30 10:44:44,JPM,96.48,6,ASK
2020-10-30 10:44:46,JPM,96.47,4,BID
2020-10-30 10:44:46,JPM,96.48,5,ASK
2020-10-30 10:44:47,JPM,96.47,3,BID
2020-10-30 10:44:47,JPM,96.48,1,ASK
2020-10-30 10:44:48,JPM,96.48,3,BID
2020-10-30 10:44:48,JPM,96.49,2,ASK
2020-10-30 10:44:48,JPM,96.47,5,BID
2020-10-30 10:44:48,JPM,96.48,1,ASK
2020-10-30 10:44:49,JPM,96.48,2,BID
2020-10-30 10:44:49,JPM,96.5,9,ASK
2020-10-30 10:44:50,JPM,96.49,4,BID
2020-10-30 10:44:50,JPM,96.5,10,ASK
2020-10-30 10:44:51,JPM,96.47,6,BID
2020-10-30 10:44:51,JPM,96.48,2,ASK
2020-10-30 10:44:51,JPM,96.44,1,BID
2020-10-30 10:44:51,JPM,96.46,9,ASK
2020-10-30 10:44:52,JPM,96.44,5,BID
2020-10-30 10:44:52,JPM,96.46,7,ASK
2020-10-30 10:44:53,JPM,96.44,7,BID
2020-10-30 10:44:53,JPM,96.45,5,ASK
2020-10-30 10:44:54,JPM,96.42,15,BID
2020-10-30 10:44:54,JPM,96.44,8,ASK
2020-10-30 10:44:54,JPM,96.41,9,BID
2020-10-30 10:44:54,JPM,96.43,11,ASK
2020-10-30 10:44:54,JPM,96.42,6,BID
2020-10-30 10:44:54,JPM,96.43,6,ASK
2020-10-30 10:44:55,JPM,96.42,15,BID
2020-10-30 10:44:55,JPM,96.44,12,ASK
2020-10-30 10:44:55,JPM,96.42,15,BID
2020-10-30 10:44:55,JPM,96.44,12,ASK
2020-10-30 10:44:55,JPM,96.42,15,BID
2020-10-30 10:44:55,JPM,96.44,12,ASK
2020-10-30 10:44:55,JPM,96.42,15,BID
2020-10-30 10:44:55,JPM,96.44,12,ASK
2020-10-30 10:44:55,JPM,96.42,15,BID
2020-10-30 10:44:55,JPM,96.44,12,ASK
2020-10-30 10:44:55,JPM,96.42,15,BID
2020-10-30 10:44:55,JPM,96.44,12,ASK
2020-10-30 10:44:55,JPM,96.42,15,BID
2020-10-30 10:44:55,JPM,96.44,12,ASK
2020-10-30 10:44:55,JPM,96.42,15,BID
2020-10-30 10:44:55,JPM,96.44,12,ASK
2020-10-30 10:44:55,JPM,96.42,12,BID
2020-10-30 10:44:56,JPM,96.43,7,ASK
2020-10-30 10:44:57,JPM,96.43,12,BID
2020-10-30 10:44:57,JPM,96.44,14,ASK
2020-10-30 10:44:59,JPM,96.44,3,BID
2020-10-30 10:44:58,JPM,96.46,15,ASK
2020-10-30 10:45:00,JPM,96.47,2,BID
2020-10-30 10:45:00,JPM,96.48,5,ASK
2020-10-30 10:45:01,JPM,96.43,12,BID
2020-10-30 10:45:01,JPM,96.46,7,ASK
2020-10-30 10:45:01,JPM,96.48,2,BID
2020-10-30 10:45:01,JPM,96.5,18,ASK
2020-10-30 10:45:01,JPM,96.45,2,BID
2020-10-30 10:45:01,JPM,96.47,11,ASK
2020-10-30 10:45:02,JPM,96.45,7,BID
2020-10-30 10:45:02,JPM,96.48,12,ASK
2020-10-30 10:45:02,JPM,96.46,9,BID
2020-10-30 10:45:02,JPM,96.48,8,ASK
2020-10-30 10:45:02,JPM,96.45,12,BID
2020-10-30 10:45:03,JPM,96.46,16,ASK
2020-10-30 10:45:03,JPM,96.43,2,BID
2020-10-30 10:45:03,JPM,96.44,1,ASK
2020-10-30 10:45:03,JPM,96.43,5,BID
2020-10-30 10:45:03,JPM,96.44,2,ASK
2020-10-30 10:45:04,JPM,96.41,7,BID
2020-10-30 10:45:04,JPM,96.42,1,ASK
2020-10-30 10:45:04,JPM,96.39,4,BID
2020-10-30 10:45:04,JPM,96.41,10,ASK
2020-10-30 10:45:05,JPM,96.4,3,BID
2020-10-30 10:45:05,JPM,96.42,9,ASK
2020-10-30 10:45:06,JPM,96.43,3,BID
2020-10-30 10:45:06,JPM,96.44,9,ASK
2020-10-30 10:45:07,JPM,96.46,3,BID
2020-10-30 10:45:07,JPM,96.48,6,ASK
2020-10-30 10:45:07,JPM,96.47,3,BID
2020-10-30 10:45:07,JPM,96.48,1,ASK
2020-10-30 10:45:08,JPM,96.43,3,BID
2020-10-30 10:45:08,JPM,96.45,10,ASK
2020-10-30 10:45:09,JPM,96.44,3,BID
2020-10-30 10:45:09,JPM,96.46,13,ASK
2020-10-30 10:45:10,JPM,96.48,4,BID
2020-10-30 10:45:10,JPM,96.49,14,ASK
2020-10-30 10:45:11,JPM,96.49,2,BID
2020-10-30 10:45:11,JPM,96.5,14,ASK
2020-10-30 10:45:12,JPM,96.48,4,BID
2020-10-30 10:45:11,JPM,96.49,9,ASK
2020-10-30 10:45:13,JPM,96.48,14,BID
2020-10-30 10:45:13,JPM,96.5,11,ASK
2020-10-30 10:45:14,JPM,96.49,9,BID
2020-10-30 10:45:14,JPM,96.51,8,ASK
2020-10-30 10:45:15,JPM,96.5,6,BID
2020-10-30 10:45:15,JPM,96.52,12,ASK
2020-10-30 10:45:16,JPM,96.46,13,BID
2020-10-30 10:45:16,JPM,96.48,13,ASK
2020-10-30 10:45:16,JPM,96.46,10,BID
2020-10-30 10:45:16,JPM,96.48,11,ASK
2020-10-30 10:45:17,JPM,96.47,6,BID
2020-10-30 10:45:17,JPM,96.5,15,ASK
2020-10-30 10:45:18,JPM,96.46,10,BID
2020-10-30 10:45:18,JPM,96.48,14,ASK
2020-10-30 10:45:19,JPM,96.43,14,BID
2020-10-30 10:45:19,JPM,96.45,1,ASK
2020-10-30 10:45:20,JPM,96.43,12,BID
2020-10-30 10:45:20,JPM,96.45,9,ASK
2020-10-30 10:45:21,JPM,96.42,4,BID
2020-10-30 10:45:21,JPM,96.44,10,ASK
2020-10-30 10:45:21,JPM,96.4,11,BID
2020-10-30 10:45:22,JPM,96.42,4,ASK
2020-10-30 10:45:22,JPM,96.4,14,BID
2020-10-30 10:45:22,JPM,96.42,9,ASK
2020-10-30 10:45:23,JPM,96.43,8,BID
2020-10-30 10:45:23,JPM,96.44,1,ASK
2020-10-30 10:45:23,JPM,96.43,6,BID
2020-10-30 10:45:24,JPM,96.44,1,ASK
2020-10-30 10:45:24,JPM,96.43,13,BID
2020-10-30 10:45:24,JPM,96.45,14,ASK
2020-10-30 10:45:25,JPM,96.44,15,BID
2020-10-30 10:45:26,JPM,96.46,4,ASK
2020-10-30 10:45:25,JPM,96.44,15,BID
2020-10-30 10:45:27,JPM,96.47,6,ASK
2020-10-30 10:45:24,JPM,96.43,10,BID
2020-10-30 10:45:28,JPM,96.44,1,ASK
2020-10-30 10:45:24,JPM,96.43,10,BID
2020-10-30 10:45:29,JPM,96.45,15,ASK
2020-10-30 10:45:30,JPM,96.45,3,BID
2020-10-30 10:45:30,JPM,96.46,8,ASK
2020-10-30 10:45:24,JPM,96.43,11,BID
2020-10-30 10:45:32,JPM,96.44,6,ASK
2020-10-30 10:45:33,JPM,96.42,15,BID
2020-10-30 10:45:33,JPM,96.44,8,ASK
2020-10-30 10:45:34,JPM,96.47,8,BID
2020-10-30 10:45:34,JPM,96.49,8,ASK
2020-10-30 10:45:35,JPM,96.47,7,BID
2020-10-30 10:45:35,JPM,96.49,8,ASK
2020-10-30 10:45:36,JPM,96.46,1,BID
2020-10-30 10:45:36,JPM,96.48,7,ASK
2020-10-30 10:45:38,JPM,96.44,17,BID
2020-10-30 10:45:38,JPM,96.45,1,ASK
2020-10-30 10:45:39,JPM,96.44,17,BID
2020-10-30 10:45:39,JPM,96.45,7,ASK
2020-10-30 10:45:33,JPM,96.42,12,BID
2020-10-30 10:45:41,JPM,96.43,9,ASK
2020-10-30 10:45:41,JPM,96.41,13,BID
2020-10-30 10:45:41,JPM,96.42,2,ASK
2020-10-30 10:45:42,JPM,96.41,2,BID
2020-10-30 10:45:42,JPM,96.42,11,ASK
2020-10-30 10:45:43,JPM,96.41,4,BID
2020-10-30 10:45:43,JPM,96.42,11,ASK
2020-10-30 10:45:44,JPM,96.39,7,BID
2020-10-30 10:45:44,JPM,96.4,1,ASK
2020-10-30 10:45:45,JPM,96.4,1,BID
2020-10-30 10:45:45,JPM,96.41,8,ASK
2020-10-30 10:45:46,JPM,96.4,10,BID
2020-10-30 10:45:46,JPM,96.41,2,ASK
2020-10-30 10:45:46,JPM,96.42,9,BID
2020-10-30 10:45:46,JPM,96.44,16,ASK
2020-10-30 10:45:47,JPM,96.42,8,BID
2020-10-30 10:45:47,JPM,96.44,4,ASK
2020-10-30 10:45:47,JPM,96.41,8,BID
2020-10-30 10:45:47,JPM,96.42,2,ASK
2020-10-30 10:45:48,JPM,96.4,10,BID
2020-10-30 10:45:48,JPM,96.42,6,ASK
2020-10-30 10:45:50,JPM,96.41,1,BID
2020-10-30 10:45:50,JPM,96.43,5,ASK
2020-10-30 10:45:48,JPM,96.4,9,BID
2020-10-30 10:45:51,JPM,96.41,3,ASK
2020-10-30 10:45:53,JPM,96.38,9,BID
2020-10-30 10:45:53,JPM,96.4,12,ASK
2020-10-30 10:45:55,JPM,96.39,1,BID
2020-10-30 10:45:55,JPM,96.41,7,ASK
2020-10-30 10:45:56,JPM,96.41,9,BID
2020-10-30 10:45:55,JPM,96.43,8,ASK
2020-10-30 10:45:58,JPM,96.44,7,BID
2020-10-30 10:45:58,JPM,96.46,2,ASK
2020-10-30 10:45:59,JPM,96.47,2,BID
2020-10-30 10:45:59,JPM,96.48,1,ASK
2020-10-30 10:46:00,JPM,96.43,4,BID
2020-10-30 10:46:00,JPM,96.46,13,ASK
2020-10-30 10:46:01,JPM,96.43,14,BID
2020-10-30 10:46:00,JPM,96.46,8,ASK
2020-10-30 10:46:03,JPM,96.46,1,BID
2020-10-30 10:46:03,JPM,96.47,5,ASK
2020-10-30 10:46:03,JPM,96.43,8,BID
2020-10-30 10:46:03,JPM,96.46,8,ASK
2020-10-30 10:46:04,JPM,96.44,8,BID
2020-10-30 10:46:04,JPM,96.47,6,ASK
2020-10-30 10:46:06,JPM,96.44,7,BID
2020-10-30 10:46:06,JPM,96.45,2,ASK
2020-10-30 10:46:07,JPM,96.44,2,BID
2020-10-30 10:46:07,JPM,96.47,10,ASK
2020-10-30 10:46:09,JPM,96.45,1,BID
2020-10-30 10:46:07,JPM,96.47,9,ASK
2020-10-30 10:46:09,JPM,96.46,2,BID
2020-10-30 10:46:09,JPM,96.48,14,ASK
2020-10-30 10:46:10,JPM,96.46,7,BID
2020-10-30 10:46:10,JPM,96.47,3,ASK
2020-10-30 10:46:10,JPM,96.47,8,BID
2020-10-30 10:46:10,JPM,96.49,11,ASK
2020-10-30 10:46:11,JPM,96.47,7,BID
2020-10-30 10:46:12,JPM,96.48,6,ASK
2020-10-30 10:46:12,JPM,96.45,14,BID
2020-10-30 10:46:12,JPM,96.47,12,ASK
2020-10-30 10:46:13,JPM,96.45,8,BID
2020-10-30 10:46:13,JPM,96.47,12,ASK
2020-10-30 10:46:14,JPM,96.47,1,BID
2020-10-30 10:46:14,JPM,96.49,1,ASK
2020-10-30 10:46:15,JPM,96.49,9,BID
2020-10-30 10:46:15,JPM,96.52,8,ASK
2020-10-30 10:46:15,JPM,96.49,11,BID
2020-10-30 10:46:15,JPM,96.51,4,ASK
2020-10-30 10:46:17,JPM,96.51,2,BID
2020-10-30 10:46:17,JPM,96.52,16,ASK
2020-10-30 10:46:17,JPM,96.5,14,BID
2020-10-30 10:46:17,JPM,96.52,11,ASK
2020-10-30 10:46:18,JPM,96.49,12,BID
2020-10-30 10:46:18,JPM,96.51,9,ASK
2020-10-30 10:46:19,JPM,96.44,4,BID
2020-10-30 10:46:19,JPM,96.46,5,ASK
2020-10-30 10:45:55,JPM,96.4,13,BID
2020-10-30 10:46:19,JPM,96.41,5,ASK
2020-10-30 10:46:19,JPM,96.4,3,BID
2020-10-30 10:46:19,JPM,96.41,5,ASK
2020-10-30 10:46:19,JPM,96.4,12,BID
2020-10-30 10:46:19,JPM,96.42,8,ASK
2020-10-30 10:46:20,JPM,96.4,10,BID
2020-10-30 10:46:20,JPM,96.41,2,ASK
2020-10-30 10:46:21,JPM,96.4,10,BID
2020-10-30 10:46:19,JPM,96.42,9,ASK
2020-10-30 10:46:22,JPM,96.4,11,BID
2020-10-30 10:46:22,JPM,96.42,9,ASK
2020-10-30 10:46:23,JPM,96.38,11,BID
2020-10-30 10:46:23,JPM,96.4,7,ASK
2020-10-30 10:46:24,JPM,96.36,4,BID
2020-10-30 10:46:24,JPM,96.38,8,ASK
2020-10-30 10:46:25,JPM,96.36,4,BID
2020-10-30 10:46:25,JPM,96.38,6,ASK
2020-10-30 10:46:25,JPM,96.33,4,BID
2020-10-30 10:46:25,JPM,96.37,7,ASK
2020-10-30 10:46:26,JPM,96.35,11,BID
2020-10-30 10:46:26,JPM,96.37,8,ASK
2020-10-30 10:46:27,JPM,96.36,7,BID
2020-10-30 10:46:27,JPM,96.38,9,ASK
2020-10-30 10:46:28,JPM,96.35,2,BID
2020-10-30 10:46:28,JPM,96.37,4,ASK
2020-10-30 10:46:29,JPM,96.36,1,BID
2020-10-30 10:46:29,JPM,96.37,6,ASK
2020-10-30 10:46:30,JPM,96.37,9,BID
2020-10-30 10:46:30,JPM,96.4,6,ASK
2020-10-30 10:46:31,JPM,96.39,7,BID
2020-10-30 10:46:31,JPM,96.41,10,ASK
2020-10-30 10:46:32,JPM,96.38,10,BID
2020-10-30 10:46:32,JPM,96.4,3,ASK
2020-10-30 10:46:33,JPM,96.39,7,BID
2020-10-30 10:46:31,JPM,96.41,8,ASK
2020-10-30 10:46:35,JPM,96.41,1,BID
2020-10-30 10:46:35,JPM,96.42,4,ASK
2020-10-30 10:46:36,JPM,96.41,8,BID
2020-10-30 10:46:36,JPM,96.42,1,ASK
2020-10-30 10:46:37,JPM,96.41,11,BID
2020-10-30 10:46:37,JPM,96.42,1,ASK
2020-10-30 10:46:38,JPM,96.42,1,BID
2020-10-30 10:46:36,JPM,96.44,7,ASK
2020-10-30 10:46:37,JPM,96.41,11,BID
2020-10-30 10:46:38,JPM,96.43,7,ASK
2020-10-30 10:46:40,JPM,96.41,3,BID
2020-10-30 10:46:40,JPM,96.43,8,ASK
2020-10-30 10:46:41,JPM,96.4,7,BID
2020-10-30 10:46:41,JPM,96.42,13,ASK
2020-10-30 10:46:41,JPM,96.39,5,BID
2020-10-30 10:46:41,JPM,96.41,8,ASK
2020-10-30 10:46:43,JPM,96.39,6,BID
2020-10-30 10:46:43,JPM,96.41,8,ASK
2020-10-30 10:46:44,JPM,96.39,1,BID
2020-10-30 10:46:44,JPM,96.4,2,ASK
2020-10-30 10:46:45,JPM,96.38,5,BID
2020-10-30 10:46:45,JPM,96.4,11,ASK
2020-10-30 10:46:46,JPM,96.39,7,BID
2020-10-30 10:46:46,JPM,96.41,16,ASK
2020-10-30 10:46:46,JPM,96.39,8,BID
2020-10-30 10:46:47,JPM,96.41,4,ASK
2020-10-30 10:46:48,JPM,96.4,1,BID
2020-10-30 10:46:48,JPM,96.42,9,ASK
2020-10-30 10:46:49,JPM,96.39,10,BID
2020-10-30 10:46:49,JPM,96.4,5,ASK
2020-10-30 10:46:50,JPM,96.36,7,BID
2020-10-30 10:46:50,JPM,96.39,6,ASK
2020-10-30 10:46:51,JPM,96.38,9,BID
2020-10-30 10:46:51,JPM,96.4,9,ASK
2020-10-30 10:46:51,JPM,96.38,9,BID
2020-10-30 10:46:51,JPM,96.4,9,ASK
2020-10-30 10:46:51,JPM,96.38,9,BID
2020-10-30 10:46:51,JPM,96.4,9,ASK
2020-10-30 10:46:51,JPM,96.38,9,BID
2020-10-30 10:46:51,JPM,96.4,9,ASK
2020-10-30 10:46:51,JPM,96.38,9,BID
2020-10-30 10:46:51,JPM,96.4,9,ASK
2020-10-30 10:46:51,JPM,96.38,9,BID
2020-10-30 10:46:51,JPM,96.4,9,ASK
2020-10-30 10:46:51,JPM,96.38,9,BID
2020-10-30 10:46:51,JPM,96.4,9,ASK
2020-10-30 10:46:51,JPM,96.38,9,BID
2020-10-30 10:46:51,JPM,96.4,9,ASK
2020-10-30 10:46:51,JPM,96.38,9,BID
2020-10-30 10:46:51,JPM,96.4,9,ASK
2020-10-30 10:46:51,JPM,96.38,9,BID
2020-10-30 10:46:51,JPM,96.4,9,ASK
2020-10-30 10:46:51,JPM,96.38,9,BID
2020-10-30 10:46:51,JPM,96.4,9,ASK
2020-10-30 10:46:51,JPM,96.38,9,BID
2020-10-30 10:46:51,JPM,96.4,9,ASK
2020-10-30 10:46:51,JPM,96.38,9,BID
2020-10-30 10:46:51,JPM,96.4,9,ASK
2020-10-30 10:46:51,JPM,96.38,9,BID
2020-10-30 10:46:51,JPM,96.4,9,ASK
2020-10-30 10:46:51,JPM,96.38,9,BID
2020-10-30 10:46:51,JPM,96.4,9,ASK
2020-10-30 10:46:51,JPM,96.38,9,BID
2020-10-30 10:46:51,JPM,96.4,9,ASK
2020-10-30 10:46:51,JPM,96.38,9,BID
2020-10-30 10:46:51,JPM,96.4,9,ASK
2020-10-30 10:46:51,JPM,96.38,9,BID
2020-10-30 10:46:51,JPM,96.4,9,ASK
2020-10-30 10:46:51,JPM,96.38,9,BID
2020-10-30 10:46:51,JPM,96.4,9,ASK
2020-10-30 10:46:51,JPM,96.38,9,BID
2020-10-30 10:46:51,JPM,96.4,9,ASK
2020-10-30 10:46:51,JPM,96.38,9,BID
2020-10-30 10:46:51,JPM,96.4,9,ASK
2020-10-30 10:46:51,JPM,96.38,9,BID
2020-10-30 10:46:51,JPM,96.4,9,ASK
2020-10-30 10:46:51,JPM,96.38,9,BID
2020-10-30 10:46:51,JPM,96.4,9,ASK
2020-10-30 10:46:51,JPM,96.38,9,BID
2020-10-30 10:46:51,JPM,96.4,9,ASK
2020-10-30 10:46:51,JPM,96.38,9,BID
2020-10-30 10:46:51,JPM,96.4,9,ASK
2020-10-30 10:46:51,JPM,96.38,9,BID
2020-10-30 10:46:51,JPM,96.4,9,ASK
2020-10-30 10:46:51,JPM,96.38,9,BID
2020-10-30 10:46:51,JPM,96.4,9,ASK
2020-10-30 10:46:58,JPM,96.38,4,BID
2020-10-30 10:46:51,JPM,96.4,9,ASK
2020-10-30 10:46:59,JPM,96.41,3,BID
2020-10-30 10:46:41,JPM,96.43,5,ASK
2020-10-30 10:47:01,JPM,96.4,7,BID
2020-10-30 10:46:41,JPM,96.43,5,ASK
2020-10-30 10:47:02,JPM,96.4,6,BID
2020-10-30 10:46:41,JPM,96.43,5,ASK
2020-10-30 10:47:02,JPM,96.4,6,BID
2020-10-30 10:47:02,JPM,96.42,3,ASK
2020-10-30 10:47:02,JPM,96.4,6,BID
2020-10-30 10:47:02,JPM,96.42,1,ASK
2020-10-30 10:47:02,JPM,96.4,6,BID
2020-10-30 10:47:02,JPM,96.43,5,ASK
2020-10-30 10:47:02,JPM,96.4,6,BID
2020-10-30 10:47:02,JPM,96.42,4,ASK
2020-10-30 10:47:02,JPM,96.4,6,BID
2020-10-30 10:47:02,JPM,96.42,4,ASK
2020-10-30 10:47:02,JPM,96.4,6,BID
2020-10-30 10:47:02,JPM,96.42,4,ASK
2020-10-30 10:47:02,JPM,96.4,6,BID
2020-10-30 10:47:02,JPM,96.42,4,ASK
2020-10-30 10:47:07,JPM,96.4,6,BID
2020-10-30 10:47:07,JPM,96.42,4,ASK
2020-10-30 10:47:07,JPM,96.38,8,BID
2020-10-30 10:47:07,JPM,96.39,10,ASK
2020-10-30 10:47:07,JPM,96.37,8,BID
2020-10-30 10:47:07,JPM,96.38,12,ASK
2020-10-30 10:47:08,JPM,96.37,2,BID
2020-10-30 10:47:08,JPM,96.39,11,ASK
2020-10-30 10:47:08,JPM,96.36,3,BID
2020-10-30 10:47:08,JPM,96.39,15,ASK
2020-10-30 10:47:08,JPM,96.36,3,BID
2020-10-30 10:47:08,JPM,96.39,15,ASK
2020-10-30 10:47:08,JPM,96.36,6,BID
2020-10-30 10:47:08,JPM,96.39,13,ASK
2020-10-30 10:47:08,JPM,96.36,7,BID
2020-10-30 10:47:08,JPM,96.38,5,ASK
2020-10-30 10:47:09,JPM,96.35,3,BID
2020-10-30 10:47:09,JPM,96.38,1,ASK
2020-10-30 10:47:09,JPM,96.36,3,BID
2020-10-30 10:47:08,JPM,96.39,13,ASK
2020-10-30 10:47:09,JPM,96.36,3,BID
2020-10-30 10:47:08,JPM,96.39,13,ASK
2020-10-30 10:47:09,JPM,96.36,3,BID
2020-10-30 10:47:08,JPM,96.39,13,ASK
2020-10-30 10:47:10,JPM,96.35,3,BID
2020-10-30 10:47:10,JPM,96.37,7,ASK
2020-10-30 10:47:11,JPM,96.35,1,BID
2020-10-30 10:47:11,JPM,96.36,7,ASK
2020-10-30 10:47:12,JPM,96.35,4,BID
2020-10-30 10:47:12,JPM,96.36,2,ASK
2020-10-30 10:47:13,JPM,96.36,3,BID
2020-10-30 10:47:13,JPM,96.38,13,ASK
2020-10-30 10:47:13,JPM,96.36,4,BID
2020-10-30 10:47:14,JPM,96.38,6,ASK
2020-10-30 10:47:13,JPM,96.36,4,BID
2020-10-30 10:47:14,JPM,96.38,8,ASK
2020-10-30 10:47:17,JPM,96.35,8,BID
2020-10-30 10:47:17,JPM,96.36,13,ASK
2020-10-30 10:47:17,JPM,96.35,8,BID
2020-10-30 10:47:17,JPM,96.36,8,ASK
2020-10-30 10:47:20,JPM,96.35,6,BID
2020-10-30 10:47:20,JPM,96.36,6,ASK
2020-10-30 10:47:21,JPM,96.32,11,BID
2020-10-30 10:47:21,JPM,96.34,13,ASK
2020-10-30 10:47:22,JPM,96.34,1,BID
2020-10-30 10:47:22,JPM,96.35,9,ASK
2020-10-30 10:47:22,JPM,96.33,8,BID
2020-10-30 10:47:23,JPM,96.35,5,ASK
2020-10-30 10:47:24,JPM,96.36,14,BID
2020-10-30 10:47:24,JPM,96.37,11,ASK
2020-10-30 10:47:24,JPM,96.36,10,BID
2020-10-30 10:47:24,JPM,96.37,7,ASK
2020-10-30 10:47:24,JPM,96.38,2,BID
2020-10-30 10:47:24,JPM,96.39,1,ASK
2020-10-30 10:47:24,JPM,96.37,9,BID
2020-10-30 10:47:25,JPM,96.39,8,ASK
2020-10-30 10:47:26,JPM,96.37,17,BID
2020-10-30 10:47:27,JPM,96.39,8,ASK
2020-10-30 10:47:26,JPM,96.37,11,BID
2020-10-30 10:47:28,JPM,96.39,8,ASK
2020-10-30 10:47:30,JPM,96.34,1,BID
2020-10-30 10:47:30,JPM,96.35,3,ASK
2020-10-30 10:47:30,JPM,96.36,2,BID
2020-10-30 10:47:30,JPM,96.38,12,ASK
2020-10-30 10:47:32,JPM,96.38,2,BID
2020-10-30 10:47:25,JPM,96.4,5,ASK
2020-10-30 10:47:33,JPM,96.35,11,BID
2020-10-30 10:47:33,JPM,96.37,7,ASK
2020-10-30 10:47:35,JPM,96.35,9,BID
2020-10-30 10:47:35,JPM,96.38,18,ASK
2020-10-30 10:47:35,JPM,96.34,4,BID
2020-10-30 10:47:35,JPM,96.35,7,ASK
2020-10-30 10:47:37,JPM,96.32,6,BID
2020-10-30 10:47:37,JPM,96.34,7,ASK
2020-10-30 10:47:37,JPM,96.32,3,BID
2020-10-30 10:47:37,JPM,96.34,8,ASK
2020-10-30 10:47:38,JPM,96.32,3,BID
2020-10-30 10:47:38,JPM,96.34,9,ASK
2020-10-30 10:47:39,JPM,96.33,3,BID
2020-10-30 10:47:39,JPM,96.35,3,ASK
2020-10-30 10:47:39,JPM,96.31,5,BID
2020-10-30 10:47:40,JPM,96.33,7,ASK
2020-10-30 10:47:40,JPM,96.32,8,BID
2020-10-30 10:47:41,JPM,96.35,4,ASK
2020-10-30 10:47:41,JPM,96.34,8,BID
2020-10-30 10:47:41,JPM,96.36,2,ASK
2020-10-30 10:47:42,JPM,96.33,10,BID
2020-10-30 10:47:42,JPM,96.35,12,ASK
2020-10-30 10:47:42,JPM,96.33,9,BID
2020-10-30 10:47:43,JPM,96.35,7,ASK
2020-10-30 10:47:44,JPM,96.34,8,BID
2020-10-30 10:47:44,JPM,96.35,16,ASK
2020-10-30 10:47:41,JPM,96.32,8,BID
2020-10-30 10:47:45,JPM,96.34,5,ASK
2020-10-30 10:47:46,JPM,96.34,2,BID
2020-10-30 10:47:44,JPM,96.36,10,ASK
2020-10-30 10:47:47,JPM,96.33,8,BID
2020-10-30 10:47:47,JPM,96.35,2,ASK
2020-10-30 10:47:48,JPM,96.32,8,BID
2020-10-30 10:47:48,JPM,96.33,4,ASK
2020-10-30 10:47:49,JPM,96.32,7,BID
2020-10-30 10:47:49,JPM,96.34,11,ASK
2020-10-30 10:47:49,JPM,96.32,8,BID
2020-10-30 10:47:50,JPM,96.34,12,ASK
2020-10-30 10:47:51,JPM,96.3,5,BID
2020-10-30 10:47:51,JPM,96.32,11,ASK
2020-10-30 10:47:52,JPM,96.28,6,BID
2020-10-30 10:47:52,JPM,96.3,12,ASK
2020-10-30 10:47:52,JPM,96.29,1,BID
2020-10-30 10:47:52,JPM,96.3,12,ASK
2020-10-30 10:47:52,JPM,96.29,13,BID
2020-10-30 10:47:53,JPM,96.3,1,ASK
2020-10-30 10:47:54,JPM,96.29,2,BID
2020-10-30 10:47:54,JPM,96.31,11,ASK
2020-10-30 10:47:55,JPM,96.29,5,BID
2020-10-30 10:47:52,JPM,96.32,13,ASK
2020-10-30 10:47:56,JPM,96.28,7,BID
2020-10-30 10:47:56,JPM,96.3,1,ASK
2020-10-30 10:47:57,JPM,96.28,7,BID
2020-10-30 10:47:57,JPM,96.3,6,ASK
2020-10-30 10:47:58,JPM,96.25,12,BID
2020-10-30 10:47:58,JPM,96.27,6,ASK
2020-10-30 10:47:58,JPM,96.26,6,BID
2020-10-30 10:47:58,JPM,96.28,10,ASK
2020-10-30 10:48:00,JPM,96.24,2,BID
2020-10-30 10:48:00,JPM,96.26,4,ASK
2020-10-30 10:48:00,JPM,96.24,5,BID
2020-10-30 10:48:00,JPM,96.25,5,ASK
2020-10-30 10:48:00,JPM,96.23,7,BID
2020-10-30 10:48:01,JPM,96.26,9,ASK
2020-10-30 10:48:01,JPM,96.23,12,BID
2020-10-30 10:48:01,JPM,96.25,11,ASK
2020-10-30 10:48:02,JPM,96.25,2,BID
2020-10-30 10:48:02,JPM,96.26,11,ASK
2020-10-30 10:48:03,JPM,96.25,5,BID
2020-10-30 10:48:04,JPM,96.27,3,ASK
2020-10-30 10:48:05,JPM,96.26,12,BID
2020-10-30 10:48:05,JPM,96.27,3,ASK
2020-10-30 10:48:06,JPM,96.26,11,BID
2020-10-30 10:48:06,JPM,96.28,15,ASK
2020-10-30 10:48:08,JPM,96.28,1,BID
2020-10-30 10:48:08,JPM,96.3,11,ASK
2020-10-30 10:48:08,JPM,96.29,8,BID
2020-10-30 10:48:09,JPM,96.31,8,ASK
2020-10-30 10:48:09,JPM,96.29,14,BID
2020-10-30 10:48:09,JPM,96.31,2,ASK
2020-10-30 10:48:10,JPM,96.3,2,BID
2020-10-30 10:48:10,JPM,96.31,3,ASK
2020-10-30 10:48:12,JPM,96.31,10,BID
2020-10-30 10:48:12,JPM,96.33,14,ASK
2020-10-30 10:48:13,JPM,96.31,12,BID
2020-10-30 10:48:13,JPM,96.32,14,ASK
2020-10-30 10:48:15,JPM,96.29,3,BID
2020-10-30 10:48:15,JPM,96.31,13,ASK
2020-10-30 10:48:15,JPM,96.29,4,BID
2020-10-30 10:48:15,JPM,96.31,1,ASK
2020-10-30 10:48:16,JPM,96.29,4,BID
2020-10-30 10:48:17,JPM,96.31,9,ASK
2020-10-30 10:48:17,JPM,96.29,8,BID
2020-10-30 10:48:18,JPM,96.31,10,ASK
2020-10-30 10:48:19,JPM,96.3,2,BID
2020-10-30 10:48:19,JPM,96.31,6,ASK
2020-10-30 10:48:20,JPM,96.28,8,BID
2020-10-30 10:48:20,JPM,96.3,6,ASK
2020-10-30 10:48:20,JPM,96.28,9,BID
2020-10-30 10:48:20,JPM,96.31,6,ASK
2020-10-30 10:48:22,JPM,96.29,5,BID
2020-10-30 10:48:22,JPM,96.31,5,ASK
2020-10-30 10:48:24,JPM,96.3,4,BID
2020-10-30 10:48:24,JPM,96.32,15,ASK
2020-10-30 10:48:24,JPM,96.3,4,BID
2020-10-30 10:48:24,JPM,96.32,13,ASK
2020-10-30 10:48:26,JPM,96.3,1,BID
2020-10-30 10:48:26,JPM,96.32,16,ASK
2020-10-30 10:48:27,JPM,96.3,1,BID
2020-10-30 10:48:27,JPM,96.32,1,ASK
2020-10-30 10:48:28,JPM,96.31,2,BID
2020-10-30 10:48:15,JPM,96.33,13,ASK
2020-10-30 10:48:30,JPM,96.31,9,BID
2020-10-30 10:48:15,JPM,96.33,13,ASK
2020-10-30 10:48:31,JPM,96.32,14,BID
2020-10-30 10:48:31,JPM,96.35,3,ASK
2020-10-30 10:48:33,JPM,96.32,16,BID
2020-10-30 10:48:33,JPM,96.35,5,ASK
2020-10-30 10:48:33,JPM,96.32,15,BID
2020-10-30 10:48:34,JPM,96.33,12,ASK
2020-10-30 10:48:36,JPM,96.32,10,BID
2020-10-30 10:48:36,JPM,96.33,1,ASK
2020-10-30 10:48:36,JPM,96.32,13,BID
2020-10-30 10:48:38,JPM,96.34,8,ASK
2020-10-30 10:48:40,JPM,96.34,6,BID
2020-10-30 10:48:39,JPM,96.35,13,ASK
2020-10-30 10:48:41,JPM,96.33,10,BID
2020-10-30 10:48:41,JPM,96.35,8,ASK
2020-10-30 10:48:43,JPM,96.33,10,BID
2020-10-30 10:48:43,JPM,96.35,9,ASK
2020-10-30 10:48:44,JPM,96.33,10,BID
2020-10-30 10:48:44,JPM,96.35,8,ASK
2020-10-30 10:48:45,JPM,96.33,10,BID
2020-10-30 10:48:44,JPM,96.35,8,ASK
2020-10-30 10:48:46,JPM,96.29,6,BID
2020-10-30 10:48:46,JPM,96.3,10,ASK
2020-10-30 10:48:47,JPM,96.29,2,BID
2020-10-30 10:48:47,JPM,96.31,11,ASK
2020-10-30 10:48:49,JPM,96.3,8,BID
2020-10-30 10:48:49,JPM,96.32,18,ASK
2020-10-30 10:48:50,JPM,96.29,9,BID
2020-10-30 10:48:50,JPM,96.31,4,ASK
2020-10-30 10:48:52,JPM,96.29,11,BID
2020-10-30 10:48:51,JPM,96.31,9,ASK
2020-10-30 10:48:53,JPM,96.29,13,BID
2020-10-30 10:48:53,JPM,96.31,10,ASK
2020-10-30 10:48:55,JPM,96.3,6,BID
2020-10-30 10:48:55,JPM,96.32,2,ASK
2020-10-30 10:48:56,JPM,96.28,5,BID
2020-10-30 10:48:57,JPM,96.3,4,ASK
2020-10-30 10:48:58,JPM,96.27,2,BID
2020-10-30 10:48:58,JPM,96.29,7,ASK
2020-10-30 10:48:03,JPM,96.25,8,BID
2020-10-30 10:48:58,JPM,96.28,1,ASK
2020-10-30 10:49:00,JPM,96.24,7,BID
2020-10-30 10:49:00,JPM,96.27,5,ASK
2020-10-30 10:49:01,JPM,96.27,1,BID
2020-10-30 10:49:01,JPM,96.29,8,ASK
2020-10-30 10:49:01,JPM,96.29,3,BID
2020-10-30 10:48:57,JPM,96.3,4,ASK
2020-10-30 10:49:01,JPM,96.29,3,BID
2020-10-30 10:48:57,JPM,96.3,4,ASK
2020-10-30 10:49:01,JPM,96.29,3,BID
2020-10-30 10:48:57,JPM,96.3,4,ASK
2020-10-30 10:49:01,JPM,96.29,3,BID
2020-10-30 10:48:57,JPM,96.3,4,ASK
2020-10-30 10:49:01,JPM,96.29,3,BID
2020-10-30 10:48:57,JPM,96.3,4,ASK
2020-10-30 10:49:01,JPM,96.29,3,BID
2020-10-30 10:48:57,JPM,96.3,4,ASK
2020-10-30 10:49:01,JPM,96.29,3,BID
2020-10-30 10:48:57,JPM,96.3,4,ASK
2020-10-30 10:49:01,JPM,96.29,3,BID
2020-10-30 10:48:57,JPM,96.3,4,ASK
2020-10-30 10:49:01,JPM,96.29,3,BID
2020-10-30 10:48:57,JPM,96.3,4,ASK
2020-10-30 10:49:01,JPM,96.29,3,BID
2020-10-30 10:48:57,JPM,96.3,4,ASK
2020-10-30 10:49:01,JPM,96.29,3,BID
2020-10-30 10:48:57,JPM,96.3,4,ASK
2020-10-30 10:49:01,JPM,96.29,3,BID
2020-10-30 10:48:57,JPM,96.3,4,ASK
2020-10-30 10:49:01,JPM,96.29,3,BID
2020-10-30 10:48:57,JPM,96.3,4,ASK
2020-10-30 10:49:01,JPM,96.29,3,BID
2020-10-30 10:48:57,JPM,96.3,4,ASK
2020-10-30 10:49:01,JPM,96.29,3,BID
2020-10-30 10:48:57,JPM,96.3,4,ASK
2020-10-30 10:49:01,JPM,96.29,3,BID
2020-10-30 10:48:57,JPM,96.3,4,ASK
2020-10-30 10:49:01,JPM,96.29,3,BID
2020-10-30 10:48:57,JPM,96.3,4,ASK
2020-10-30 10:49:01,JPM,96.29,3,BID
2020-10-30 10:48:57,JPM,96.3,4,ASK
2020-10-30 10:49:01,JPM,96.29,3,BID
2020-10-30 10:48:57,JPM,96.3,4,ASK
2020-10-30 10:49:01,JPM,96.29,3,BID
2020-10-30 10:48:57,JPM,96.3,4,ASK
2020-10-30 10:49:01,JPM,96.29,3,BID
2020-10-30 10:48:57,JPM,96.3,4,ASK
2020-10-30 10:49:01,JPM,96.29,3,BID
2020-10-30 10:48:57,JPM,96.3,4,ASK
2020-10-30 10:49:01,JPM,96.29,3,BID
2020-10-30 10:48:57,JPM,96.3,4,ASK
2020-10-30 10:49:01,JPM,96.29,3,BID
2020-10-30 10:48:57,JPM,96.3,4,ASK
2020-10-30 10:49:01,JPM,96.29,3,BID
2020-10-30 10:48:57,JPM,96.3,4,ASK
2020-10-30 10:49:01,JPM,96.29,3,BID
2020-10-30 10:48:57,JPM,96.3,4,ASK
2020-10-30 10:49:09,JPM,96.37,9,BID
2020-10-30 10:49:09,JPM,96.38,10,ASK
2020-10-30 10:49:10,JPM,96.37,8,BID
2020-10-30 10:49:10,JPM,96.39,5,ASK
2020-10-30 10:49:12,JPM,96.4,6,BID
2020-10-30 10:49:12,JPM,96.42,5,ASK
2020-10-30 10:49:12,JPM,96.4,1,BID
2020-10-30 10:49:12,JPM,96.41,12,ASK
2020-10-30 10:49:13,JPM,96.35,9,BID
2020-10-30 10:49:13,JPM,96.37,12,ASK
2020-10-30 10:49:15,JPM,96.36,1,BID
2020-10-30 10:49:14,JPM,96.37,3,ASK
2020-10-30 10:49:15,JPM,96.32,10,BID
2020-10-30 10:49:15,JPM,96.34,8,ASK
2020-10-30 10:49:16,JPM,96.32,13,BID
2020-10-30 10:49:16,JPM,96.34,11,ASK
2020-10-30 10:49:17,JPM,96.32,10,BID
2020-10-30 10:49:17,JPM,96.34,13,ASK
2020-10-30 10:49:18,JPM,96.32,9,BID
2020-10-30 10:49:18,JPM,96.34,14,ASK
2020-10-30 10:49:19,JPM,96.32,11,BID
2020-10-30 10:49:19,JPM,96.34,5,ASK
2020-10-30 10:49:21,JPM,96.33,1,BID
2020-10-30 10:49:21,JPM,96.34,4,ASK
2020-10-30 10:49:22,JPM,96.32,9,BID
2020-10-30 10:49:22,JPM,96.34,7,ASK
2020-10-30 10:49:23,JPM,96.33,8,BID
2020-10-30 10:49:23,JPM,96.36,2,ASK
2020-10-30 10:49:24,JPM,96.31,8,BID
2020-10-30 10:49:24,JPM,96.32,4,ASK
2020-10-30 10:49:26,JPM,96.34,1,BID
2020-10-30 10:49:26,JPM,96.35,5,ASK
2020-10-30 10:49:27,JPM,96.35,4,BID
2020-10-30 10:49:27,JPM,96.36,1,ASK
2020-10-30 10:49:29,JPM,96.35,1,BID
2020-10-30 10:49:29,JPM,96.36,1,ASK
2020-10-30 10:49:31,JPM,96.37,2,BID
2020-10-30 10:49:31,JPM,96.38,9,ASK
2020-10-30 10:49:32,JPM,96.36,7,BID
2020-10-30 10:49:31,JPM,96.39,16,ASK
2020-10-30 10:49:32,JPM,96.36,7,BID
2020-10-30 10:49:32,JPM,96.38,1,ASK
2020-10-30 10:49:32,JPM,96.36,6,BID
2020-10-30 10:49:32,JPM,96.38,10,ASK
2020-10-30 10:49:32,JPM,96.35,11,BID
2020-10-30 10:49:32,JPM,96.37,3,ASK
2020-10-30 10:49:32,JPM,96.35,11,BID
2020-10-30 10:49:32,JPM,96.37,3,ASK
2020-10-30 10:49:32,JPM,96.35,11,BID
2020-10-30 10:49:32,JPM,96.37,3,ASK
2020-10-30 10:49:32,JPM,96.35,11,BID
2020-10-30 10:49:32,JPM,96.37,3,ASK
2020-10-30 10:49:37,JPM,96.34,3,BID
2020-10-30 10:49:37,JPM,96.37,11,ASK
2020-10-30 10:49:37,JPM,96.35,7,BID
2020-10-30 10:49:37,JPM,96.37,11,ASK
2020-10-30 10:49:38,JPM,96.34,15,BID
2020-10-30 10:49:38,JPM,96.37,11,ASK
2020-10-30 10:49:38,JPM,96.35,1,BID
2020-10-30 10:49:38,JPM,96.37,11,ASK
2020-10-30 10:49:39,JPM,96.33,12,BID
2020-10-30 10:49:39,JPM,96.36,9,ASK
2020-10-30 10:49:41,JPM,96.31,4,BID
2020-10-30 10:49:41,JPM,96.33,16,ASK
2020-10-30 10:49:42,JPM,96.3,10,BID
2020-10-30 10:49:42,JPM,96.32,11,ASK
2020-10-30 10:49:44,JPM,96.33,1,BID
2020-10-30 10:49:44,JPM,96.34,4,ASK
2020-10-30 10:49:46,JPM,96.32,9,BID
2020-10-30 10:49:46,JPM,96.34,5,ASK
2020-10-30 10:49:48,JPM,96.33,1,BID
2020-10-30 10:49:47,JPM,96.34,3,ASK
2020-10-30 10:49:49,JPM,96.35,11,BID
2020-10-30 10:49:49,JPM,96.36,1,ASK
2020-10-30 10:49:49,JPM,96.33,2,BID
2020-10-30 10:49:49,JPM,96.34,3,ASK
2020-10-30 10:49:51,JPM,96.32,22,BID
2020-10-30 10:49:51,JPM,96.35,6,ASK
2020-10-30 10:49:51,JPM,96.32,19,BID
2020-10-30 10:49:52,JPM,96.34,1,ASK
2020-10-30 10:49:53,JPM,96.3,3,BID
2020-10-30 10:49:53,JPM,96.31,7,ASK
2020-10-30 10:49:54,JPM,96.3,6,BID
2020-10-30 10:49:54,JPM,96.32,14,ASK
2020-10-30 10:49:56,JPM,96.29,12,BID
2020-10-30 10:49:56,JPM,96.31,9,ASK
2020-10-30 10:49:58,JPM,96.29,18,BID
2020-10-30 10:49:58,JPM,96.31,7,ASK
2020-10-30 10:49:58,JPM,96.29,12,BID
2020-10-30 10:49:59,JPM,96.31,5,ASK
2020-10-30 10:50:00,JPM,96.27,15,BID
2020-10-30 10:50:00,JPM,96.29,8,ASK
2020-10-30 10:50:01,JPM,96.29,1,BID
2020-10-30 10:50:01,JPM,96.31,5,ASK
2020-10-30 10:50:02,JPM,96.3,9,BID
2020-10-30 10:50:02,JPM,96.32,11,ASK
2020-10-30 10:50:01,JPM,96.28,5,BID
2020-10-30 10:50:02,JPM,96.29,3,ASK
2020-10-30 10:50:03,JPM,96.27,15,BID
2020-10-30 10:50:03,JPM,96.29,1,ASK
2020-10-30 10:50:04,JPM,96.24,9,BID
2020-10-30 10:50:04,JPM,96.26,8,ASK
2020-10-30 10:50:04,JPM,96.22,12,BID
2020-10-30 10:50:04,JPM,96.24,8,ASK
2020-10-30 10:50:05,JPM,96.25,7,BID
2020-10-30 10:50:04,JPM,96.27,12,ASK
2020-10-30 10:50:04,JPM,96.22,17,BID
2020-10-30 10:50:07,JPM,96.24,7,ASK
2020-10-30 10:50:04,JPM,96.22,14,BID
2020-10-30 10:50:07,JPM,96.24,7,ASK
2020-10-30 10:50:04,JPM,96.22,13,BID
2020-10-30 10:50:08,JPM,96.24,8,ASK
2020-10-30 10:50:08,JPM,96.24,11,BID
2020-10-30 10:50:04,JPM,96.27,12,ASK
2020-10-30 10:50:09,JPM,96.26,1,BID
2020-10-30 10:50:09,JPM,96.28,8,ASK
2020-10-30 10:50:10,JPM,96.26,6,BID
2020-10-30 10:50:10,JPM,96.29,4,ASK
2020-10-30 10:50:11,JPM,96.26,13,BID
2020-10-30 10:50:12,JPM,96.27,2,ASK
2020-10-30 10:50:13,JPM,96.28,15,BID
2020-10-30 10:50:13,JPM,96.3,6,ASK
2020-10-30 10:50:14,JPM,96.29,10,BID
2020-10-30 10:50:14,JPM,96.3,1,ASK
2020-10-30 10:50:14,JPM,96.31,4,BID
2020-10-30 10:50:02,JPM,96.32,12,ASK
2020-10-30 10:50:16,JPM,96.3,11,BID
2020-10-30 10:50:02,JPM,96.32,11,ASK
2020-10-30 10:50:16,JPM,96.31,18,BID
2020-10-30 10:50:16,JPM,96.33,5,ASK
2020-10-30 10:50:17,JPM,96.33,15,BID
2020-10-30 10:50:17,JPM,96.35,14,ASK
2020-10-30 10:50:19,JPM,96.32,16,BID
2020-10-30 10:50:18,JPM,96.34,10,ASK
2020-10-30 10:50:19,JPM,96.32,14,BID
2020-10-30 10:50:21,JPM,96.34,6,ASK
2020-10-30 10:50:19,JPM,96.32,13,BID
2020-10-30 10:50:23,JPM,96.33,5,ASK
2020-10-30 10:50:18,JPM,96.31,15,BID
2020-10-30 10:50:24,JPM,96.33,7,ASK
2020-10-30 10:50:18,JPM,96.31,14,BID
2020-10-30 10:50:25,JPM,96.34,7,ASK
2020-10-30 10:50:14,JPM,96.28,16,BID
2020-10-30 10:50:26,JPM,96.31,10,ASK
2020-10-30 10:50:27,JPM,96.29,4,BID
2020-10-30 10:50:27,JPM,96.31,9,ASK
2020-10-30 10:50:28,JPM,96.29,4,BID
2020-10-30 10:50:28,JPM,96.31,8,ASK
2020-10-30 10:50:29,JPM,96.26,11,BID
2020-10-30 10:50:29,JPM,96.28,7,ASK
2020-10-30 10:50:31,JPM,96.29,5,BID
2020-10-30 10:50:31,JPM,96.31,7,ASK
2020-10-30 10:50:33,JPM,96.29,5,BID
2020-10-30 10:50:33,JPM,96.31,8,ASK
2020-10-30 10:50:33,JPM,96.31,5,BID
2020-10-30 10:50:33,JPM,96.33,8,ASK
2020-10-30 10:50:34,JPM,96.31,11,BID
2020-10-30 10:50:34,JPM,96.33,5,ASK
2020-10-30 10:50:34,JPM,96.32,9,BID
2020-10-30 10:50:34,JPM,96.34,9,ASK
2020-10-30 10:50:36,JPM,96.32,18,BID
2020-10-30 10:50:36,JPM,96.34,10,ASK
2020-10-30 10:50:36,JPM,96.31,12,BID
2020-10-30 10:50:36,JPM,96.33,5,ASK
2020-10-30 10:50:33,JPM,96.29,13,BID
2020-10-30 10:50:38,JPM,96.31,1,ASK
2020-10-30 10:50:40,JPM,96.27,11,BID
2020-10-30 10:50:40,JPM,96.29,3,ASK
2020-10-30 10:50:41,JPM,96.28,5,BID
2020-10-30 10:50:41,JPM,96.3,6,ASK
2020-10-30 10:50:43,JPM,96.3,8,BID
2020-10-30 10:50:38,JPM,96.33,9,ASK
2020-10-30 10:50:44,JPM,96.3,4,BID
2020-10-30 10:50:44,JPM,96.32,8,ASK
2020-10-30 10:50:45,JPM,96.3,9,BID
2020-10-30 10:50:45,JPM,96.31,4,ASK
2020-10-30 10:50:47,JPM,96.3,9,BID
2020-10-30 10:50:45,JPM,96.32,14,ASK
2020-10-30 10:50:49,JPM,96.29,4,BID
2020-10-30 10:50:49,JPM,96.31,9,ASK
2020-10-30 10:50:51,JPM,96.29,10,BID
2020-10-30 10:50:51,JPM,96.31,11,ASK
2020-10-30 10:50:50,JPM,96.28,13,BID
2020-10-30 10:50:53,JPM,96.3,10,ASK
2020-10-30 10:50:50,JPM,96.28,13,BID
2020-10-30 10:50:54,JPM,96.3,10,ASK
2020-10-30 10:50:56,JPM,96.32,3,BID
2020-10-30 10:50:38,JPM,96.33,9,ASK
2020-10-30 10:50:57,JPM,96.33,1,BID
2020-10-30 10:50:20,JPM,96.35,16,ASK
2020-10-30 10:50:57,JPM,96.33,10,BID
2020-10-30 10:50:20,JPM,96.35,13,ASK
2020-10-30 10:50:58,JPM,96.33,12,BID
2020-10-30 10:50:58,JPM,96.34,14,ASK
2020-10-30 10:50:58,JPM,96.33,15,BID
2020-10-30 10:50:58,JPM,96.35,17,ASK
2020-10-30 10:51:00,JPM,96.34,12,BID
2020-10-30 10:51:00,JPM,96.35,10,ASK
2020-10-30 10:51:01,JPM,96.34,6,BID
2020-10-30 10:51:00,JPM,96.35,10,ASK
2020-10-30 10:51:02,JPM,96.35,8,BID
2020-10-30 10:51:02,JPM,96.37,12,ASK
2020-10-30 10:51:03,JPM,96.38,5,BID
2020-10-30 10:51:03,JPM,96.4,4,ASK
2020-10-30 10:51:03,JPM,96.38,5,BID
2020-10-30 10:51:03,JPM,96.41,13,ASK
2020-10-30 10:51:04,JPM,96.41,12,BID
2020-10-30 10:51:04,JPM,96.42,4,ASK
2020-10-30 10:51:05,JPM,96.38,12,BID
2020-10-30 10:51:05,JPM,96.4,8,ASK
2020-10-30 10:51:05,JPM,96.39,12,BID
2020-10-30 10:51:06,JPM,96.41,7,ASK
2020-10-30 10:51:06,JPM,96.38,12,BID
2020-10-30 10:51:06,JPM,96.4,15,ASK
2020-10-30 10:51:08,JPM,96.35,9,BID
2020-10-30 10:51:07,JPM,96.37,10,ASK
2020-10-30 10:51:10,JPM,96.36,9,BID
2020-10-30 10:51:10,JPM,96.38,14,ASK
2020-10-30 10:51:11,JPM,96.36,7,BID
2020-10-30 10:51:10,JPM,96.38,17,ASK
2020-10-30 10:51:13,JPM,96.36,8,BID
2020-10-30 10:51:10,JPM,96.38,15,ASK
2020-10-30 10:51:14,JPM,96.34,10,BID
2020-10-30 10:51:14,JPM,96.35,11,ASK
2020-10-30 10:51:16,JPM,96.34,20,BID
2020-10-30 10:51:16,JPM,96.35,1,ASK
2020-10-30 10:51:17,JPM,96.33,11,BID
2020-10-30 10:51:18,JPM,96.36,14,ASK
2020-10-30 10:51:19,JPM,96.34,1,BID
2020-10-30 10:51:19,JPM,96.36,18,ASK
2020-10-30 10:51:19,JPM,96.38,9,BID
2020-10-30 10:51:19,JPM,96.4,14,ASK
2020-10-30 10:51:20,JPM,96.39,1,BID
2020-10-30 10:51:20,JPM,96.4,14,ASK
2020-10-30 10:51:20,JPM,96.42,11,BID
2020-10-30 10:51:20,JPM,96.44,1,ASK
2020-10-30 10:51:20,JPM,96.41,16,BID
2020-10-30 10:51:20,JPM,96.43,1,ASK
2020-10-30 10:51:20,JPM,96.41,19,BID
2020-10-30 10:51:20,JPM,96.43,3,ASK
2020-10-30 10:51:21,JPM,96.39,11,BID
2020-10-30 10:51:21,JPM,96.41,5,ASK
2020-10-30 10:51:22,JPM,96.39,15,BID
2020-10-30 10:51:22,JPM,96.41,4,ASK
2020-10-30 10:51:22,JPM,96.4,7,BID
2020-10-30 10:51:22,JPM,96.41,6,ASK
2020-10-30 10:51:22,JPM,96.39,12,BID
2020-10-30 10:51:23,JPM,96.4,2,ASK
2020-10-30 10:51:22,JPM,96.39,12,BID
2020-10-30 10:51:23,JPM,96.4,2,ASK
2020-10-30 10:51:22,JPM,96.39,12,BID
2020-10-30 10:51:23,JPM,96.4,2,ASK
2020-10-30 10:51:22,JPM,96.39,12,BID
2020-10-30 10:51:23,JPM,96.4,2,ASK
2020-10-30 10:51:22,JPM,96.39,12,BID
2020-10-30 10:51:23,JPM,96.4,2,ASK
2020-10-30 10:51:22,JPM,96.39,12,BID
2020-10-30 10:51:23,JPM,96.4,2,ASK
2020-10-30 10:51:22,JPM,96.39,12,BID
2020-10-30 10:51:23,JPM,96.4,2,ASK
2020-10-30 10:51:22,JPM,96.39,12,BID
2020-10-30 10:51:23,JPM,96.4,2,ASK
2020-10-30 10:51:22,JPM,96.39,12,BID
2020-10-30 10:51:23,JPM,96.4,2,ASK
2020-10-30 10:51:22,JPM,96.39,12,BID
2020-10-30 10:51:23,JPM,96.4,2,ASK
2020-10-30 10:51:22,JPM,96.39,12,BID
2020-10-30 10:51:23,JPM,96.4,2,ASK
2020-10-30 10:51:22,JPM,96.39,12,BID
2020-10-30 10:51:23,JPM,96.4,2,ASK
2020-10-30 10:51:22,JPM,96.39,12,BID
2020-10-30 10:51:23,JPM,96.4,2,ASK
2020-10-30 10:51:22,JPM,96.39,12,BID
2020-10-30 10:51:23,JPM,96.4,2,ASK
2020-10-30 10:51:22,JPM,96.39,12,BID
2020-10-30 10:51:23,JPM,96.4,2,ASK
2020-10-30 10:51:22,JPM,96.39,12,BID
2020-10-30 10:51:23,JPM,96.4,2,ASK
2020-10-30 10:51:22,JPM,96.39,12,BID
2020-10-30 10:51:23,JPM,96.4,2,ASK
2020-10-30 10:51:22,JPM,96.39,12,BID
2020-10-30 10:51:23,JPM,96.4,2,ASK
2020-10-30 10:51:22,JPM,96.39,12,BID
2020-10-30 10:51:23,JPM,96.4,2,ASK
2020-10-30 10:51:22,JPM,96.39,12,BID
2020-10-30 10:51:23,JPM,96.4,2,ASK
2020-10-30 10:51:22,JPM,96.39,12,BID
2020-10-30 10:51:23,JPM,96.4,2,ASK
2020-10-30 10:51:22,JPM,96.39,12,BID
2020-10-30 10:51:23,JPM,96.4,2,ASK
2020-10-30 10:51:22,JPM,96.39,12,BID
2020-10-30 10:51:23,JPM,96.4,2,ASK
2020-10-30 10:51:22,JPM,96.39,12,BID
2020-10-30 10:51:23,JPM,96.4,2,ASK
2020-10-30 10:51:22,JPM,96.39,12,BID
