timestamp,ticker,price,volume,bid_ask
2020-10-30 10:31:26,KO,47.71,29,BID
2020-10-30 10:31:26,KO,47.72,20,ASK
2020-10-30 10:31:28,KO,47.72,14,BID
2020-10-30 10:31:28,KO,47.73,41,ASK
2020-10-30 10:31:29,KO,47.72,10,BID
2020-10-30 10:31:29,KO,47.73,36,ASK
2020-10-30 10:31:29,KO,47.71,37,BID
2020-10-30 10:31:30,KO,47.72,68,ASK
2020-10-30 10:31:30,KO,47.71,42,BID
2020-10-30 10:31:30,KO,47.72,70,ASK
2020-10-30 10:31:31,KO,47.71,38,BID
2020-10-30 10:31:32,KO,47.72,18,ASK
2020-10-30 10:31:31,KO,47.71,37,BID
2020-10-30 10:31:32,KO,47.72,28,ASK
2020-10-30 10:31:33,KO,47.71,16,BID
2020-10-30 10:31:33,KO,47.72,36,ASK
2020-10-30 10:31:35,KO,47.72,16,BID
2020-10-30 10:31:35,KO,47.73,48,ASK
2020-10-30 10:31:35,KO,47.72,13,BID
2020-10-30 10:31:35,KO,47.73,39,ASK
2020-10-30 10:31:37,KO,47.71,23,BID
2020-10-30 10:31:36,KO,47.72,26,ASK
2020-10-30 10:31:38,KO,47.71,37,BID
2020-10-30 10:31:38,KO,47.72,24,ASK
2020-10-30 10:31:38,KO,47.71,34,BID
2020-10-30 10:31:38,KO,47.72,10,ASK
2020-10-30 10:31:39,KO,47.71,24,BID
2020-10-30 10:31:39,KO,47.72,42,ASK
2020-10-30 10:31:40,KO,47.71,15,BID
2020-10-30 10:31:39,KO,47.72,35,ASK
2020-10-30 10:31:42,KO,47.71,34,BID
2020-10-30 10:31:42,KO,47.72,26,ASK
2020-10-30 10:31:42,KO,47.71,28,BID
2020-10-30 10:31:43,KO,47.72,22,ASK
2020-10-30 10:31:43,KO,47.72,28,BID
2020-10-30 10:31:36,KO,47.73,62,ASK
2020-10-30 10:31:44,KO,47.71,35,BID
2020-10-30 10:31:44,KO,47.72,51,ASK
2020-10-30 10:31:46,KO,47.72,10,BID
2020-10-30 10:31:36,KO,47.73,68,ASK
2020-10-30 10:31:47,KO,47.72,10,BID
2020-10-30 10:31:36,KO,47.73,69,ASK
2020-10-30 10:31:47,KO,47.71,20,BID
2020-10-30 10:31:47,KO,47.72,50,ASK
2020-10-30 10:31:48,KO,47.7,27,BID
2020-10-30 10:31:48,KO,47.71,48,ASK
2020-10-30 10:31:49,KO,47.69,20,BID
2020-10-30 10:31:49,KO,47.7,47,ASK
2020-10-30 10:31:50,KO,47.69,20,BID
2020-10-30 10:31:50,KO,47.7,31,ASK
2020-10-30 10:31:52,KO,47.7,3,BID
2020-10-30 10:31:48,KO,47.71,48,ASK
2020-10-30 10:31:50,KO,47.69,34,BID
2020-10-30 10:31:52,KO,47.7,30,ASK
2020-10-30 10:31:53,KO,47.7,29,BID
2020-10-30 10:31:48,KO,47.71,47,ASK
2020-10-30 10:31:53,KO,47.7,44,BID
2020-10-30 10:31:54,KO,47.71,28,ASK
2020-10-30 10:31:53,KO,47.7,44,BID
2020-10-30 10:31:54,KO,47.71,18,ASK
2020-10-30 10:31:53,KO,47.7,44,BID
2020-10-30 10:31:54,KO,47.71,28,ASK
2020-10-30 10:31:53,KO,47.7,21,BID
2020-10-30 10:31:54,KO,47.71,35,ASK
2020-10-30 10:31:53,KO,47.7,37,BID
2020-10-30 10:31:54,KO,47.71,25,ASK
2020-10-30 10:31:53,KO,47.7,20,BID
2020-10-30 10:31:54,KO,47.71,38,ASK
2020-10-30 10:31:50,KO,47.69,33,BID
2020-10-30 10:32:00,KO,47.7,50,ASK
2020-10-30 10:32:00,KO,47.68,40,BID
2020-10-30 10:32:00,KO,47.69,25,ASK
2020-10-30 10:32:01,KO,47.68,28,BID
2020-10-30 10:32:01,KO,47.68,1,ASK
2020-10-30 10:31:10,KO,47.67,70,BID
2020-10-30 10:32:01,KO,47.68,32,ASK
2020-10-30 10:31:10,KO,47.67,70,BID
2020-10-30 10:32:01,KO,47.68,34,ASK
2020-10-30 10:31:10,KO,47.67,71,BID
2020-10-30 10:32:02,KO,47.68,32,ASK
2020-10-30 10:31:10,KO,47.67,66,BID
2020-10-30 10:32:02,KO,47.68,62,ASK
2020-10-30 10:32:04,KO,47.66,34,BID
2020-10-30 10:32:03,KO,47.67,31,ASK
2020-10-30 10:32:04,KO,47.67,4,BID
2020-10-30 10:32:02,KO,47.68,60,ASK
2020-10-30 10:32:05,KO,47.67,10,BID
2020-10-30 10:32:02,KO,47.68,56,ASK
2020-10-30 10:32:06,KO,47.67,12,BID
2020-10-30 10:32:02,KO,47.68,42,ASK
2020-10-30 10:32:04,KO,47.66,41,BID
2020-10-30 10:32:08,KO,47.67,35,ASK
2020-10-30 10:32:08,KO,47.66,50,BID
2020-10-30 10:32:09,KO,47.67,18,ASK
2020-10-30 10:32:08,KO,47.66,37,BID
2020-10-30 10:32:09,KO,47.67,31,ASK
2020-10-30 10:32:10,KO,47.66,12,BID
2020-10-30 10:32:10,KO,47.67,30,ASK
2020-10-30 10:32:10,KO,47.66,12,BID
2020-10-30 10:32:10,KO,47.67,40,ASK
2020-10-30 10:32:12,KO,47.66,24,BID
2020-10-30 10:32:12,KO,47.67,27,ASK
2020-10-30 10:32:13,KO,47.67,29,BID
2020-10-30 10:32:13,KO,47.68,28,ASK
2020-10-30 10:32:13,KO,47.67,40,BID
2020-10-30 10:32:15,KO,47.68,36,ASK
2020-10-30 10:32:13,KO,47.67,16,BID
2020-10-30 10:32:15,KO,47.68,37,ASK
2020-10-30 10:32:13,KO,47.67,44,BID
2020-10-30 10:32:17,KO,47.68,41,ASK
2020-10-30 10:32:12,KO,47.66,34,BID
2020-10-30 10:32:19,KO,47.67,2,ASK
2020-10-30 10:32:12,KO,47.66,22,BID
2020-10-30 10:32:19,KO,47.67,33,ASK
2020-10-30 10:32:20,KO,47.64,29,BID
2020-10-30 10:32:20,KO,47.65,55,ASK
2020-10-30 10:32:20,KO,47.64,17,BID
2020-10-30 10:32:20,KO,47.65,30,ASK
2020-10-30 10:32:20,KO,47.64,17,BID
2020-10-30 10:32:20,KO,47.65,30,ASK
2020-10-30 10:32:20,KO,47.64,20,BID
2020-10-30 10:32:21,KO,47.65,20,ASK
2020-10-30 10:32:21,KO,47.64,20,BID
2020-10-30 10:32:21,KO,47.65,23,ASK
2020-10-30 10:32:22,KO,47.64,23,BID
2020-10-30 10:32:22,KO,47.65,33,ASK
2020-10-30 10:32:22,KO,47.64,25,BID
2020-10-30 10:32:23,KO,47.65,36,ASK
2020-10-30 10:32:22,KO,47.64,25,BID
2020-10-30 10:32:23,KO,47.65,36,ASK
2020-10-30 10:32:24,KO,47.63,38,BID
2020-10-30 10:32:24,KO,47.64,24,ASK
2020-10-30 10:32:24,KO,47.62,42,BID
2020-10-30 10:32:24,KO,47.63,40,ASK
2020-10-30 10:32:25,KO,47.62,21,BID
2020-10-30 10:32:24,KO,47.63,38,ASK
2020-10-30 10:32:25,KO,47.61,26,BID
2020-10-30 10:32:25,KO,47.62,45,ASK
2020-10-30 10:32:25,KO,47.62,13,BID
2020-10-30 10:32:25,KO,47.63,39,ASK
2020-10-30 10:32:26,KO,47.62,28,BID
2020-10-30 10:32:26,KO,47.63,32,ASK
2020-10-30 10:32:26,KO,47.62,26,BID
2020-10-30 10:32:26,KO,47.62,54,ASK
2020-10-30 10:32:27,KO,47.6,39,BID
2020-10-30 10:32:27,KO,47.61,26,ASK
2020-10-30 10:32:27,KO,47.6,25,BID
2020-10-30 10:32:27,KO,47.61,8,ASK
2020-10-30 10:32:27,KO,47.61,1,BID
2020-10-30 10:32:27,KO,47.61,5,ASK
2020-10-30 10:32:28,KO,47.62,27,BID
2020-10-30 10:32:28,KO,47.63,25,ASK
2020-10-30 10:32:28,KO,47.62,17,BID
2020-10-30 10:32:28,KO,47.63,30,ASK
2020-10-30 10:32:29,KO,47.61,30,BID
2020-10-30 10:32:31,KO,47.62,1,ASK
2020-10-30 10:32:31,KO,47.63,38,BID
2020-10-30 10:32:31,KO,47.64,20,ASK
2020-10-30 10:32:31,KO,47.63,42,BID
2020-10-30 10:32:31,KO,47.64,18,ASK
2020-10-30 10:32:31,KO,47.63,10,BID
2020-10-30 10:32:31,KO,47.64,42,ASK
2020-10-30 10:32:32,KO,47.63,24,BID
2020-10-30 10:32:32,KO,47.64,38,ASK
2020-10-30 10:32:32,KO,47.63,28,BID
2020-10-30 10:32:32,KO,47.64,35,ASK
2020-10-30 10:32:34,KO,47.64,56,BID
2020-10-30 10:32:23,KO,47.65,31,ASK
2020-10-30 10:32:36,KO,47.64,13,BID
2020-10-30 10:32:23,KO,47.65,40,ASK
2020-10-30 10:32:36,KO,47.63,29,BID
2020-10-30 10:32:36,KO,47.64,50,ASK
2020-10-30 10:32:37,KO,47.63,19,BID
2020-10-30 10:32:37,KO,47.64,38,ASK
2020-10-30 10:32:38,KO,47.63,21,BID
2020-10-30 10:32:37,KO,47.64,53,ASK
2020-10-30 10:32:39,KO,47.63,7,BID
2020-10-30 10:32:37,KO,47.64,48,ASK
2020-10-30 10:32:39,KO,47.63,22,BID
2020-10-30 10:32:39,KO,47.64,22,ASK
2020-10-30 10:32:40,KO,47.63,9,BID
2020-10-30 10:32:40,KO,47.64,39,ASK
2020-10-30 10:32:42,KO,47.62,22,BID
2020-10-30 10:32:42,KO,47.63,41,ASK
2020-10-30 10:32:42,KO,47.62,40,BID
2020-10-30 10:32:40,KO,47.64,57,ASK
2020-10-30 10:32:42,KO,47.62,22,BID
2020-10-30 10:32:43,KO,47.63,40,ASK
2020-10-30 10:32:42,KO,47.62,17,BID
2020-10-30 10:32:43,KO,47.63,42,ASK
2020-10-30 10:32:29,KO,47.61,36,BID
2020-10-30 10:32:45,KO,47.62,2,ASK
2020-10-30 10:32:45,KO,47.63,38,BID
2020-10-30 10:32:40,KO,47.64,53,ASK
2020-10-30 10:32:46,KO,47.63,12,BID
2020-10-30 10:32:40,KO,47.64,45,ASK
2020-10-30 10:32:48,KO,47.63,26,BID
2020-10-30 10:32:40,KO,47.64,42,ASK
2020-10-30 10:32:48,KO,47.63,26,BID
2020-10-30 10:32:40,KO,47.64,33,ASK
2020-10-30 10:32:49,KO,47.63,34,BID
2020-10-30 10:32:40,KO,47.64,26,ASK
2020-10-30 10:32:49,KO,47.63,19,BID
2020-10-30 10:32:40,KO,47.64,29,ASK
2020-10-30 10:32:54,KO,47.62,31,BID
2020-10-30 10:32:54,KO,47.63,47,ASK
2020-10-30 10:32:56,KO,47.62,40,BID
2020-10-30 10:32:55,KO,47.63,30,ASK
2020-10-30 10:32:57,KO,47.62,31,BID
2020-10-30 10:32:57,KO,47.63,29,ASK
2020-10-30 10:32:57,KO,47.62,33,BID
2020-10-30 10:32:57,KO,47.63,26,ASK
2020-10-30 10:32:58,KO,47.63,45,BID
2020-10-30 10:32:40,KO,47.64,45,ASK
2020-10-30 10:32:58,KO,47.64,49,BID
2020-10-30 10:32:23,KO,47.65,23,ASK
2020-10-30 10:32:59,KO,47.64,26,BID
2020-10-30 10:32:59,KO,47.65,44,ASK
2020-10-30 10:32:59,KO,47.64,37,BID
2020-10-30 10:33:00,KO,47.65,37,ASK
2020-10-30 10:33:01,KO,47.65,34,BID
2020-10-30 10:33:01,KO,47.66,33,ASK
2020-10-30 10:33:02,KO,47.66,15,BID
2020-10-30 10:33:02,KO,47.67,25,ASK
2020-10-30 10:33:02,KO,47.66,36,BID
2020-10-30 10:33:02,KO,47.67,26,ASK
2020-10-30 10:33:03,KO,47.66,19,BID
2020-10-30 10:33:02,KO,47.67,26,ASK
2020-10-30 10:33:03,KO,47.66,23,BID
2020-10-30 10:33:04,KO,47.67,13,ASK
2020-10-30 10:33:05,KO,47.66,46,BID
2020-10-30 10:33:05,KO,47.67,18,ASK
2020-10-30 10:33:06,KO,47.67,16,BID
2020-10-30 10:32:19,KO,47.68,40,ASK
2020-10-30 10:33:07,KO,47.66,15,BID
2020-10-30 10:33:07,KO,47.67,24,ASK
2020-10-30 10:33:07,KO,47.66,15,BID
2020-10-30 10:33:07,KO,47.67,24,ASK
2020-10-30 10:33:09,KO,47.65,17,BID
2020-10-30 10:33:09,KO,47.66,40,ASK
2020-10-30 10:33:09,KO,47.65,27,BID
2020-10-30 10:33:10,KO,47.66,39,ASK
2020-10-30 10:33:09,KO,47.65,26,BID
2020-10-30 10:33:11,KO,47.66,25,ASK
2020-10-30 10:33:09,KO,47.65,28,BID
2020-10-30 10:33:12,KO,47.66,1,ASK
2020-10-30 10:33:09,KO,47.65,25,BID
2020-10-30 10:33:13,KO,47.66,25,ASK
2020-10-30 10:33:15,KO,47.64,27,BID
2020-10-30 10:33:15,KO,47.65,34,ASK
2020-10-30 10:33:16,KO,47.64,34,BID
2020-10-30 10:33:15,KO,47.65,38,ASK
2020-10-30 10:33:16,KO,47.64,28,BID
2020-10-30 10:33:17,KO,47.65,33,ASK
2020-10-30 10:33:18,KO,47.64,21,BID
2020-10-30 10:33:18,KO,47.65,37,ASK
2020-10-30 10:33:19,KO,47.63,41,BID
2020-10-30 10:33:19,KO,47.64,34,ASK
2020-10-30 10:33:20,KO,47.64,14,BID
2020-10-30 10:33:20,KO,47.65,40,ASK
2020-10-30 10:33:21,KO,47.64,56,BID
2020-10-30 10:33:20,KO,47.65,33,ASK
2020-10-30 10:33:21,KO,47.64,60,BID
2020-10-30 10:33:20,KO,47.65,33,ASK
2020-10-30 10:33:23,KO,47.64,34,BID
2020-10-30 10:33:23,KO,47.65,32,ASK
2020-10-30 10:33:24,KO,47.64,31,BID
2020-10-30 10:33:23,KO,47.65,20,ASK
2020-10-30 10:33:25,KO,47.64,23,BID
2020-10-30 10:33:23,KO,47.65,33,ASK
2020-10-30 10:33:26,KO,47.64,19,BID
2020-10-30 10:33:23,KO,47.65,32,ASK
2020-10-30 10:33:28,KO,47.65,22,BID
2020-10-30 10:33:28,KO,47.66,30,ASK
2020-10-30 10:33:29,KO,47.65,30,BID
2020-10-30 10:33:28,KO,47.66,29,ASK
2020-10-30 10:33:31,KO,47.66,12,BID
2020-10-30 10:33:31,KO,47.67,51,ASK
2020-10-30 10:33:32,KO,47.66,24,BID
2020-10-30 10:33:32,KO,47.67,35,ASK
2020-10-30 10:33:32,KO,47.66,43,BID
2020-10-30 10:33:33,KO,47.67,39,ASK
2020-10-30 10:33:33,KO,47.67,37,BID
2020-10-30 10:32:19,KO,47.68,23,ASK
2020-10-30 10:33:34,KO,47.68,13,BID
2020-10-30 10:32:01,KO,47.69,40,ASK
2020-10-30 10:33:34,KO,47.67,36,BID
2020-10-30 10:33:35,KO,47.68,50,ASK
2020-10-30 10:33:35,KO,47.67,12,BID
2020-10-30 10:33:35,KO,47.68,40,ASK
2020-10-30 10:33:37,KO,47.67,14,BID
2020-10-30 10:33:35,KO,47.68,47,ASK
2020-10-30 10:33:37,KO,47.67,19,BID
2020-10-30 10:33:35,KO,47.68,47,ASK
2020-10-30 10:33:38,KO,47.67,15,BID
2020-10-30 10:33:38,KO,47.68,35,ASK
2020-10-30 10:33:38,KO,47.67,30,BID
2020-10-30 10:33:39,KO,47.68,4,ASK
2020-10-30 10:33:40,KO,47.68,27,BID
2020-10-30 10:33:39,KO,47.69,25,ASK
2020-10-30 10:33:41,KO,47.67,31,BID
2020-10-30 10:33:41,KO,47.68,5,ASK
2020-10-30 10:33:42,KO,47.67,27,BID
2020-10-30 10:33:43,KO,47.68,36,ASK
2020-10-30 10:33:42,KO,47.67,25,BID
2020-10-30 10:33:43,KO,47.68,41,ASK
2020-10-30 10:33:44,KO,47.67,18,BID
2020-10-30 10:33:43,KO,47.68,34,ASK
2020-10-30 10:33:44,KO,47.67,38,BID
2020-10-30 10:33:45,KO,47.68,11,ASK
2020-10-30 10:33:46,KO,47.68,52,BID
2020-10-30 10:33:46,KO,47.69,35,ASK
2020-10-30 10:33:47,KO,47.68,24,BID
2020-10-30 10:33:46,KO,47.69,38,ASK
2020-10-30 10:33:48,KO,47.68,24,BID
2020-10-30 10:33:46,KO,47.69,32,ASK
2020-10-30 10:33:48,KO,47.68,29,BID
2020-10-30 10:33:46,KO,47.69,31,ASK
2020-10-30 10:33:49,KO,47.69,22,BID
2020-10-30 10:33:49,KO,47.7,43,ASK
2020-10-30 10:33:49,KO,47.69,23,BID
2020-10-30 10:33:49,KO,47.7,31,ASK
2020-10-30 10:33:51,KO,47.69,19,BID
2020-10-30 10:33:50,KO,47.7,23,ASK
2020-10-30 10:33:51,KO,47.69,14,BID
2020-10-30 10:33:50,KO,47.7,26,ASK
2020-10-30 10:33:52,KO,47.69,35,BID
2020-10-30 10:33:53,KO,47.7,25,ASK
2020-10-30 10:33:52,KO,47.69,35,BID
2020-10-30 10:33:53,KO,47.7,25,ASK
2020-10-30 10:33:52,KO,47.69,19,BID
2020-10-30 10:33:55,KO,47.7,37,ASK
2020-10-30 10:33:52,KO,47.69,30,BID
2020-10-30 10:33:57,KO,47.7,30,ASK
2020-10-30 10:33:59,KO,47.7,39,BID
2020-10-30 10:33:58,KO,47.71,35,ASK
2020-10-30 10:34:00,KO,47.7,22,BID
2020-10-30 10:33:58,KO,47.71,37,ASK
2020-10-30 10:34:00,KO,47.7,33,BID
2020-10-30 10:33:58,KO,47.71,37,ASK
2020-10-30 10:34:01,KO,47.7,27,BID
2020-10-30 10:34:01,KO,47.71,40,ASK
2020-10-30 10:34:02,KO,47.7,20,BID
2020-10-30 10:34:01,KO,47.71,42,ASK
2020-10-30 10:34:03,KO,47.7,10,BID
2020-10-30 10:34:03,KO,47.71,61,ASK
2020-10-30 10:34:03,KO,47.7,10,BID
2020-10-30 10:34:03,KO,47.71,61,ASK
2020-10-30 10:34:04,KO,47.7,11,BID
2020-10-30 10:34:03,KO,47.71,55,ASK
2020-10-30 10:34:05,KO,47.7,10,BID
2020-10-30 10:34:03,KO,47.71,55,ASK
2020-10-30 10:34:06,KO,47.7,14,BID
2020-10-30 10:34:03,KO,47.71,55,ASK
2020-10-30 10:34:07,KO,47.7,33,BID
2020-10-30 10:34:07,KO,47.71,50,ASK
2020-10-30 10:34:07,KO,47.7,32,BID
2020-10-30 10:34:07,KO,47.71,44,ASK
2020-10-30 10:34:07,KO,47.7,18,BID
2020-10-30 10:34:07,KO,47.71,41,ASK
2020-10-30 10:34:07,KO,47.7,18,BID
2020-10-30 10:34:09,KO,47.7,5,ASK
2020-10-30 10:34:10,KO,47.68,29,BID
2020-10-30 10:34:10,KO,47.69,47,ASK
2020-10-30 10:34:10,KO,47.68,22,BID
2020-10-30 10:34:10,KO,47.69,23,ASK
2020-10-30 10:34:11,KO,47.68,22,BID
2020-10-30 10:34:11,KO,47.69,21,ASK
2020-10-30 10:34:12,KO,47.68,25,BID
2020-10-30 10:34:12,KO,47.69,13,ASK
2020-10-30 10:34:13,KO,47.68,23,BID
2020-10-30 10:34:13,KO,47.69,23,ASK
2020-10-30 10:34:13,KO,47.68,25,BID
2020-10-30 10:34:13,KO,47.69,31,ASK
2020-10-30 10:34:13,KO,47.68,26,BID
2020-10-30 10:34:14,KO,47.69,28,ASK
2020-10-30 10:34:13,KO,47.68,34,BID
2020-10-30 10:34:14,KO,47.69,14,ASK
2020-10-30 10:34:15,KO,47.68,27,BID
2020-10-30 10:34:15,KO,47.69,34,ASK
2020-10-30 10:34:16,KO,47.68,16,BID
2020-10-30 10:34:16,KO,47.69,25,ASK
2020-10-30 10:34:16,KO,47.68,25,BID
2020-10-30 10:34:17,KO,47.69,22,ASK
2020-10-30 10:34:19,KO,47.68,22,BID
2020-10-30 10:34:19,KO,47.69,33,ASK
2020-10-30 10:34:20,KO,47.68,20,BID
2020-10-30 10:34:20,KO,47.69,33,ASK
2020-10-30 10:34:22,KO,47.68,17,BID
2020-10-30 10:34:22,KO,47.69,32,ASK
2020-10-30 10:34:23,KO,47.68,13,BID
2020-10-30 10:34:23,KO,47.69,33,ASK
2020-10-30 10:34:23,KO,47.68,16,BID
2020-10-30 10:34:24,KO,47.69,21,ASK
2020-10-30 10:34:24,KO,47.68,42,BID
2020-10-30 10:34:24,KO,47.69,5,ASK
2020-10-30 10:34:25,KO,47.68,28,BID
2020-10-30 10:34:25,KO,47.69,24,ASK
2020-10-30 10:34:26,KO,47.69,12,BID
2020-10-30 10:34:10,KO,47.7,40,ASK
2020-10-30 10:34:25,KO,47.68,23,BID
2020-10-30 10:34:27,KO,47.69,21,ASK
2020-10-30 10:34:25,KO,47.68,19,BID
2020-10-30 10:34:28,KO,47.69,28,ASK
2020-10-30 10:34:25,KO,47.68,34,BID
2020-10-30 10:34:31,KO,47.69,25,ASK
2020-10-30 10:34:25,KO,47.68,22,BID
2020-10-30 10:34:31,KO,47.69,36,ASK
2020-10-30 10:34:25,KO,47.68,30,BID
2020-10-30 10:34:34,KO,47.69,17,ASK
2020-10-30 10:34:25,KO,47.68,24,BID
2020-10-30 10:34:34,KO,47.69,36,ASK
2020-10-30 10:34:36,KO,47.67,34,BID
2020-10-30 10:34:36,KO,47.68,27,ASK
2020-10-30 10:34:37,KO,47.67,49,BID
2020-10-30 10:34:37,KO,47.68,18,ASK
2020-10-30 10:34:39,KO,47.67,35,BID
2020-10-30 10:34:39,KO,47.68,26,ASK
2020-10-30 10:34:40,KO,47.67,33,BID
2020-10-30 10:34:40,KO,47.68,22,ASK
2020-10-30 10:34:42,KO,47.67,44,BID
2020-10-30 10:34:42,KO,47.68,25,ASK
2020-10-30 10:34:42,KO,47.67,45,BID
2020-10-30 10:34:44,KO,47.68,23,ASK
2020-10-30 10:34:45,KO,47.68,32,BID
2020-10-30 10:34:34,KO,47.69,48,ASK
2020-10-30 10:34:47,KO,47.68,20,BID
2020-10-30 10:34:34,KO,47.69,42,ASK
2020-10-30 10:34:47,KO,47.68,23,BID
2020-10-30 10:34:34,KO,47.69,35,ASK
2020-10-30 10:34:47,KO,47.68,34,BID
2020-10-30 10:34:34,KO,47.69,18,ASK
2020-10-30 10:34:47,KO,47.68,36,BID
2020-10-30 10:34:34,KO,47.69,19,ASK
2020-10-30 10:34:47,KO,47.68,31,BID
2020-10-30 10:34:34,KO,47.69,21,ASK
2020-10-30 10:34:51,KO,47.67,35,BID
2020-10-30 10:34:51,KO,47.68,61,ASK
2020-10-30 10:34:51,KO,47.67,33,BID
2020-10-30 10:34:51,KO,47.68,36,ASK
2020-10-30 10:34:51,KO,47.67,33,BID
2020-10-30 10:34:52,KO,47.68,37,ASK
2020-10-30 10:34:51,KO,47.67,33,BID
2020-10-30 10:34:52,KO,47.68,37,ASK
2020-10-30 10:34:53,KO,47.67,31,BID
2020-10-30 10:34:53,KO,47.68,37,ASK
2020-10-30 10:34:53,KO,47.67,31,BID
2020-10-30 10:34:53,KO,47.68,37,ASK
2020-10-30 10:34:53,KO,47.67,30,BID
2020-10-30 10:34:53,KO,47.68,37,ASK
2020-10-30 10:34:53,KO,47.67,28,BID
2020-10-30 10:34:53,KO,47.68,36,ASK
2020-10-30 10:34:53,KO,47.67,27,BID
2020-10-30 10:34:53,KO,47.68,38,ASK
2020-10-30 10:33:33,KO,47.66,45,BID
2020-10-30 10:34:54,KO,47.67,29,ASK
2020-10-30 10:34:55,KO,47.65,27,BID
2020-10-30 10:34:55,KO,47.66,35,ASK
2020-10-30 10:34:57,KO,47.66,17,BID
2020-10-30 10:34:57,KO,47.67,34,ASK
2020-10-30 10:34:56,KO,47.65,39,BID
2020-10-30 10:35:00,KO,47.66,36,ASK
2020-10-30 10:35:03,KO,47.64,45,BID
2020-10-30 10:35:03,KO,47.65,40,ASK
2020-10-30 10:35:04,KO,47.64,44,BID
2020-10-30 10:35:04,KO,47.65,35,ASK
2020-10-30 10:35:05,KO,47.65,34,BID
2020-10-30 10:35:04,KO,47.66,31,ASK
2020-10-30 10:35:05,KO,47.65,34,BID
2020-10-30 10:35:04,KO,47.66,31,ASK
2020-10-30 10:35:05,KO,47.65,34,BID
2020-10-30 10:35:04,KO,47.66,31,ASK
2020-10-30 10:35:05,KO,47.65,29,BID
2020-10-30 10:35:04,KO,47.66,40,ASK
2020-10-30 10:35:05,KO,47.64,23,BID
2020-10-30 10:35:05,KO,47.65,29,ASK
2020-10-30 10:35:05,KO,47.64,23,BID
2020-10-30 10:35:05,KO,47.65,29,ASK
2020-10-30 10:35:05,KO,47.64,23,BID
2020-10-30 10:35:05,KO,47.65,29,ASK
2020-10-30 10:35:05,KO,47.64,23,BID
2020-10-30 10:35:05,KO,47.65,29,ASK
2020-10-30 10:35:05,KO,47.64,23,BID
2020-10-30 10:35:05,KO,47.65,29,ASK
2020-10-30 10:35:05,KO,47.64,23,BID
2020-10-30 10:35:05,KO,47.65,29,ASK
2020-10-30 10:35:05,KO,47.64,23,BID
2020-10-30 10:35:05,KO,47.65,29,ASK
2020-10-30 10:35:05,KO,47.64,23,BID
2020-10-30 10:35:05,KO,47.65,29,ASK
2020-10-30 10:35:05,KO,47.64,23,BID
2020-10-30 10:35:05,KO,47.65,29,ASK
2020-10-30 10:35:06,KO,47.63,21,BID
2020-10-30 10:35:06,KO,47.64,35,ASK
2020-10-30 10:35:07,KO,47.63,31,BID
2020-10-30 10:35:08,KO,47.64,34,ASK
2020-10-30 10:35:08,KO,47.64,37,BID
2020-10-30 10:35:08,KO,47.65,30,ASK
2020-10-30 10:35:08,KO,47.64,37,BID
2020-10-30 10:35:08,KO,47.65,27,ASK
2020-10-30 10:35:08,KO,47.64,37,BID
2020-10-30 10:35:08,KO,47.65,27,ASK
2020-10-30 10:35:09,KO,47.64,30,BID
2020-10-30 10:35:08,KO,47.65,35,ASK
2020-10-30 10:35:09,KO,47.64,29,BID
2020-10-30 10:35:09,KO,47.65,34,ASK
2020-10-30 10:35:11,KO,47.64,46,BID
2020-10-30 10:35:11,KO,47.65,8,ASK
2020-10-30 10:35:12,KO,47.65,36,BID
2020-10-30 10:35:13,KO,47.66,13,ASK
2020-10-30 10:35:12,KO,47.65,43,BID
2020-10-30 10:35:17,KO,47.66,5,ASK
2020-10-30 10:35:20,KO,47.65,16,BID
2020-10-30 10:35:20,KO,47.66,41,ASK
2020-10-30 10:35:11,KO,47.64,33,BID
2020-10-30 10:35:20,KO,47.65,14,ASK
2020-10-30 10:35:11,KO,47.64,23,BID
2020-10-30 10:35:20,KO,47.65,15,ASK
2020-10-30 10:35:11,KO,47.64,17,BID
2020-10-30 10:35:20,KO,47.65,28,ASK
2020-10-30 10:35:11,KO,47.64,23,BID
2020-10-30 10:35:21,KO,47.65,12,ASK
2020-10-30 10:35:11,KO,47.64,29,BID
2020-10-30 10:35:21,KO,47.65,14,ASK
2020-10-30 10:35:21,KO,47.64,29,BID
2020-10-30 10:35:21,KO,47.64,40,ASK
2020-10-30 10:35:21,KO,47.63,10,BID
2020-10-30 10:35:22,KO,47.64,41,ASK
2020-10-30 10:35:22,KO,47.63,11,BID
2020-10-30 10:35:22,KO,47.64,60,ASK
2020-10-30 10:35:22,KO,47.63,12,BID
2020-10-30 10:35:22,KO,47.64,50,ASK
2020-10-30 10:35:23,KO,47.63,20,BID
2020-10-30 10:35:23,KO,47.64,41,ASK
2020-10-30 10:35:23,KO,47.63,21,BID
2020-10-30 10:35:24,KO,47.64,26,ASK
2020-10-30 10:32:57,KO,47.62,40,BID
2020-10-30 10:35:24,KO,47.63,19,ASK
2020-10-30 10:32:57,KO,47.62,34,BID
2020-10-30 10:35:25,KO,47.63,17,ASK
2020-10-30 10:35:25,KO,47.62,20,BID
2020-10-30 10:35:25,KO,47.63,38,ASK
2020-10-30 10:35:26,KO,47.62,22,BID
2020-10-30 10:35:26,KO,47.63,33,ASK
2020-10-30 10:35:26,KO,47.62,10,BID
2020-10-30 10:35:26,KO,47.63,49,ASK
2020-10-30 10:32:27,KO,47.6,49,BID
2020-10-30 10:35:28,KO,47.61,20,ASK
2020-10-30 10:32:27,KO,47.6,49,BID
2020-10-30 10:35:28,KO,47.61,19,ASK
2020-10-30 10:32:27,KO,47.6,49,BID
2020-10-30 10:35:28,KO,47.61,19,ASK
2020-10-30 10:32:27,KO,47.6,48,BID
2020-10-30 10:35:28,KO,47.61,24,ASK
2020-10-30 10:29:47,KO,47.58,29,BID
2020-10-30 10:35:30,KO,47.59,39,ASK
2020-10-30 10:35:31,KO,47.58,29,BID
2020-10-30 10:35:31,KO,47.59,27,ASK
2020-10-30 10:35:32,KO,47.59,15,BID
2020-10-30 10:35:30,KO,47.6,36,ASK
2020-10-30 10:35:32,KO,47.59,30,BID
2020-10-30 10:35:32,KO,47.6,35,ASK
2020-10-30 10:35:32,KO,47.59,32,BID
2020-10-30 10:35:32,KO,47.6,35,ASK
2020-10-30 10:35:33,KO,47.6,17,BID
2020-10-30 10:35:33,KO,47.61,26,ASK
2020-10-30 10:35:34,KO,47.6,35,BID
2020-10-30 10:35:35,KO,47.61,16,ASK
2020-10-30 10:35:36,KO,47.61,26,BID
2020-10-30 10:35:36,KO,47.62,31,ASK
2020-10-30 10:35:38,KO,47.61,31,BID
2020-10-30 10:35:38,KO,47.62,18,ASK
2020-10-30 10:35:38,KO,47.61,33,BID
2020-10-30 10:35:38,KO,47.62,16,ASK
2020-10-30 10:35:40,KO,47.61,29,BID
2020-10-30 10:35:40,KO,47.62,17,ASK
2020-10-30 10:35:41,KO,47.61,28,BID
2020-10-30 10:35:41,KO,47.62,23,ASK
2020-10-30 10:35:42,KO,47.61,39,BID
2020-10-30 10:35:42,KO,47.62,20,ASK
2020-10-30 10:35:43,KO,47.62,16,BID
2020-10-30 10:35:26,KO,47.63,32,ASK
2020-10-30 10:35:43,KO,47.62,31,BID
2020-10-30 10:35:44,KO,47.63,25,ASK
2020-10-30 10:35:44,KO,47.64,21,BID
2020-10-30 10:35:44,KO,47.65,31,ASK
2020-10-30 10:35:44,KO,47.65,10,BID
2020-10-30 10:35:44,KO,47.66,37,ASK
2020-10-30 10:35:45,KO,47.65,16,BID
2020-10-30 10:35:45,KO,47.66,51,ASK
2020-10-30 10:35:45,KO,47.65,15,BID
2020-10-30 10:35:45,KO,47.66,50,ASK
2020-10-30 10:35:44,KO,47.65,14,BID
2020-10-30 10:35:18,KO,47.66,50,ASK
2020-10-30 10:35:47,KO,47.65,24,BID
2020-10-30 10:35:18,KO,47.66,37,ASK
2020-10-30 10:35:48,KO,47.65,24,BID
2020-10-30 10:35:48,KO,47.66,17,ASK
2020-10-30 10:35:49,KO,47.66,37,BID
2020-10-30 10:35:14,KO,47.67,55,ASK
2020-10-30 10:35:51,KO,47.66,45,BID
2020-10-30 10:35:50,KO,47.67,52,ASK
2020-10-30 10:35:50,KO,47.65,48,BID
2020-10-30 10:35:51,KO,47.66,53,ASK
2020-10-30 10:35:52,KO,47.65,40,BID
2020-10-30 10:35:52,KO,47.66,9,ASK
2020-10-30 10:35:52,KO,47.65,31,BID
2020-10-30 10:35:53,KO,47.66,12,ASK
2020-10-30 10:35:55,KO,47.66,41,BID
2020-10-30 10:35:50,KO,47.67,55,ASK
2020-10-30 10:35:55,KO,47.66,37,BID
2020-10-30 10:35:50,KO,47.67,55,ASK
2020-10-30 10:35:52,KO,47.65,35,BID
2020-10-30 10:35:55,KO,47.66,40,ASK
2020-10-30 10:35:57,KO,47.66,3,BID
2020-10-30 10:35:50,KO,47.67,53,ASK
2020-10-30 10:35:57,KO,47.66,3,BID
2020-10-30 10:35:50,KO,47.67,53,ASK
2020-10-30 10:35:57,KO,47.66,3,BID
2020-10-30 10:35:50,KO,47.67,53,ASK
2020-10-30 10:35:57,KO,47.66,3,BID
2020-10-30 10:35:50,KO,47.67,53,ASK
2020-10-30 10:35:57,KO,47.66,3,BID
2020-10-30 10:35:50,KO,47.67,53,ASK
2020-10-30 10:35:58,KO,47.67,38,BID
2020-10-30 10:35:58,KO,47.68,32,ASK
2020-10-30 10:35:52,KO,47.65,26,BID
2020-10-30 10:36:01,KO,47.66,25,ASK
2020-10-30 10:36:02,KO,47.64,36,BID
2020-10-30 10:36:02,KO,47.66,37,ASK
2020-10-30 10:36:03,KO,47.64,39,BID
2020-10-30 10:36:03,KO,47.65,17,ASK
2020-10-30 10:36:04,KO,47.64,38,BID
2020-10-30 10:36:04,KO,47.65,15,ASK
2020-10-30 10:36:04,KO,47.64,38,BID
2020-10-30 10:36:05,KO,47.65,10,ASK
2020-10-30 10:36:05,KO,47.64,40,BID
2020-10-30 10:36:05,KO,47.65,24,ASK
2020-10-30 10:36:05,KO,47.64,39,BID
2020-10-30 10:36:06,KO,47.65,2,ASK
2020-10-30 10:36:07,KO,47.65,24,BID
2020-10-30 10:36:02,KO,47.66,38,ASK
2020-10-30 10:36:09,KO,47.65,27,BID
2020-10-30 10:36:09,KO,47.66,33,ASK
2020-10-30 10:36:09,KO,47.65,26,BID
2020-10-30 10:36:09,KO,47.66,35,ASK
2020-10-30 10:36:09,KO,47.65,18,BID
2020-10-30 10:36:11,KO,47.66,27,ASK
2020-10-30 10:36:09,KO,47.65,16,BID
2020-10-30 10:36:11,KO,47.66,30,ASK
2020-10-30 10:36:14,KO,47.64,29,BID
2020-10-30 10:36:14,KO,47.65,36,ASK
2020-10-30 10:35:44,KO,47.63,42,BID
2020-10-30 10:36:15,KO,47.64,51,ASK
2020-10-30 10:36:15,KO,47.63,35,BID
2020-10-30 10:36:15,KO,47.64,45,ASK
2020-10-30 10:36:16,KO,47.63,19,BID
2020-10-30 10:36:16,KO,47.64,28,ASK
2020-10-30 10:36:17,KO,47.63,41,BID
2020-10-30 10:36:17,KO,47.64,21,ASK
2020-10-30 10:36:18,KO,47.64,21,BID
2020-10-30 10:36:18,KO,47.65,34,ASK
2020-10-30 10:36:17,KO,47.63,31,BID
2020-10-30 10:36:19,KO,47.64,26,ASK
2020-10-30 10:36:20,KO,47.63,23,BID
2020-10-30 10:36:20,KO,47.64,17,ASK
2020-10-30 10:36:20,KO,47.63,20,BID
2020-10-30 10:36:20,KO,47.64,35,ASK
2020-10-30 10:35:43,KO,47.62,35,BID
2020-10-30 10:36:21,KO,47.63,56,ASK
2020-10-30 10:36:22,KO,47.62,30,BID
2020-10-30 10:36:22,KO,47.63,55,ASK
2020-10-30 10:36:22,KO,47.62,20,BID
2020-10-30 10:36:22,KO,47.63,32,ASK
2020-10-30 10:36:22,KO,47.62,19,BID
2020-10-30 10:36:22,KO,47.63,33,ASK
2020-10-30 10:36:23,KO,47.62,15,BID
2020-10-30 10:36:23,KO,47.63,38,ASK
2020-10-30 10:36:24,KO,47.62,21,BID
2020-10-30 10:36:24,KO,47.63,50,ASK
2020-10-30 10:36:25,KO,47.62,27,BID
2020-10-30 10:36:25,KO,47.63,35,ASK
2020-10-30 10:36:27,KO,47.63,7,BID
2020-10-30 10:36:21,KO,47.64,36,ASK
2020-10-30 10:36:27,KO,47.63,14,BID
2020-10-30 10:36:21,KO,47.64,35,ASK
2020-10-30 10:36:28,KO,47.63,32,BID
2020-10-30 10:36:21,KO,47.64,34,ASK
2020-10-30 10:36:28,KO,47.63,22,BID
2020-10-30 10:36:21,KO,47.64,37,ASK
2020-10-30 10:36:29,KO,47.63,15,BID
2020-10-30 10:36:21,KO,47.64,36,ASK
2020-10-30 10:36:27,KO,47.62,39,BID
2020-10-30 10:36:31,KO,47.63,50,ASK
2020-10-30 10:36:27,KO,47.62,38,BID
2020-10-30 10:36:31,KO,47.63,45,ASK
2020-10-30 10:36:31,KO,47.61,18,BID
2020-10-30 10:36:31,KO,47.62,31,ASK
2020-10-30 10:36:32,KO,47.6,71,BID
2020-10-30 10:36:32,KO,47.61,7,ASK
2020-10-30 10:36:33,KO,47.61,20,BID
2020-10-30 10:36:32,KO,47.62,32,ASK
2020-10-30 10:36:35,KO,47.61,40,BID
2020-10-30 10:36:35,KO,47.62,32,ASK
2020-10-30 10:36:36,KO,47.62,30,BID
2020-10-30 10:36:35,KO,47.63,21,ASK
2020-10-30 10:36:37,KO,47.62,24,BID
2020-10-30 10:36:36,KO,47.63,38,ASK
2020-10-30 10:36:37,KO,47.62,37,BID
2020-10-30 10:36:36,KO,47.63,36,ASK
2020-10-30 10:36:39,KO,47.62,23,BID
2020-10-30 10:36:38,KO,47.63,28,ASK
2020-10-30 10:36:39,KO,47.62,17,BID
2020-10-30 10:36:38,KO,47.63,27,ASK
2020-10-30 10:36:39,KO,47.62,17,BID
2020-10-30 10:36:38,KO,47.63,49,ASK
2020-10-30 10:36:39,KO,47.62,17,BID
2020-10-30 10:36:38,KO,47.63,48,ASK
2020-10-30 10:36:44,KO,47.61,23,BID
2020-10-30 10:36:44,KO,47.62,37,ASK
2020-10-30 10:36:44,KO,47.61,27,BID
2020-10-30 10:36:44,KO,47.62,37,ASK
2020-10-30 10:36:45,KO,47.61,21,BID
2020-10-30 10:36:44,KO,47.62,35,ASK
2020-10-30 10:36:45,KO,47.61,22,BID
2020-10-30 10:36:44,KO,47.62,37,ASK
2020-10-30 10:36:46,KO,47.6,35,BID
2020-10-30 10:36:46,KO,47.61,45,ASK
2020-10-30 10:36:47,KO,47.6,24,BID
2020-10-30 10:36:47,KO,47.61,46,ASK
2020-10-30 10:36:47,KO,47.6,32,BID
2020-10-30 10:36:47,KO,47.61,46,ASK
2020-10-30 10:36:47,KO,47.6,34,BID
2020-10-30 10:36:48,KO,47.61,48,ASK
2020-10-30 10:36:47,KO,47.6,35,BID
2020-10-30 10:36:49,KO,47.61,41,ASK
2020-10-30 10:36:47,KO,47.6,34,BID
2020-10-30 10:36:44,KO,47.62,51,ASK
2020-10-30 10:36:47,KO,47.6,32,BID
2020-10-30 10:36:51,KO,47.61,9,ASK
2020-10-30 10:36:47,KO,47.6,34,BID
2020-10-30 10:36:52,KO,47.61,8,ASK
2020-10-30 10:36:53,KO,47.61,22,BID
2020-10-30 10:36:44,KO,47.62,36,ASK
2020-10-30 10:36:53,KO,47.61,20,BID
2020-10-30 10:36:44,KO,47.62,45,ASK
2020-10-30 10:36:47,KO,47.6,48,BID
2020-10-30 10:36:54,KO,47.61,10,ASK
2020-10-30 10:36:55,KO,47.61,34,BID
2020-10-30 10:36:55,KO,47.62,33,ASK
2020-10-30 10:36:55,KO,47.61,30,BID
2020-10-30 10:36:55,KO,47.62,53,ASK
2020-10-30 10:36:55,KO,47.62,28,BID
2020-10-30 10:36:38,KO,47.63,43,ASK
2020-10-30 10:36:47,KO,47.6,26,BID
2020-10-30 10:36:56,KO,47.61,20,ASK
2020-10-30 10:36:47,KO,47.6,38,BID
2020-10-30 10:36:57,KO,47.61,20,ASK
2020-10-30 10:36:59,KO,47.61,25,BID
2020-10-30 10:36:59,KO,47.62,50,ASK
2020-10-30 10:36:47,KO,47.6,40,BID
2020-10-30 10:37:00,KO,47.61,26,ASK
2020-10-30 10:37:01,KO,47.61,18,BID
2020-10-30 10:37:01,KO,47.62,25,ASK
2020-10-30 10:37:01,KO,47.61,13,BID
2020-10-30 10:37:01,KO,47.62,23,ASK
2020-10-30 10:37:01,KO,47.61,48,BID
2020-10-30 10:36:56,KO,47.63,78,ASK
2020-10-30 10:37:01,KO,47.61,30,BID
2020-10-30 10:37:03,KO,47.62,36,ASK
2020-10-30 10:37:04,KO,47.61,15,BID
2020-10-30 10:37:04,KO,47.62,46,ASK
2020-10-30 10:37:05,KO,47.61,20,BID
2020-10-30 10:37:05,KO,47.62,48,ASK
2020-10-30 10:37:06,KO,47.61,18,BID
2020-10-30 10:37:05,KO,47.62,28,ASK
2020-10-30 10:36:47,KO,47.6,49,BID
2020-10-30 10:37:06,KO,47.61,11,ASK
2020-10-30 10:36:47,KO,47.6,41,BID
2020-10-30 10:37:07,KO,47.61,7,ASK
2020-10-30 10:36:47,KO,47.6,44,BID
2020-10-30 10:37:08,KO,47.61,6,ASK
2020-10-30 10:36:47,KO,47.6,44,BID
2020-10-30 10:37:09,KO,47.61,2,ASK
2020-10-30 10:37:10,KO,47.61,23,BID
2020-10-30 10:37:10,KO,47.62,26,ASK
2020-10-30 10:37:11,KO,47.61,17,BID
2020-10-30 10:37:11,KO,47.62,39,ASK
2020-10-30 10:37:12,KO,47.61,26,BID
2020-10-30 10:37:11,KO,47.62,35,ASK
2020-10-30 10:37:12,KO,47.61,21,BID
2020-10-30 10:37:13,KO,47.62,41,ASK
2020-10-30 10:37:12,KO,47.61,15,BID
2020-10-30 10:37:14,KO,47.62,41,ASK
2020-10-30 10:36:47,KO,47.6,29,BID
2020-10-30 10:37:15,KO,47.61,67,ASK
2020-10-30 10:36:47,KO,47.6,44,BID
2020-10-30 10:37:15,KO,47.62,31,ASK
2020-10-30 10:37:16,KO,47.62,9,BID
2020-10-30 10:36:56,KO,47.63,73,ASK
2020-10-30 10:37:17,KO,47.62,20,BID
2020-10-30 10:36:56,KO,47.63,39,ASK
2020-10-30 10:37:18,KO,47.61,33,BID
2020-10-30 10:37:18,KO,47.62,21,ASK
2020-10-30 10:37:18,KO,47.61,34,BID
2020-10-30 10:37:19,KO,47.62,13,ASK
2020-10-30 10:37:18,KO,47.61,42,BID
2020-10-30 10:37:21,KO,47.62,15,ASK
2020-10-30 10:37:18,KO,47.61,31,BID
2020-10-30 10:37:21,KO,47.62,33,ASK
2020-10-30 10:37:18,KO,47.61,40,BID
2020-10-30 10:37:22,KO,47.62,10,ASK
2020-10-30 10:37:18,KO,47.61,38,BID
2020-10-30 10:37:23,KO,47.62,7,ASK
2020-10-30 10:37:23,KO,47.63,7,BID
2020-10-30 10:36:30,KO,47.64,42,ASK
2020-10-30 10:37:24,KO,47.62,50,BID
2020-10-30 10:37:24,KO,47.63,27,ASK
2020-10-30 10:37:24,KO,47.62,36,BID
2020-10-30 10:37:25,KO,47.63,43,ASK
2020-10-30 10:37:26,KO,47.62,35,BID
2020-10-30 10:37:26,KO,47.63,33,ASK
2020-10-30 10:37:26,KO,47.62,39,BID
2020-10-30 10:37:27,KO,47.63,13,ASK
2020-10-30 10:37:26,KO,47.62,39,BID
2020-10-30 10:37:27,KO,47.63,13,ASK
2020-10-30 10:37:26,KO,47.62,39,BID
2020-10-30 10:37:30,KO,47.63,16,ASK
2020-10-30 10:37:30,KO,47.63,22,BID
2020-10-30 10:36:30,KO,47.64,36,ASK
2020-10-30 10:37:31,KO,47.63,22,BID
2020-10-30 10:36:30,KO,47.64,38,ASK
2020-10-30 10:37:31,KO,47.63,29,BID
2020-10-30 10:36:30,KO,47.64,38,ASK
2020-10-30 10:37:32,KO,47.63,31,BID
2020-10-30 10:36:30,KO,47.64,40,ASK
2020-10-30 10:37:32,KO,47.63,33,BID
2020-10-30 10:36:30,KO,47.64,40,ASK
2020-10-30 10:37:32,KO,47.63,37,BID
2020-10-30 10:36:30,KO,47.64,37,ASK
2020-10-30 10:37:35,KO,47.64,30,BID
2020-10-30 10:37:35,KO,47.65,20,ASK
2020-10-30 10:37:35,KO,47.64,26,BID
2020-10-30 10:37:35,KO,47.65,22,ASK
2020-10-30 10:37:36,KO,47.65,16,BID
2020-10-30 10:37:36,KO,47.66,22,ASK
2020-10-30 10:37:37,KO,47.65,27,BID
2020-10-30 10:37:36,KO,47.66,25,ASK
2020-10-30 10:37:37,KO,47.66,5,BID
2020-10-30 10:36:01,KO,47.67,48,ASK
2020-10-30 10:37:38,KO,47.66,24,BID
2020-10-30 10:37:38,KO,47.67,11,ASK
2020-10-30 10:37:38,KO,47.66,25,BID
2020-10-30 10:37:39,KO,47.67,10,ASK
2020-10-30 10:37:40,KO,47.66,18,BID
2020-10-30 10:37:39,KO,47.67,23,ASK
2020-10-30 10:37:40,KO,47.66,19,BID
2020-10-30 10:37:40,KO,47.67,30,ASK
2020-10-30 10:37:41,KO,47.66,31,BID
2020-10-30 10:37:40,KO,47.67,19,ASK
2020-10-30 10:37:42,KO,47.66,26,BID
2020-10-30 10:37:42,KO,47.67,21,ASK
2020-10-30 10:37:43,KO,47.66,20,BID
2020-10-30 10:37:42,KO,47.67,31,ASK
2020-10-30 10:37:37,KO,47.65,34,BID
2020-10-30 10:37:45,KO,47.66,25,ASK
2020-10-30 10:37:37,KO,47.65,33,BID
2020-10-30 10:37:45,KO,47.66,35,ASK
2020-10-30 10:37:46,KO,47.66,10,BID
2020-10-30 10:37:44,KO,47.67,75,ASK
2020-10-30 10:37:47,KO,47.66,32,BID
2020-10-30 10:37:47,KO,47.67,50,ASK
2020-10-30 10:37:47,KO,47.66,34,BID
2020-10-30 10:37:47,KO,47.67,30,ASK
2020-10-30 10:37:48,KO,47.67,48,BID
2020-10-30 10:37:47,KO,47.68,26,ASK
2020-10-30 10:37:49,KO,47.66,30,BID
2020-10-30 10:37:49,KO,47.67,34,ASK
2020-10-30 10:37:49,KO,47.66,25,BID
2020-10-30 10:37:50,KO,47.67,23,ASK
2020-10-30 10:37:51,KO,47.66,21,BID
2020-10-30 10:37:51,KO,47.67,25,ASK
2020-10-30 10:37:51,KO,47.66,22,BID
2020-10-30 10:37:51,KO,47.67,37,ASK
2020-10-30 10:37:51,KO,47.66,34,BID
2020-10-30 10:37:52,KO,47.67,28,ASK
2020-10-30 10:37:51,KO,47.66,38,BID
2020-10-30 10:37:52,KO,47.67,28,ASK
2020-10-30 10:37:53,KO,47.67,31,BID
2020-10-30 10:37:48,KO,47.68,35,ASK
2020-10-30 10:37:53,KO,47.67,22,BID
2020-10-30 10:37:54,KO,47.68,30,ASK
2020-10-30 10:37:53,KO,47.67,22,BID
2020-10-30 10:37:54,KO,47.68,26,ASK
2020-10-30 10:37:53,KO,47.67,31,BID
2020-10-30 10:37:55,KO,47.68,15,ASK
2020-10-30 10:37:55,KO,47.67,28,BID
2020-10-30 10:37:55,KO,47.68,27,ASK
2020-10-30 10:37:56,KO,47.67,22,BID
2020-10-30 10:37:55,KO,47.68,29,ASK
2020-10-30 10:37:56,KO,47.67,26,BID
2020-10-30 10:37:55,KO,47.68,37,ASK
2020-10-30 10:37:58,KO,47.67,15,BID
2020-10-30 10:37:55,KO,47.68,39,ASK
2020-10-30 10:38:00,KO,47.67,21,BID
2020-10-30 10:37:55,KO,47.68,37,ASK
2020-10-30 10:38:00,KO,47.67,21,BID
2020-10-30 10:37:55,KO,47.68,38,ASK
2020-10-30 10:38:00,KO,47.67,28,BID
2020-10-30 10:38:01,KO,47.68,33,ASK
2020-10-30 10:38:00,KO,47.67,27,BID
2020-10-30 10:38:01,KO,47.68,42,ASK
2020-10-30 10:38:00,KO,47.67,30,BID
2020-10-30 10:38:02,KO,47.68,38,ASK
2020-10-30 10:38:00,KO,47.67,27,BID
2020-10-30 10:38:02,KO,47.68,31,ASK
2020-10-30 10:38:00,KO,47.67,27,BID
2020-10-30 10:38:02,KO,47.68,33,ASK
2020-10-30 10:38:00,KO,47.67,37,BID
2020-10-30 10:38:02,KO,47.68,25,ASK
2020-10-30 10:38:00,KO,47.67,29,BID
2020-10-30 10:38:02,KO,47.68,27,ASK
2020-10-30 10:38:00,KO,47.67,26,BID
2020-10-30 10:38:02,KO,47.68,45,ASK
2020-10-30 10:37:51,KO,47.66,25,BID
2020-10-30 10:38:07,KO,47.67,34,ASK
2020-10-30 10:37:51,KO,47.66,28,BID
2020-10-30 10:38:08,KO,47.67,24,ASK
2020-10-30 10:38:09,KO,47.66,21,BID
2020-10-30 10:38:09,KO,47.67,45,ASK
2020-10-30 10:38:09,KO,47.66,20,BID
2020-10-30 10:38:11,KO,47.67,31,ASK
2020-10-30 10:37:37,KO,47.65,42,BID
2020-10-30 10:38:12,KO,47.66,15,ASK
2020-10-30 10:38:12,KO,47.65,50,BID
2020-10-30 10:38:12,KO,47.66,27,ASK
2020-10-30 10:38:13,KO,47.65,48,BID
2020-10-30 10:38:13,KO,47.66,42,ASK
2020-10-30 10:38:14,KO,47.65,15,BID
2020-10-30 10:38:14,KO,47.66,21,ASK
2020-10-30 10:38:14,KO,47.64,47,BID
2020-10-30 10:38:14,KO,47.65,15,ASK
2020-10-30 10:38:16,KO,47.65,16,BID
2020-10-30 10:38:16,KO,47.66,37,ASK
2020-10-30 10:38:17,KO,47.64,7,BID
2020-10-30 10:38:16,KO,47.65,55,ASK
2020-10-30 10:37:32,KO,47.63,28,BID
2020-10-30 10:38:17,KO,47.64,24,ASK
2020-10-30 10:38:18,KO,47.63,14,BID
2020-10-30 10:38:18,KO,47.64,25,ASK
2020-10-30 10:38:18,KO,47.63,31,BID
2020-10-30 10:38:19,KO,47.64,21,ASK
2020-10-30 10:38:20,KO,47.64,30,BID
2020-10-30 10:38:21,KO,47.65,40,ASK
2020-10-30 10:38:20,KO,47.64,32,BID
2020-10-30 10:38:21,KO,47.65,34,ASK
2020-10-30 10:38:22,KO,47.64,33,BID
2020-10-30 10:38:21,KO,47.65,33,ASK
2020-10-30 10:38:24,KO,47.64,33,BID
2020-10-30 10:38:21,KO,47.65,29,ASK
2020-10-30 10:38:25,KO,47.64,12,BID
2020-10-30 10:38:21,KO,47.65,38,ASK
2020-10-30 10:38:18,KO,47.63,31,BID
2020-10-30 10:38:27,KO,47.64,46,ASK
2020-10-30 10:38:18,KO,47.63,28,BID
2020-10-30 10:38:21,KO,47.65,41,ASK
2020-10-30 10:38:28,KO,47.63,36,BID
2020-10-30 10:38:29,KO,47.64,17,ASK
2020-10-30 10:38:30,KO,47.63,27,BID
2020-10-30 10:38:30,KO,47.64,33,ASK
2020-10-30 10:38:32,KO,47.63,22,BID
2020-10-30 10:38:30,KO,47.64,47,ASK
2020-10-30 10:38:33,KO,47.63,18,BID
2020-10-30 10:38:30,KO,47.64,51,ASK
2020-10-30 10:38:34,KO,47.62,26,BID
2020-10-30 10:38:34,KO,47.63,42,ASK
2020-10-30 10:38:35,KO,47.62,16,BID
2020-10-30 10:38:35,KO,47.63,51,ASK
2020-10-30 10:37:22,KO,47.61,51,BID
2020-10-30 10:38:36,KO,47.62,13,ASK
2020-10-30 10:38:36,KO,47.61,35,BID
2020-10-30 10:38:37,KO,47.62,13,ASK
2020-10-30 10:38:36,KO,47.61,34,BID
2020-10-30 10:38:37,KO,47.62,16,ASK
2020-10-30 10:38:36,KO,47.61,43,BID
2020-10-30 10:38:37,KO,47.62,15,ASK
2020-10-30 10:38:38,KO,47.62,18,BID
2020-10-30 10:38:39,KO,47.63,50,ASK
2020-10-30 10:38:39,KO,47.62,18,BID
2020-10-30 10:38:39,KO,47.63,44,ASK
2020-10-30 10:38:36,KO,47.61,55,BID
2020-10-30 10:38:40,KO,47.62,11,ASK
2020-10-30 10:38:41,KO,47.62,62,BID
2020-10-30 10:38:41,KO,47.63,46,ASK
2020-10-30 10:38:43,KO,47.62,61,BID
2020-10-30 10:38:41,KO,47.63,45,ASK
2020-10-30 10:38:43,KO,47.62,45,BID
2020-10-30 10:38:44,KO,47.63,35,ASK
2020-10-30 10:38:46,KO,47.63,23,BID
2020-10-30 10:38:30,KO,47.64,43,ASK
2020-10-30 10:38:46,KO,47.63,25,BID
2020-10-30 10:38:30,KO,47.64,37,ASK
2020-10-30 10:38:46,KO,47.63,39,BID
2020-10-30 10:38:48,KO,47.64,29,ASK
2020-10-30 10:38:46,KO,47.63,45,BID
2020-10-30 10:38:49,KO,47.64,24,ASK
2020-10-30 10:38:50,KO,47.64,23,BID
2020-10-30 10:38:21,KO,47.65,59,ASK
2020-10-30 10:38:50,KO,47.64,27,BID
2020-10-30 10:38:21,KO,47.65,52,ASK
2020-10-30 10:38:51,KO,47.64,61,BID
2020-10-30 10:38:51,KO,47.66,78,ASK
2020-10-30 10:38:51,KO,47.65,43,BID
2020-10-30 10:38:51,KO,47.66,47,ASK
2020-10-30 10:38:51,KO,47.66,11,BID
2020-10-30 10:38:12,KO,47.67,44,ASK
2020-10-30 10:38:53,KO,47.66,15,BID
2020-10-30 10:38:12,KO,47.67,40,ASK
2020-10-30 10:38:53,KO,47.66,17,BID
2020-10-30 10:38:53,KO,47.67,35,ASK
2020-10-30 10:38:54,KO,47.66,30,BID
2020-10-30 10:38:54,KO,47.67,29,ASK
2020-10-30 10:38:55,KO,47.66,26,BID
2020-10-30 10:38:55,KO,47.67,29,ASK
2020-10-30 10:38:56,KO,47.66,30,BID
2020-10-30 10:38:55,KO,47.67,32,ASK
2020-10-30 10:38:58,KO,47.66,10,BID
2020-10-30 10:38:57,KO,47.67,49,ASK
2020-10-30 10:38:59,KO,47.66,20,BID
2020-10-30 10:38:59,KO,47.67,50,ASK
2020-10-30 10:39:00,KO,47.65,39,BID
2020-10-30 10:39:00,KO,47.66,40,ASK
2020-10-30 10:39:00,KO,47.65,24,BID
2020-10-30 10:39:01,KO,47.66,35,ASK
2020-10-30 10:39:02,KO,47.65,69,BID
2020-10-30 10:39:02,KO,47.66,37,ASK
2020-10-30 10:39:02,KO,47.66,33,BID
2020-10-30 10:39:02,KO,47.67,28,ASK
2020-10-30 10:39:03,KO,47.66,42,BID
2020-10-30 10:39:02,KO,47.67,44,ASK
2020-10-30 10:39:03,KO,47.66,46,BID
2020-10-30 10:39:02,KO,47.67,27,ASK
2020-10-30 10:39:03,KO,47.66,39,BID
2020-10-30 10:39:04,KO,47.67,28,ASK
2020-10-30 10:39:05,KO,47.66,27,BID
2020-10-30 10:39:04,KO,47.67,30,ASK
2020-10-30 10:39:05,KO,47.66,42,BID
2020-10-30 10:39:06,KO,47.67,28,ASK
2020-10-30 10:39:05,KO,47.66,44,BID
2020-10-30 10:39:07,KO,47.67,26,ASK
2020-10-30 10:39:09,KO,47.67,35,BID
2020-10-30 10:38:06,KO,47.68,42,ASK
2020-10-30 10:39:05,KO,47.66,54,BID
2020-10-30 10:39:10,KO,47.67,5,ASK
2020-10-30 10:39:05,KO,47.66,54,BID
2020-10-30 10:39:10,KO,47.67,5,ASK
2020-10-30 10:39:05,KO,47.66,36,BID
2020-10-30 10:39:10,KO,47.67,29,ASK
2020-10-30 10:39:02,KO,47.65,42,BID
2020-10-30 10:39:12,KO,47.66,15,ASK
2020-10-30 10:39:13,KO,47.66,13,BID
2020-10-30 10:39:12,KO,47.67,28,ASK
2020-10-30 10:39:14,KO,47.66,37,BID
2020-10-30 10:39:14,KO,47.67,5,ASK
2020-10-30 10:39:15,KO,47.67,2,BID
2020-10-30 10:39:14,KO,47.68,44,ASK
2020-10-30 10:39:17,KO,47.67,27,BID
2020-10-30 10:39:17,KO,47.68,36,ASK
2020-10-30 10:39:20,KO,47.67,22,BID
2020-10-30 10:39:19,KO,47.68,31,ASK
2020-10-30 10:39:15,KO,47.66,35,BID
2020-10-30 10:39:22,KO,47.67,9,ASK
2020-10-30 10:39:15,KO,47.66,36,BID
2020-10-30 10:39:24,KO,47.67,27,ASK
2020-10-30 10:39:26,KO,47.67,25,BID
2020-10-30 10:39:21,KO,47.68,50,ASK
2020-10-30 10:39:15,KO,47.66,28,BID
2020-10-30 10:39:27,KO,47.67,27,ASK
2020-10-30 10:39:28,KO,47.67,15,BID
2020-10-30 10:39:21,KO,47.68,52,ASK
2020-10-30 10:39:28,KO,47.66,38,BID
2020-10-30 10:39:29,KO,47.67,29,ASK
2020-10-30 10:39:30,KO,47.66,29,BID
2020-10-30 10:39:29,KO,47.67,45,ASK
2020-10-30 10:39:32,KO,47.67,12,BID
2020-10-30 10:39:21,KO,47.68,52,ASK
2020-10-30 10:39:30,KO,47.66,22,BID
2020-10-30 10:39:32,KO,47.67,29,ASK
2020-10-30 10:39:30,KO,47.66,22,BID
2020-10-30 10:39:32,KO,47.67,29,ASK
2020-10-30 10:39:33,KO,47.66,24,BID
2020-10-30 10:39:33,KO,47.67,32,ASK
2020-10-30 10:39:36,KO,47.64,40,BID
2020-10-30 10:39:36,KO,47.65,42,ASK
2020-10-30 10:39:36,KO,47.65,14,BID
2020-10-30 10:39:36,KO,47.66,36,ASK
2020-10-30 10:39:38,KO,47.65,33,BID
2020-10-30 10:39:38,KO,47.66,37,ASK
2020-10-30 10:39:39,KO,47.65,33,BID
2020-10-30 10:39:39,KO,47.66,41,ASK
2020-10-30 10:39:41,KO,47.65,39,BID
2020-10-30 10:39:41,KO,47.66,35,ASK
2020-10-30 10:39:41,KO,47.65,29,BID
2020-10-30 10:39:41,KO,47.66,39,ASK
2020-10-30 10:39:41,KO,47.65,33,BID
2020-10-30 10:39:42,KO,47.66,25,ASK
2020-10-30 10:39:46,KO,47.65,23,BID
2020-10-30 10:39:44,KO,47.66,45,ASK
2020-10-30 10:39:46,KO,47.65,21,BID
2020-10-30 10:39:44,KO,47.66,42,ASK
2020-10-30 10:39:46,KO,47.65,23,BID
2020-10-30 10:39:44,KO,47.66,41,ASK
2020-10-30 10:39:47,KO,47.65,20,BID
2020-10-30 10:39:44,KO,47.66,42,ASK
2020-10-30 10:39:47,KO,47.65,19,BID
2020-10-30 10:39:44,KO,47.66,42,ASK
2020-10-30 10:39:48,KO,47.65,17,BID
2020-10-30 10:39:44,KO,47.66,43,ASK
2020-10-30 10:39:36,KO,47.64,35,BID
2020-10-30 10:39:49,KO,47.65,32,ASK
2020-10-30 10:39:52,KO,47.65,13,BID
2020-10-30 10:39:44,KO,47.66,41,ASK
2020-10-30 10:39:53,KO,47.66,48,BID
2020-10-30 10:39:33,KO,47.67,38,ASK
2020-10-30 10:39:55,KO,47.66,49,BID
2020-10-30 10:39:21,KO,47.68,54,ASK
2020-10-30 10:39:56,KO,47.66,71,BID
2020-10-30 10:39:56,KO,47.67,28,ASK
2020-10-30 10:39:58,KO,47.67,10,BID
2020-10-30 10:39:56,KO,47.68,50,ASK
2020-10-30 10:39:59,KO,47.67,14,BID
2020-10-30 10:39:56,KO,47.68,50,ASK
2020-10-30 10:40:00,KO,47.65,37,BID
2020-10-30 10:40:00,KO,47.66,41,ASK
2020-10-30 10:40:00,KO,47.65,21,BID
2020-10-30 10:40:00,KO,47.66,35,ASK
2020-10-30 10:40:00,KO,47.65,20,BID
2020-10-30 10:40:00,KO,47.66,34,ASK
2020-10-30 10:40:00,KO,47.65,20,BID
2020-10-30 10:40:00,KO,47.66,34,ASK
2020-10-30 10:40:00,KO,47.65,20,BID
2020-10-30 10:40:00,KO,47.66,34,ASK
2020-10-30 10:40:00,KO,47.65,20,BID
2020-10-30 10:40:00,KO,47.66,29,ASK
2020-10-30 10:40:00,KO,47.65,21,BID
2020-10-30 10:40:00,KO,47.66,28,ASK
2020-10-30 10:40:00,KO,47.65,20,BID
2020-10-30 10:40:00,KO,47.66,28,ASK
2020-10-30 10:40:00,KO,47.65,20,BID
2020-10-30 10:40:00,KO,47.66,30,ASK
2020-10-30 10:40:00,KO,47.65,20,BID
2020-10-30 10:40:00,KO,47.66,28,ASK
2020-10-30 10:40:02,KO,47.65,17,BID
2020-10-30 10:40:00,KO,47.66,51,ASK
2020-10-30 10:40:03,KO,47.63,34,BID
2020-10-30 10:40:03,KO,47.64,70,ASK
2020-10-30 10:40:03,KO,47.62,52,BID
2020-10-30 10:40:03,KO,47.63,27,ASK
2020-10-30 10:40:05,KO,47.62,56,BID
2020-10-30 10:40:05,KO,47.63,7,ASK
2020-10-30 10:40:06,KO,47.62,39,BID
2020-10-30 10:40:07,KO,47.63,27,ASK
2020-10-30 10:40:08,KO,47.62,50,BID
2020-10-30 10:40:08,KO,47.63,20,ASK
2020-10-30 10:40:08,KO,47.62,35,BID
2020-10-30 10:40:09,KO,47.63,42,ASK
2020-10-30 10:40:09,KO,47.62,35,BID
2020-10-30 10:40:09,KO,47.63,24,ASK
2020-10-30 10:40:10,KO,47.61,35,BID
2020-10-30 10:40:10,KO,47.62,17,ASK
2020-10-30 10:40:10,KO,47.61,28,BID
2020-10-30 10:40:10,KO,47.63,42,ASK
2020-10-30 10:40:12,KO,47.61,29,BID
2020-10-30 10:40:12,KO,47.62,19,ASK
2020-10-30 10:37:15,KO,47.6,38,BID
2020-10-30 10:40:13,KO,47.61,31,ASK
2020-10-30 10:40:13,KO,47.59,37,BID
2020-10-30 10:40:13,KO,47.6,65,ASK
2020-10-30 10:35:31,KO,47.58,40,BID
2020-10-30 10:40:14,KO,47.59,48,ASK
2020-10-30 10:40:14,KO,47.58,38,BID
2020-10-30 10:40:14,KO,47.59,17,ASK
2020-10-30 10:40:17,KO,47.59,36,BID
2020-10-30 10:40:17,KO,47.6,26,ASK
2020-10-30 10:40:17,KO,47.59,55,BID
2020-10-30 10:40:17,KO,47.6,51,ASK
2020-10-30 10:40:18,KO,47.59,34,BID
2020-10-30 10:40:18,KO,47.6,15,ASK
2020-10-30 10:40:18,KO,47.59,35,BID
2020-10-30 10:40:18,KO,47.6,18,ASK
2020-10-30 10:40:18,KO,47.59,35,BID
2020-10-30 10:40:18,KO,47.6,18,ASK
2020-10-30 10:40:18,KO,47.59,35,BID
2020-10-30 10:40:18,KO,47.6,24,ASK
2020-10-30 10:40:18,KO,47.59,36,BID
2020-10-30 10:40:18,KO,47.6,24,ASK
2020-10-30 10:40:19,KO,47.59,55,BID
2020-10-30 10:40:19,KO,47.6,13,ASK
2020-10-30 10:40:19,KO,47.59,28,BID
2020-10-30 10:40:19,KO,47.6,21,ASK
2020-10-30 10:40:19,KO,47.59,25,BID
2020-10-30 10:40:19,KO,47.6,21,ASK
2020-10-30 10:40:28,KO,47.62,14,BID
2020-10-30 10:40:28,KO,47.63,43,ASK
2020-10-30 10:40:29,KO,47.61,42,BID
2020-10-30 10:40:30,KO,47.62,16,ASK
2020-10-30 10:40:31,KO,47.61,38,BID
2020-10-30 10:40:31,KO,47.62,37,ASK
2020-10-30 10:40:26,KO,47.6,33,BID
2020-10-30 10:40:31,KO,47.61,57,ASK
2020-10-30 10:40:32,KO,47.6,48,BID
2020-10-30 10:40:32,KO,47.61,48,ASK
2020-10-30 10:40:33,KO,47.6,51,BID
2020-10-30 10:40:32,KO,47.61,40,ASK
2020-10-30 10:40:34,KO,47.59,46,BID
2020-10-30 10:40:34,KO,47.6,24,ASK
2020-10-30 10:40:34,KO,47.59,44,BID
2020-10-30 10:40:35,KO,47.6,24,ASK
2020-10-30 10:40:36,KO,47.6,34,BID
2020-10-30 10:40:36,KO,47.61,29,ASK
2020-10-30 10:40:37,KO,47.61,35,BID
2020-10-30 10:40:31,KO,47.62,55,ASK
2020-10-30 10:40:37,KO,47.61,38,BID
2020-10-30 10:40:31,KO,47.62,38,ASK
2020-10-30 10:40:39,KO,47.61,17,BID
2020-10-30 10:40:31,KO,47.62,36,ASK
2020-10-30 10:40:41,KO,47.62,14,BID
2020-10-30 10:40:28,KO,47.63,45,ASK
2020-10-30 10:40:39,KO,47.61,21,BID
2020-10-30 10:40:42,KO,47.62,19,ASK
2020-10-30 10:40:43,KO,47.6,43,BID
2020-10-30 10:40:43,KO,47.61,6,ASK
2020-10-30 10:40:45,KO,47.61,22,BID
2020-10-30 10:40:43,KO,47.62,27,ASK
2020-10-30 10:40:46,KO,47.61,38,BID
2020-10-30 10:40:43,KO,47.62,23,ASK
2020-10-30 10:40:47,KO,47.61,30,BID
2020-10-30 10:40:47,KO,47.62,41,ASK
2020-10-30 10:40:47,KO,47.61,21,BID
2020-10-30 10:40:48,KO,47.62,41,ASK
2020-10-30 10:40:47,KO,47.61,19,BID
2020-10-30 10:40:50,KO,47.62,42,ASK
2020-10-30 10:40:50,KO,47.6,35,BID
2020-10-30 10:40:51,KO,47.61,31,ASK
2020-10-30 10:40:50,KO,47.6,33,BID
2020-10-30 10:40:51,KO,47.61,39,ASK
2020-10-30 10:40:53,KO,47.61,66,BID
2020-10-30 10:40:53,KO,47.62,55,ASK
2020-10-30 10:40:53,KO,47.61,29,BID
2020-10-30 10:40:54,KO,47.62,46,ASK
2020-10-30 10:40:55,KO,47.62,1,BID
2020-10-30 10:40:28,KO,47.63,50,ASK
2020-10-30 10:40:55,KO,47.62,42,BID
2020-10-30 10:40:55,KO,47.63,45,ASK
2020-10-30 10:40:56,KO,47.62,53,BID
2020-10-30 10:40:56,KO,47.63,24,ASK
2020-10-30 10:40:57,KO,47.62,33,BID
2020-10-30 10:40:57,KO,47.63,41,ASK
2020-10-30 10:40:58,KO,47.62,32,BID
2020-10-30 10:40:57,KO,47.63,39,ASK
2020-10-30 10:40:53,KO,47.61,28,BID
2020-10-30 10:40:59,KO,47.62,34,ASK
2020-10-30 10:40:53,KO,47.61,24,BID
2020-10-30 10:40:59,KO,47.62,38,ASK
2020-10-30 10:40:53,KO,47.61,24,BID
2020-10-30 10:40:59,KO,47.62,38,ASK
2020-10-30 10:40:53,KO,47.61,51,BID
2020-10-30 10:41:02,KO,47.62,33,ASK
2020-10-30 10:40:53,KO,47.61,43,BID
2020-10-30 10:41:04,KO,47.62,29,ASK
2020-10-30 10:40:53,KO,47.61,51,BID
2020-10-30 10:41:04,KO,47.62,29,ASK
2020-10-30 10:41:05,KO,47.62,22,BID
2020-10-30 10:40:57,KO,47.63,42,ASK
2020-10-30 10:40:53,KO,47.61,40,BID
2020-10-30 10:41:06,KO,47.62,54,ASK
2020-10-30 10:40:53,KO,47.61,41,BID
2020-10-30 10:41:07,KO,47.62,35,ASK
2020-10-30 10:40:53,KO,47.61,45,BID
2020-10-30 10:41:07,KO,47.62,35,ASK
2020-10-30 10:40:53,KO,47.61,36,BID
2020-10-30 10:41:07,KO,47.62,36,ASK
2020-10-30 10:41:11,KO,47.61,15,BID
2020-10-30 10:41:07,KO,47.62,39,ASK
2020-10-30 10:41:12,KO,47.61,17,BID
2020-10-30 10:41:07,KO,47.62,41,ASK
2020-10-30 10:41:13,KO,47.61,28,BID
2020-10-30 10:41:07,KO,47.62,37,ASK
2020-10-30 10:41:14,KO,47.61,20,BID
2020-10-30 10:41:07,KO,47.62,43,ASK
2020-10-30 10:40:36,KO,47.59,43,BID
2020-10-30 10:41:16,KO,47.6,76,ASK
2020-10-30 10:41:16,KO,47.59,25,BID
2020-10-30 10:41:16,KO,47.6,39,ASK
2020-10-30 10:41:17,KO,47.59,40,BID
2020-10-30 10:41:17,KO,47.6,31,ASK
2020-10-30 10:41:17,KO,47.59,27,BID
2020-10-30 10:41:17,KO,47.6,29,ASK
2020-10-30 10:41:17,KO,47.59,25,BID
2020-10-30 10:41:17,KO,47.6,38,ASK
2020-10-30 10:41:19,KO,47.59,12,BID
2020-10-30 10:41:17,KO,47.6,35,ASK
2020-10-30 10:41:19,KO,47.59,10,BID
2020-10-30 10:41:17,KO,47.6,35,ASK
2020-10-30 10:40:14,KO,47.58,35,BID
2020-10-30 10:41:21,KO,47.59,38,ASK
2020-10-30 10:41:22,KO,47.57,44,BID
2020-10-30 10:41:22,KO,47.58,31,ASK
2020-10-30 10:41:22,KO,47.57,46,BID
2020-10-30 10:41:22,KO,47.58,37,ASK
2020-10-30 10:41:22,KO,47.57,40,BID
2020-10-30 10:41:22,KO,47.58,37,ASK
2020-10-30 10:41:23,KO,47.57,21,BID
2020-10-30 10:41:23,KO,47.58,32,ASK
2020-10-30 10:41:24,KO,47.56,31,BID
2020-10-30 10:41:24,KO,47.57,56,ASK
2020-10-30 10:41:25,KO,47.56,22,BID
2020-10-30 10:41:25,KO,47.57,46,ASK
2020-10-30 10:41:26,KO,47.56,33,BID
2020-10-30 10:41:25,KO,47.57,45,ASK
2020-10-30 10:41:26,KO,47.57,31,BID
2020-10-30 10:41:23,KO,47.58,48,ASK
2020-10-30 10:41:27,KO,47.56,35,BID
2020-10-30 10:41:27,KO,47.57,18,ASK
2020-10-30 10:41:28,KO,47.56,33,BID
2020-10-30 10:41:28,KO,47.57,34,ASK
2020-10-30 10:41:28,KO,47.56,35,BID
2020-10-30 10:41:28,KO,47.57,33,ASK
2020-10-30 10:41:28,KO,47.56,35,BID
2020-10-30 10:41:28,KO,47.57,33,ASK
2020-10-30 10:41:30,KO,47.56,35,BID
2020-10-30 10:41:30,KO,47.57,33,ASK
2020-10-30 10:41:32,KO,47.56,35,BID
2020-10-30 10:41:32,KO,47.57,32,ASK
2020-10-30 10:41:34,KO,47.56,30,BID
2020-10-30 10:41:34,KO,47.57,45,ASK
2020-10-30 10:41:35,KO,47.55,23,BID
2020-10-30 10:41:35,KO,47.56,30,ASK
2020-10-30 10:41:36,KO,47.55,21,BID
2020-10-30 10:41:36,KO,47.56,35,ASK
2020-10-30 10:41:37,KO,47.55,24,BID
2020-10-30 10:41:36,KO,47.56,47,ASK
2020-10-30 10:41:38,KO,47.55,25,BID
2020-10-30 10:41:36,KO,47.56,40,ASK
2020-10-30 10:41:40,KO,47.55,22,BID
2020-10-30 10:41:36,KO,47.56,43,ASK
2020-10-30 10:41:41,KO,47.55,17,BID
2020-10-30 10:41:36,KO,47.56,87,ASK
2020-10-30 10:41:41,KO,47.54,28,BID
2020-10-30 10:41:41,KO,47.55,44,ASK
2020-10-30 10:41:42,KO,47.54,31,BID
2020-10-30 10:41:42,KO,47.55,32,ASK
2020-10-30 10:41:43,KO,47.55,38,BID
2020-10-30 10:41:36,KO,47.56,48,ASK
2020-10-30 10:41:43,KO,47.55,40,BID
2020-10-30 10:41:36,KO,47.56,44,ASK
2020-10-30 10:41:43,KO,47.55,43,BID
2020-10-30 10:41:36,KO,47.56,44,ASK
2020-10-30 10:41:43,KO,47.55,40,BID
2020-10-30 10:41:36,KO,47.56,44,ASK
2020-10-30 10:41:46,KO,47.56,19,BID
2020-10-30 10:41:46,KO,47.57,51,ASK
2020-10-30 10:41:47,KO,47.56,19,BID
2020-10-30 10:41:47,KO,47.57,51,ASK
2020-10-30 10:41:47,KO,47.56,20,BID
2020-10-30 10:41:47,KO,47.57,50,ASK
2020-10-30 10:41:47,KO,47.56,36,BID
2020-10-30 10:41:48,KO,47.57,47,ASK
2020-10-30 10:41:50,KO,47.57,49,BID
2020-10-30 10:41:23,KO,47.58,41,ASK
2020-10-30 10:41:50,KO,47.57,42,BID
2020-10-30 10:41:23,KO,47.58,64,ASK
2020-10-30 10:41:50,KO,47.56,23,BID
2020-10-30 10:41:50,KO,47.57,42,ASK
2020-10-30 10:41:51,KO,47.56,23,BID
2020-10-30 10:41:50,KO,47.57,44,ASK
2020-10-30 10:41:51,KO,47.56,22,BID
2020-10-30 10:41:51,KO,47.57,42,ASK
2020-10-30 10:41:52,KO,47.56,32,BID
2020-10-30 10:41:52,KO,47.57,43,ASK
2020-10-30 10:41:54,KO,47.56,36,BID
2020-10-30 10:41:54,KO,47.57,45,ASK
2020-10-30 10:41:54,KO,47.57,38,BID
2020-10-30 10:41:23,KO,47.58,40,ASK
2020-10-30 10:41:54,KO,47.57,36,BID
2020-10-30 10:41:23,KO,47.58,38,ASK
2020-10-30 10:41:54,KO,47.57,38,BID
2020-10-30 10:41:23,KO,47.58,33,ASK
2020-10-30 10:41:58,KO,47.58,42,BID
2020-10-30 10:41:21,KO,47.59,40,ASK
2020-10-30 10:41:58,KO,47.58,44,BID
2020-10-30 10:41:21,KO,47.59,40,ASK
2020-10-30 10:41:54,KO,47.57,27,BID
2020-10-30 10:41:59,KO,47.58,41,ASK
2020-10-30 10:42:00,KO,47.57,20,BID
2020-10-30 10:42:00,KO,47.57,34,ASK
2020-10-30 10:42:00,KO,47.56,24,BID
2020-10-30 10:42:00,KO,47.57,64,ASK
2020-10-30 10:42:00,KO,47.56,15,BID
2020-10-30 10:42:01,KO,47.57,48,ASK
2020-10-30 10:42:02,KO,47.55,63,BID
2020-10-30 10:42:02,KO,47.56,43,ASK
2020-10-30 10:42:03,KO,47.55,20,BID
2020-10-30 10:42:03,KO,47.56,35,ASK
2020-10-30 10:42:03,KO,47.54,25,BID
2020-10-30 10:42:03,KO,47.55,65,ASK
2020-10-30 10:42:04,KO,47.53,25,BID
2020-10-30 10:42:04,KO,47.54,54,ASK
2020-10-30 10:42:04,KO,47.53,6,BID
2020-10-30 10:42:04,KO,47.54,58,ASK
2020-10-30 10:42:04,KO,47.53,14,BID
2020-10-30 10:42:05,KO,47.54,54,ASK
2020-10-30 10:42:05,KO,47.53,26,BID
2020-10-30 10:42:05,KO,47.54,51,ASK
2020-10-30 10:42:05,KO,47.53,22,BID
2020-10-30 10:42:06,KO,47.54,46,ASK
2020-10-30 10:42:07,KO,47.53,17,BID
2020-10-30 10:42:07,KO,47.54,37,ASK
2020-10-30 10:42:08,KO,47.52,48,BID
2020-10-30 10:42:08,KO,47.53,67,ASK
2020-10-30 10:42:09,KO,47.53,36,BID
2020-10-30 10:42:09,KO,47.54,29,ASK
2020-10-30 10:42:10,KO,47.54,38,BID
2020-10-30 10:42:10,KO,47.55,67,ASK
2020-10-30 10:42:10,KO,47.54,36,BID
2020-10-30 10:42:11,KO,47.55,26,ASK
2020-10-30 10:42:12,KO,47.54,33,BID
2020-10-30 10:42:12,KO,47.55,30,ASK
2020-10-30 10:42:12,KO,47.54,33,BID
2020-10-30 10:42:12,KO,47.55,21,ASK
2020-10-30 10:42:12,KO,47.54,32,BID
2020-10-30 10:42:14,KO,47.55,26,ASK
2020-10-30 10:42:12,KO,47.54,34,BID
2020-10-30 10:42:15,KO,47.55,26,ASK
2020-10-30 10:42:16,KO,47.55,67,BID
2020-10-30 10:42:02,KO,47.56,44,ASK
2020-10-30 10:42:17,KO,47.54,40,BID
2020-10-30 10:42:17,KO,47.55,32,ASK
2020-10-30 10:42:18,KO,47.54,31,BID
2020-10-30 10:42:18,KO,47.55,29,ASK
2020-10-30 10:42:09,KO,47.53,24,BID
2020-10-30 10:42:18,KO,47.54,41,ASK
2020-10-30 10:42:19,KO,47.54,11,BID
2020-10-30 10:42:18,KO,47.55,44,ASK
2020-10-30 10:42:21,KO,47.54,12,BID
2020-10-30 10:42:18,KO,47.55,33,ASK
2020-10-30 10:42:22,KO,47.54,17,BID
2020-10-30 10:42:18,KO,47.55,33,ASK
2020-10-30 10:42:23,KO,47.54,20,BID
2020-10-30 10:42:18,KO,47.55,31,ASK
2020-10-30 10:42:25,KO,47.54,28,BID
2020-10-30 10:42:18,KO,47.55,32,ASK
2020-10-30 10:42:26,KO,47.55,47,BID
2020-10-30 10:42:26,KO,47.56,39,ASK
2020-10-30 10:42:27,KO,47.55,35,BID
2020-10-30 10:42:27,KO,47.56,23,ASK
2020-10-30 10:42:28,KO,47.55,33,BID
2020-10-30 10:42:28,KO,47.56,63,ASK
2020-10-30 10:42:29,KO,47.56,11,BID
2020-10-30 10:42:29,KO,47.57,52,ASK
2020-10-30 10:42:30,KO,47.55,48,BID
2020-10-30 10:42:30,KO,47.56,42,ASK
2020-10-30 10:42:31,KO,47.55,45,BID
2020-10-30 10:42:31,KO,47.56,39,ASK
2020-10-30 10:42:33,KO,47.55,47,BID
2020-10-30 10:42:33,KO,47.56,39,ASK
2020-10-30 10:42:34,KO,47.54,54,BID
2020-10-30 10:42:35,KO,47.55,1,ASK
2020-10-30 10:42:35,KO,47.54,38,BID
2020-10-30 10:42:36,KO,47.55,26,ASK
2020-10-30 10:42:37,KO,47.54,43,BID
2020-10-30 10:42:37,KO,47.55,14,ASK
2020-10-30 10:42:37,KO,47.54,37,BID
2020-10-30 10:42:38,KO,47.55,34,ASK
2020-10-30 10:42:38,KO,47.53,42,BID
2020-10-30 10:42:38,KO,47.54,55,ASK
2020-10-30 10:42:39,KO,47.53,28,BID
2020-10-30 10:42:39,KO,47.54,42,ASK
2020-10-30 10:42:40,KO,47.52,46,BID
2020-10-30 10:42:40,KO,47.53,33,ASK
2020-10-30 10:42:42,KO,47.53,17,BID
2020-10-30 10:42:39,KO,47.54,61,ASK
2020-10-30 10:42:43,KO,47.52,50,BID
2020-10-30 10:42:43,KO,47.53,50,ASK
2020-10-30 10:42:44,KO,47.52,50,BID
2020-10-30 10:42:43,KO,47.53,47,ASK
2020-10-30 10:42:45,KO,47.53,51,BID
2020-10-30 10:42:39,KO,47.54,32,ASK
2020-10-30 10:42:46,KO,47.53,26,BID
2020-10-30 10:42:46,KO,47.54,32,ASK
2020-10-30 10:42:46,KO,47.53,29,BID
2020-10-30 10:42:47,KO,47.54,31,ASK
2020-10-30 10:42:50,KO,47.53,26,BID
2020-10-30 10:42:50,KO,47.54,36,ASK
2020-10-30 10:42:50,KO,47.52,54,BID
2020-10-30 10:42:51,KO,47.53,32,ASK
2020-10-30 10:42:52,KO,47.52,54,BID
2020-10-30 10:42:52,KO,47.53,40,ASK
2020-10-30 10:42:52,KO,47.53,15,BID
2020-10-30 10:42:50,KO,47.54,47,ASK
2020-10-30 10:42:53,KO,47.53,15,BID
2020-10-30 10:42:50,KO,47.54,36,ASK
2020-10-30 10:42:54,KO,47.53,31,BID
2020-10-30 10:42:54,KO,47.54,33,ASK
2020-10-30 10:42:55,KO,47.54,37,BID
2020-10-30 10:42:55,KO,47.55,32,ASK
2020-10-30 10:42:55,KO,47.53,28,BID
2020-10-30 10:42:55,KO,47.54,45,ASK
2020-10-30 10:42:57,KO,47.53,28,BID
2020-10-30 10:42:56,KO,47.54,36,ASK
2020-10-30 10:42:58,KO,47.54,22,BID
2020-10-30 10:42:58,KO,47.55,37,ASK
2020-10-30 10:42:58,KO,47.54,23,BID
2020-10-30 10:42:58,KO,47.55,39,ASK
2020-10-30 10:42:58,KO,47.54,23,BID
2020-10-30 10:42:58,KO,47.55,39,ASK
2020-10-30 10:43:00,KO,47.54,11,BID
2020-10-30 10:43:00,KO,47.55,41,ASK
2020-10-30 10:43:00,KO,47.54,40,BID
2020-10-30 10:43:00,KO,47.55,27,ASK
2020-10-30 10:43:00,KO,47.55,27,BID
2020-10-30 10:42:37,KO,47.56,44,ASK
2020-10-30 10:43:01,KO,47.55,20,BID
2020-10-30 10:42:37,KO,47.56,40,ASK
2020-10-30 10:43:01,KO,47.55,37,BID
2020-10-30 10:43:01,KO,47.56,2,ASK
2020-10-30 10:43:02,KO,47.56,28,BID
2020-10-30 10:43:02,KO,47.57,40,ASK
2020-10-30 10:43:02,KO,47.56,20,BID
2020-10-30 10:43:02,KO,47.57,42,ASK
2020-10-30 10:43:02,KO,47.55,46,BID
2020-10-30 10:43:02,KO,47.56,25,ASK
2020-10-30 10:43:03,KO,47.56,29,BID
2020-10-30 10:43:02,KO,47.57,35,ASK
2020-10-30 10:43:03,KO,47.56,42,BID
2020-10-30 10:43:03,KO,47.57,8,ASK
2020-10-30 10:43:03,KO,47.57,80,BID
2020-10-30 10:43:03,KO,47.58,64,ASK
2020-10-30 10:43:04,KO,47.58,19,BID
2020-10-30 10:43:04,KO,47.59,32,ASK
2020-10-30 10:43:04,KO,47.57,67,BID
2020-10-30 10:43:04,KO,47.58,33,ASK
2020-10-30 10:43:04,KO,47.56,41,BID
2020-10-30 10:43:05,KO,47.57,48,ASK
2020-10-30 10:43:05,KO,47.56,19,BID
2020-10-30 10:43:05,KO,47.57,50,ASK
2020-10-30 10:43:05,KO,47.56,38,BID
2020-10-30 10:43:05,KO,47.57,39,ASK
2020-10-30 10:43:06,KO,47.55,52,BID
2020-10-30 10:43:06,KO,47.56,39,ASK
2020-10-30 10:43:05,KO,47.55,29,BID
2020-10-30 10:43:07,KO,47.56,35,ASK
2020-10-30 10:43:07,KO,47.55,26,BID
2020-10-30 10:43:07,KO,47.56,31,ASK
2020-10-30 10:43:00,KO,47.54,40,BID
2020-10-30 10:43:08,KO,47.55,57,ASK
2020-10-30 10:43:09,KO,47.55,13,BID
2020-10-30 10:43:08,KO,47.56,47,ASK
2020-10-30 10:43:10,KO,47.54,38,BID
2020-10-30 10:43:10,KO,47.55,40,ASK
2020-10-30 10:43:10,KO,47.54,34,BID
2020-10-30 10:43:10,KO,47.55,41,ASK
2020-10-30 10:43:10,KO,47.54,15,BID
2020-10-30 10:43:10,KO,47.55,42,ASK
2020-10-30 10:43:12,KO,47.54,43,BID
2020-10-30 10:43:12,KO,47.55,65,ASK
2020-10-30 10:43:13,KO,47.54,22,BID
2020-10-30 10:43:12,KO,47.55,51,ASK
2020-10-30 10:43:13,KO,47.54,37,BID
2020-10-30 10:43:12,KO,47.55,48,ASK
2020-10-30 10:43:15,KO,47.55,49,BID
2020-10-30 10:43:14,KO,47.56,53,ASK
2020-10-30 10:43:15,KO,47.55,8,BID
2020-10-30 10:43:14,KO,47.56,50,ASK
2020-10-30 10:43:16,KO,47.55,8,BID
2020-10-30 10:43:16,KO,47.56,35,ASK
2020-10-30 10:43:17,KO,47.55,8,BID
2020-10-30 10:43:17,KO,47.56,37,ASK
2020-10-30 10:43:13,KO,47.54,49,BID
2020-10-30 10:43:18,KO,47.55,38,ASK
2020-10-30 10:43:19,KO,47.54,19,BID
2020-10-30 10:43:18,KO,47.55,38,ASK
2020-10-30 10:43:19,KO,47.54,2,BID
2020-10-30 10:43:18,KO,47.55,34,ASK
2020-10-30 10:43:20,KO,47.53,36,BID
2020-10-30 10:43:20,KO,47.54,12,ASK
2020-10-30 10:43:21,KO,47.53,19,BID
2020-10-30 10:43:20,KO,47.54,34,ASK
2020-10-30 10:43:21,KO,47.52,53,BID
2020-10-30 10:43:21,KO,47.53,45,ASK
2020-10-30 10:43:21,KO,47.52,58,BID
2020-10-30 10:43:21,KO,47.53,39,ASK
2020-10-30 10:43:22,KO,47.52,51,BID
2020-10-30 10:43:21,KO,47.53,48,ASK
2020-10-30 10:43:22,KO,47.52,48,BID
2020-10-30 10:43:21,KO,47.53,42,ASK
2020-10-30 10:43:23,KO,47.52,31,BID
2020-10-30 10:43:21,KO,47.53,90,ASK
2020-10-30 10:43:23,KO,47.5,134,BID
2020-10-30 10:43:23,KO,47.51,23,ASK
2020-10-30 10:43:23,KO,47.5,107,BID
2020-10-30 10:43:23,KO,47.51,21,ASK
2020-10-30 10:43:24,KO,47.51,35,BID
2020-10-30 10:43:24,KO,47.52,28,ASK
2020-10-30 10:43:24,KO,47.51,35,BID
2020-10-30 10:43:24,KO,47.52,24,ASK
2020-10-30 10:43:24,KO,47.51,35,BID
2020-10-30 10:43:25,KO,47.52,23,ASK
2020-10-30 10:43:24,KO,47.51,38,BID
2020-10-30 10:43:26,KO,47.52,26,ASK
2020-10-30 10:43:24,KO,47.51,37,BID
2020-10-30 10:43:26,KO,47.52,27,ASK
2020-10-30 10:43:24,KO,47.51,35,BID
2020-10-30 10:43:26,KO,47.52,26,ASK
2020-10-30 10:43:24,KO,47.51,36,BID
2020-10-30 10:43:30,KO,47.52,26,ASK
2020-10-30 10:43:31,KO,47.52,47,BID
2020-10-30 10:43:31,KO,47.53,45,ASK
2020-10-30 10:43:31,KO,47.52,46,BID
2020-10-30 10:43:31,KO,47.53,49,ASK
2020-10-30 10:43:32,KO,47.52,48,BID
2020-10-30 10:43:32,KO,47.53,46,ASK
2020-10-30 10:43:33,KO,47.52,48,BID
2020-10-30 10:43:33,KO,47.53,46,ASK
2020-10-30 10:43:34,KO,47.52,48,BID
2020-10-30 10:43:34,KO,47.53,44,ASK
2020-10-30 10:43:35,KO,47.52,43,BID
2020-10-30 10:43:35,KO,47.53,45,ASK
2020-10-30 10:43:37,KO,47.52,46,BID
2020-10-30 10:43:36,KO,47.53,45,ASK
2020-10-30 10:43:37,KO,47.52,40,BID
2020-10-30 10:43:36,KO,47.53,43,ASK
2020-10-30 10:43:39,KO,47.53,21,BID
2020-10-30 10:43:39,KO,47.54,50,ASK
2020-10-30 10:43:40,KO,47.52,44,BID
2020-10-30 10:43:40,KO,47.53,52,ASK
2020-10-30 10:43:40,KO,47.53,37,BID
2020-10-30 10:43:39,KO,47.54,31,ASK
2020-10-30 10:43:40,KO,47.53,37,BID
2020-10-30 10:43:39,KO,47.54,31,ASK
2020-10-30 10:43:43,KO,47.54,53,BID
2020-10-30 10:43:43,KO,47.55,42,ASK
2020-10-30 10:43:43,KO,47.54,53,BID
2020-10-30 10:43:43,KO,47.55,42,ASK
2020-10-30 10:43:45,KO,47.54,47,BID
2020-10-30 10:43:45,KO,47.53,3,ASK
2020-10-30 10:43:46,KO,47.51,50,BID
2020-10-30 10:43:46,KO,47.52,20,ASK
2020-10-30 10:43:46,KO,47.51,55,BID
2020-10-30 10:43:46,KO,47.52,61,ASK
2020-10-30 10:43:47,KO,47.51,30,BID
2020-10-30 10:43:47,KO,47.52,48,ASK
2020-10-30 10:43:47,KO,47.51,16,BID
2020-10-30 10:43:47,KO,47.52,60,ASK
2020-10-30 10:43:47,KO,47.5,76,BID
2020-10-30 10:43:47,KO,47.51,66,ASK
2020-10-30 10:43:48,KO,47.5,31,BID
2020-10-30 10:43:48,KO,47.51,42,ASK
2020-10-30 10:43:48,KO,47.49,26,BID
2020-10-30 10:43:48,KO,47.5,30,ASK
2020-10-30 10:43:48,KO,47.49,29,BID
2020-10-30 10:43:49,KO,47.5,35,ASK
2020-10-30 10:43:49,KO,47.49,23,BID
2020-10-30 10:43:49,KO,47.5,42,ASK
2020-10-30 10:43:49,KO,47.49,31,BID
2020-10-30 10:43:49,KO,47.5,44,ASK
2020-10-30 10:43:49,KO,47.48,32,BID
2020-10-30 10:43:49,KO,47.5,45,ASK
2020-10-30 10:43:50,KO,47.48,18,BID
2020-10-30 10:43:50,KO,47.49,37,ASK
2020-10-30 10:43:50,KO,47.48,19,BID
2020-10-30 10:43:50,KO,47.49,94,ASK
2020-10-30 10:43:50,KO,47.47,14,BID
2020-10-30 10:43:50,KO,47.48,32,ASK
2020-10-30 10:43:51,KO,47.47,17,BID
2020-10-30 10:43:51,KO,47.48,38,ASK
2020-10-30 10:43:51,KO,47.46,4,BID
2020-10-30 10:43:51,KO,47.47,8,ASK
2020-10-30 10:43:51,KO,47.45,1,BID
2020-10-30 10:43:51,KO,47.46,7,ASK
2020-10-30 10:43:52,KO,47.44,4,BID
2020-10-30 10:43:52,KO,47.45,5,ASK
2020-10-30 10:43:52,KO,47.44,4,BID
2020-10-30 10:43:52,KO,47.45,12,ASK
2020-10-30 10:43:52,KO,47.44,17,BID
2020-10-30 10:43:52,KO,47.45,14,ASK
2020-10-30 10:43:53,KO,47.44,15,BID
2020-10-30 10:43:53,KO,47.45,42,ASK
2020-10-30 10:43:53,KO,47.46,8,BID
2020-10-30 10:43:53,KO,47.47,31,ASK
2020-10-30 10:43:53,KO,47.46,64,BID
2020-10-30 10:43:54,KO,47.47,33,ASK
2020-10-30 10:43:54,KO,47.46,28,BID
2020-10-30 10:43:54,KO,47.47,39,ASK
2020-10-30 10:43:54,KO,47.46,20,BID
2020-10-30 10:43:54,KO,47.47,62,ASK
2020-10-30 10:43:54,KO,47.45,36,BID
2020-10-30 10:43:55,KO,47.46,28,ASK
2020-10-30 10:43:55,KO,47.45,28,BID
2020-10-30 10:43:55,KO,47.46,48,ASK
2020-10-30 10:43:55,KO,47.45,52,BID
2020-10-30 10:43:55,KO,47.46,19,ASK
2020-10-30 10:43:55,KO,47.45,36,BID
2020-10-30 10:43:55,KO,47.46,30,ASK
2020-10-30 10:43:56,KO,47.45,1,BID
2020-10-30 10:43:56,KO,47.45,18,ASK
2020-10-30 10:43:56,KO,47.44,25,BID
2020-10-30 10:43:56,KO,47.45,60,ASK
2020-10-30 10:43:56,KO,47.44,22,BID
2020-10-30 10:43:56,KO,47.45,62,ASK
2020-10-30 10:43:57,KO,47.43,25,BID
2020-10-30 10:43:57,KO,47.44,14,ASK
2020-10-30 10:43:57,KO,47.43,25,BID
2020-10-30 10:43:57,KO,47.44,14,ASK
2020-10-30 10:43:57,KO,47.43,29,BID
2020-10-30 10:43:58,KO,47.44,13,ASK
2020-10-30 10:43:59,KO,47.44,5,BID
2020-10-30 10:43:56,KO,47.45,62,ASK
2020-10-30 10:43:59,KO,47.44,49,BID
2020-10-30 10:43:56,KO,47.45,54,ASK
2020-10-30 10:43:59,KO,47.44,30,BID
2020-10-30 10:43:56,KO,47.45,52,ASK
2020-10-30 10:44:00,KO,47.45,36,BID
2020-10-30 10:44:00,KO,47.46,42,ASK
2020-10-30 10:44:01,KO,47.45,37,BID
2020-10-30 10:44:01,KO,47.46,43,ASK
2020-10-30 10:44:02,KO,47.45,36,BID
2020-10-30 10:44:02,KO,47.46,42,ASK
2020-10-30 10:44:02,KO,47.45,35,BID
2020-10-30 10:44:03,KO,47.46,28,ASK
2020-10-30 10:44:03,KO,47.45,35,BID
2020-10-30 10:44:03,KO,47.46,28,ASK
2020-10-30 10:44:04,KO,47.46,53,BID
2020-10-30 10:44:04,KO,47.47,35,ASK
2020-10-30 10:44:04,KO,47.46,44,BID
2020-10-30 10:44:04,KO,47.47,18,ASK
2020-10-30 10:44:04,KO,47.46,31,BID
2020-10-30 10:44:04,KO,47.47,59,ASK
2020-10-30 10:44:04,KO,47.46,46,BID
2020-10-30 10:44:05,KO,47.47,7,ASK
2020-10-30 10:44:05,KO,47.47,42,BID
2020-10-30 10:44:05,KO,47.48,33,ASK
2020-10-30 10:44:04,KO,47.46,34,BID
2020-10-30 10:44:06,KO,47.47,53,ASK
2020-10-30 10:44:04,KO,47.46,34,BID
2020-10-30 10:44:06,KO,47.47,36,ASK
2020-10-30 10:44:04,KO,47.46,34,BID
2020-10-30 10:44:06,KO,47.47,8,ASK
2020-10-30 10:44:08,KO,47.47,5,BID
2020-10-30 10:44:08,KO,47.48,44,ASK
2020-10-30 10:44:08,KO,47.47,5,BID
2020-10-30 10:44:08,KO,47.48,44,ASK
2020-10-30 10:44:08,KO,47.46,35,BID
2020-10-30 10:44:09,KO,47.47,40,ASK
2020-10-30 10:44:08,KO,47.46,40,BID
2020-10-30 10:44:09,KO,47.47,2,ASK
2020-10-30 10:44:08,KO,47.46,38,BID
2020-10-30 10:44:10,KO,47.48,45,ASK
2020-10-30 10:44:11,KO,47.47,27,BID
2020-10-30 10:44:10,KO,47.48,40,ASK
2020-10-30 10:44:04,KO,47.45,59,BID
2020-10-30 10:44:12,KO,47.46,16,ASK
2020-10-30 10:44:12,KO,47.46,65,BID
2020-10-30 10:44:12,KO,47.47,52,ASK
2020-10-30 10:44:13,KO,47.46,40,BID
2020-10-30 10:44:13,KO,47.47,8,ASK
2020-10-30 10:44:14,KO,47.47,46,BID
2020-10-30 10:44:14,KO,47.48,41,ASK
2020-10-30 10:44:15,KO,47.46,37,BID
2020-10-30 10:44:14,KO,47.47,19,ASK
2020-10-30 10:44:17,KO,47.46,40,BID
2020-10-30 10:44:16,KO,47.47,21,ASK
2020-10-30 10:44:19,KO,47.46,51,BID
2020-10-30 10:44:16,KO,47.47,32,ASK
2020-10-30 10:44:21,KO,47.46,47,BID
2020-10-30 10:44:21,KO,47.47,30,ASK
2020-10-30 10:44:22,KO,47.46,44,BID
2020-10-30 10:44:22,KO,47.47,13,ASK
2020-10-30 10:44:23,KO,47.47,41,BID
2020-10-30 10:44:21,KO,47.48,38,ASK
2020-10-30 10:44:23,KO,47.49,5,BID
2020-10-30 10:44:23,KO,47.5,43,ASK
2020-10-30 10:44:24,KO,47.49,16,BID
2020-10-30 10:44:24,KO,47.5,34,ASK
2020-10-30 10:44:24,KO,47.49,34,BID
2020-10-30 10:44:25,KO,47.5,37,ASK
2020-10-30 10:44:24,KO,47.49,18,BID
2020-10-30 10:44:26,KO,47.5,34,ASK
2020-10-30 10:44:27,KO,47.49,15,BID
2020-10-30 10:44:26,KO,47.5,37,ASK
2020-10-30 10:44:28,KO,47.5,14,BID
2020-10-30 10:44:28,KO,47.51,38,ASK
2020-10-30 10:44:30,KO,47.5,39,BID
2020-10-30 10:44:30,KO,47.51,17,ASK
2020-10-30 10:44:31,KO,47.5,49,BID
2020-10-30 10:44:31,KO,47.51,58,ASK
2020-10-30 10:44:33,KO,47.5,42,BID
2020-10-30 10:44:31,KO,47.52,73,ASK
2020-10-30 10:44:34,KO,47.52,25,BID
2020-10-30 10:43:46,KO,47.53,38,ASK
2020-10-30 10:44:35,KO,47.51,28,BID
2020-10-30 10:44:35,KO,47.52,38,ASK
2020-10-30 10:44:36,KO,47.5,38,BID
2020-10-30 10:44:36,KO,47.51,31,ASK
2020-10-30 10:44:38,KO,47.49,35,BID
2020-10-30 10:44:38,KO,47.5,52,ASK
2020-10-30 10:44:39,KO,47.49,27,BID
2020-10-30 10:44:39,KO,47.5,60,ASK
2020-10-30 10:44:40,KO,47.48,35,BID
2020-10-30 10:44:40,KO,47.49,30,ASK
2020-10-30 10:44:23,KO,47.47,39,BID
2020-10-30 10:44:40,KO,47.48,28,ASK
2020-10-30 10:44:23,KO,47.47,38,BID
2020-10-30 10:44:41,KO,47.48,28,ASK
2020-10-30 10:44:23,KO,47.47,33,BID
2020-10-30 10:44:41,KO,47.48,34,ASK
2020-10-30 10:44:23,KO,47.47,30,BID
2020-10-30 10:44:41,KO,47.48,35,ASK
2020-10-30 10:44:23,KO,47.47,33,BID
2020-10-30 10:44:42,KO,47.48,26,ASK
2020-10-30 10:44:23,KO,47.47,31,BID
2020-10-30 10:44:42,KO,47.48,39,ASK
2020-10-30 10:44:44,KO,47.48,29,BID
2020-10-30 10:44:44,KO,47.49,43,ASK
2020-10-30 10:44:44,KO,47.48,32,BID
2020-10-30 10:44:45,KO,47.49,39,ASK
2020-10-30 10:44:47,KO,47.48,31,BID
2020-10-30 10:44:47,KO,47.49,44,ASK
2020-10-30 10:44:48,KO,47.48,29,BID
2020-10-30 10:44:48,KO,47.49,35,ASK
2020-10-30 10:44:48,KO,47.49,54,BID
2020-10-30 10:44:39,KO,47.5,35,ASK
2020-10-30 10:44:48,KO,47.49,54,BID
2020-10-30 10:44:39,KO,47.5,35,ASK
2020-10-30 10:44:49,KO,47.49,54,BID
2020-10-30 10:44:50,KO,47.5,32,ASK
2020-10-30 10:44:50,KO,47.48,26,BID
2020-10-30 10:44:50,KO,47.49,47,ASK
2020-10-30 10:44:50,KO,47.48,25,BID
2020-10-30 10:44:50,KO,47.49,76,ASK
2020-10-30 10:44:50,KO,47.48,25,BID
2020-10-30 10:44:50,KO,47.49,58,ASK
2020-10-30 10:44:44,KO,47.47,28,BID
2020-10-30 10:44:53,KO,47.48,14,ASK
2020-10-30 10:44:54,KO,47.47,21,BID
2020-10-30 10:44:53,KO,47.48,39,ASK
2020-10-30 10:44:54,KO,47.46,34,BID
2020-10-30 10:44:54,KO,47.47,51,ASK
2020-10-30 10:44:54,KO,47.46,34,BID
2020-10-30 10:44:54,KO,47.47,51,ASK
2020-10-30 10:44:54,KO,47.46,47,BID
2020-10-30 10:44:55,KO,47.47,38,ASK
2020-10-30 10:44:54,KO,47.46,47,BID
2020-10-30 10:44:55,KO,47.47,38,ASK
2020-10-30 10:44:54,KO,47.46,47,BID
2020-10-30 10:44:55,KO,47.47,38,ASK
2020-10-30 10:44:54,KO,47.46,47,BID
2020-10-30 10:44:55,KO,47.47,38,ASK
2020-10-30 10:44:54,KO,47.46,47,BID
2020-10-30 10:44:55,KO,47.47,38,ASK
2020-10-30 10:44:54,KO,47.46,47,BID
2020-10-30 10:44:55,KO,47.47,38,ASK
2020-10-30 10:44:54,KO,47.46,47,BID
2020-10-30 10:44:55,KO,47.47,38,ASK
2020-10-30 10:44:54,KO,47.46,47,BID
2020-10-30 10:44:55,KO,47.47,38,ASK
2020-10-30 10:44:56,KO,47.46,34,BID
2020-10-30 10:44:56,KO,47.47,42,ASK
2020-10-30 10:44:57,KO,47.47,8,BID
2020-10-30 10:44:57,KO,47.47,1,ASK
2020-10-30 10:44:59,KO,47.47,11,BID
2020-10-30 10:44:53,KO,47.48,35,ASK
2020-10-30 10:45:00,KO,47.47,66,BID
2020-10-30 10:44:50,KO,47.49,49,ASK
2020-10-30 10:45:00,KO,47.48,34,BID
2020-10-30 10:44:50,KO,47.49,55,ASK
2020-10-30 10:45:01,KO,47.48,11,BID
2020-10-30 10:45:01,KO,47.49,68,ASK
2020-10-30 10:45:01,KO,47.48,25,BID
2020-10-30 10:45:01,KO,47.49,58,ASK
2020-10-30 10:45:01,KO,47.48,25,BID
2020-10-30 10:45:01,KO,47.49,58,ASK
2020-10-30 10:45:02,KO,47.47,34,BID
2020-10-30 10:45:02,KO,47.48,24,ASK
2020-10-30 10:44:56,KO,47.46,40,BID
2020-10-30 10:45:03,KO,47.47,27,ASK
2020-10-30 10:44:56,KO,47.46,37,BID
2020-10-30 10:45:03,KO,47.47,35,ASK
2020-10-30 10:45:03,KO,47.46,32,BID
2020-10-30 10:45:03,KO,47.47,42,ASK
2020-10-30 10:45:03,KO,47.46,32,BID
2020-10-30 10:45:03,KO,47.47,39,ASK
2020-10-30 10:45:03,KO,47.46,31,BID
2020-10-30 10:45:03,KO,47.47,39,ASK
2020-10-30 10:45:05,KO,47.46,23,BID
2020-10-30 10:45:05,KO,47.47,37,ASK
2020-10-30 10:45:05,KO,47.46,24,BID
2020-10-30 10:45:06,KO,47.47,31,ASK
2020-10-30 10:45:07,KO,47.47,33,BID
2020-10-30 10:45:06,KO,47.48,30,ASK
2020-10-30 10:45:07,KO,47.48,8,BID
2020-10-30 10:45:01,KO,47.49,60,ASK
2020-10-30 10:45:08,KO,47.47,20,BID
2020-10-30 10:45:08,KO,47.48,28,ASK
2020-10-30 10:45:10,KO,47.48,36,BID
2020-10-30 10:45:01,KO,47.49,61,ASK
2020-10-30 10:45:10,KO,47.48,27,BID
2020-10-30 10:45:10,KO,47.49,37,ASK
2020-10-30 10:45:10,KO,47.48,34,BID
2020-10-30 10:45:11,KO,47.49,32,ASK
2020-10-30 10:45:12,KO,47.49,51,BID
2020-10-30 10:45:12,KO,47.5,37,ASK
2020-10-30 10:45:13,KO,47.5,20,BID
2020-10-30 10:44:38,KO,47.51,33,ASK
2020-10-30 10:45:13,KO,47.5,19,BID
2020-10-30 10:44:38,KO,47.51,33,ASK
2020-10-30 10:45:15,KO,47.5,50,BID
2020-10-30 10:44:38,KO,47.51,36,ASK
2020-10-30 10:45:16,KO,47.49,39,BID
2020-10-30 10:45:16,KO,47.5,39,ASK
2020-10-30 10:45:16,KO,47.48,37,BID
2020-10-30 10:45:16,KO,47.49,33,ASK
2020-10-30 10:45:17,KO,47.49,51,BID
2020-10-30 10:45:17,KO,47.5,29,ASK
2020-10-30 10:45:18,KO,47.49,35,BID
2020-10-30 10:45:18,KO,47.5,34,ASK
2020-10-30 10:45:19,KO,47.48,28,BID
2020-10-30 10:45:19,KO,47.49,33,ASK
2020-10-30 10:45:20,KO,47.47,25,BID
2020-10-30 10:45:20,KO,47.48,44,ASK
2020-10-30 10:45:20,KO,47.47,29,BID
2020-10-30 10:45:21,KO,47.48,42,ASK
2020-10-30 10:45:22,KO,47.47,26,BID
2020-10-30 10:45:22,KO,47.48,27,ASK
2020-10-30 10:45:22,KO,47.46,26,BID
2020-10-30 10:45:22,KO,47.47,35,ASK
2020-10-30 10:45:23,KO,47.48,22,BID
2020-10-30 10:45:20,KO,47.49,68,ASK
2020-10-30 10:45:24,KO,47.47,31,BID
2020-10-30 10:45:24,KO,47.48,38,ASK
2020-10-30 10:45:24,KO,47.47,35,BID
2020-10-30 10:45:24,KO,47.48,37,ASK
2020-10-30 10:45:26,KO,47.47,19,BID
2020-10-30 10:45:26,KO,47.48,28,ASK
2020-10-30 10:45:27,KO,47.47,22,BID
2020-10-30 10:45:27,KO,47.48,33,ASK
2020-10-30 10:45:28,KO,47.46,32,BID
2020-10-30 10:45:28,KO,47.47,42,ASK
2020-10-30 10:45:29,KO,47.46,33,BID
2020-10-30 10:45:28,KO,47.47,44,ASK
2020-10-30 10:45:29,KO,47.46,61,BID
2020-10-30 10:45:30,KO,47.47,31,ASK
2020-10-30 10:45:29,KO,47.46,54,BID
2020-10-30 10:45:30,KO,47.47,31,ASK
2020-10-30 10:45:29,KO,47.46,45,BID
2020-10-30 10:45:32,KO,47.47,42,ASK
2020-10-30 10:45:34,KO,47.48,18,BID
2020-10-30 10:45:20,KO,47.49,65,ASK
2020-10-30 10:45:35,KO,47.48,22,BID
2020-10-30 10:45:35,KO,47.49,37,ASK
2020-10-30 10:45:36,KO,47.48,21,BID
2020-10-30 10:45:35,KO,47.49,39,ASK
2020-10-30 10:45:37,KO,47.47,41,BID
2020-10-30 10:45:37,KO,47.48,10,ASK
2020-10-30 10:45:39,KO,47.47,31,BID
2020-10-30 10:45:38,KO,47.48,10,ASK
2020-10-30 10:45:41,KO,47.47,29,BID
2020-10-30 10:45:41,KO,47.48,30,ASK
2020-10-30 10:45:41,KO,47.47,25,BID
2020-10-30 10:45:41,KO,47.48,34,ASK
2020-10-30 10:45:29,KO,47.46,50,BID
2020-10-30 10:45:42,KO,47.47,30,ASK
2020-10-30 10:45:29,KO,47.46,48,BID
2020-10-30 10:45:43,KO,47.47,18,ASK
2020-10-30 10:45:44,KO,47.45,46,BID
2020-10-30 10:45:44,KO,47.46,43,ASK
2020-10-30 10:45:45,KO,47.46,55,BID
2020-10-30 10:45:45,KO,47.47,30,ASK
2020-10-30 10:45:46,KO,47.46,45,BID
2020-10-30 10:45:46,KO,47.47,2,ASK
2020-10-30 10:45:46,KO,47.47,47,BID
2020-10-30 10:45:37,KO,47.49,46,ASK
2020-10-30 10:45:47,KO,47.47,38,BID
2020-10-30 10:45:47,KO,47.48,8,ASK
2020-10-30 10:45:47,KO,47.48,7,BID
2020-10-30 10:45:37,KO,47.49,44,ASK
2020-10-30 10:45:48,KO,47.48,7,BID
2020-10-30 10:45:48,KO,47.49,37,ASK
2020-10-30 10:45:50,KO,47.48,20,BID
2020-10-30 10:45:50,KO,47.49,26,ASK
2020-10-30 10:45:51,KO,47.48,26,BID
2020-10-30 10:45:51,KO,47.49,37,ASK
2020-10-30 10:45:53,KO,47.47,43,BID
2020-10-30 10:45:53,KO,47.48,8,ASK
2020-10-30 10:45:54,KO,47.47,42,BID
2020-10-30 10:45:54,KO,47.48,8,ASK
2020-10-30 10:45:55,KO,47.47,37,BID
2020-10-30 10:45:56,KO,47.48,13,ASK
2020-10-30 10:45:57,KO,47.48,44,BID
2020-10-30 10:45:57,KO,47.49,41,ASK
2020-10-30 10:45:59,KO,47.48,47,BID
2020-10-30 10:45:59,KO,47.49,37,ASK
2020-10-30 10:46:00,KO,47.48,46,BID
2020-10-30 10:46:00,KO,47.49,37,ASK
2020-10-30 10:46:01,KO,47.48,40,BID
2020-10-30 10:46:01,KO,47.49,40,ASK
2020-10-30 10:46:02,KO,47.49,9,BID
2020-10-30 10:45:19,KO,47.5,47,ASK
2020-10-30 10:46:03,KO,47.49,22,BID
2020-10-30 10:46:03,KO,47.5,50,ASK
2020-10-30 10:46:04,KO,47.49,22,BID
2020-10-30 10:46:04,KO,47.5,47,ASK
2020-10-30 10:46:01,KO,47.48,41,BID
2020-10-30 10:46:05,KO,47.49,25,ASK
2020-10-30 10:46:07,KO,47.49,7,BID
2020-10-30 10:46:04,KO,47.5,51,ASK
2020-10-30 10:46:08,KO,47.49,18,BID
2020-10-30 10:46:04,KO,47.5,49,ASK
2020-10-30 10:46:09,KO,47.5,23,BID
2020-10-30 10:46:09,KO,47.51,28,ASK
2020-10-30 10:46:10,KO,47.5,43,BID
2020-10-30 10:46:10,KO,47.51,1,ASK
2020-10-30 10:46:10,KO,47.5,42,BID
2020-10-30 10:46:09,KO,47.52,35,ASK
2020-10-30 10:46:10,KO,47.5,48,BID
2020-10-30 10:46:11,KO,47.52,30,ASK
2020-10-30 10:46:10,KO,47.5,30,BID
2020-10-30 10:46:12,KO,47.51,4,ASK
2020-10-30 10:46:10,KO,47.5,47,BID
2020-10-30 10:46:13,KO,47.51,3,ASK
2020-10-30 10:46:14,KO,47.5,47,BID
2020-10-30 10:46:14,KO,47.51,5,ASK
2020-10-30 10:46:15,KO,47.51,48,BID
2020-10-30 10:46:15,KO,47.52,28,ASK
2020-10-30 10:46:15,KO,47.51,35,BID
2020-10-30 10:46:15,KO,47.52,10,ASK
2020-10-30 10:46:17,KO,47.52,22,BID
2020-10-30 10:46:17,KO,47.53,20,ASK
2020-10-30 10:46:17,KO,47.52,17,BID
2020-10-30 10:46:17,KO,47.53,34,ASK
2020-10-30 10:46:18,KO,47.51,35,BID
2020-10-30 10:46:18,KO,47.52,5,ASK
2020-10-30 10:46:19,KO,47.51,37,BID
2020-10-30 10:46:18,KO,47.52,28,ASK
2020-10-30 10:46:19,KO,47.5,17,BID
2020-10-30 10:46:19,KO,47.51,37,ASK
2020-10-30 10:46:19,KO,47.49,23,BID
2020-10-30 10:46:19,KO,47.5,40,ASK
2020-10-30 10:46:19,KO,47.49,29,BID
2020-10-30 10:46:19,KO,47.5,34,ASK
2020-10-30 10:46:20,KO,47.49,46,BID
2020-10-30 10:46:20,KO,47.5,33,ASK
2020-10-30 10:46:20,KO,47.49,29,BID
2020-10-30 10:46:21,KO,47.5,33,ASK
2020-10-30 10:46:22,KO,47.49,27,BID
2020-10-30 10:46:22,KO,47.5,33,ASK
2020-10-30 10:46:23,KO,47.49,20,BID
2020-10-30 10:46:23,KO,47.5,37,ASK
2020-10-30 10:46:05,KO,47.48,31,BID
2020-10-30 10:46:24,KO,47.49,34,ASK
2020-10-30 10:46:25,KO,47.48,20,BID
2020-10-30 10:46:24,KO,47.49,41,ASK
2020-10-30 10:46:25,KO,47.47,28,BID
2020-10-30 10:46:25,KO,47.48,41,ASK
2020-10-30 10:46:26,KO,47.47,41,BID
2020-10-30 10:46:24,KO,47.49,42,ASK
2020-10-30 10:46:27,KO,47.48,15,BID
2020-10-30 10:46:24,KO,47.49,41,ASK
2020-10-30 10:46:28,KO,47.47,31,BID
2020-10-30 10:46:28,KO,47.48,12,ASK
2020-10-30 10:46:29,KO,47.47,19,BID
2020-10-30 10:46:29,KO,47.48,34,ASK
2020-10-30 10:46:29,KO,47.47,38,BID
2020-10-30 10:46:30,KO,47.48,31,ASK
2020-10-30 10:46:30,KO,47.47,38,BID
2020-10-30 10:46:30,KO,47.48,30,ASK
2020-10-30 10:46:30,KO,47.47,31,BID
2020-10-30 10:46:31,KO,47.48,32,ASK
2020-10-30 10:46:33,KO,47.48,22,BID
2020-10-30 10:46:24,KO,47.49,49,ASK
2020-10-30 10:46:34,KO,47.48,23,BID
2020-10-30 10:46:24,KO,47.49,47,ASK
2020-10-30 10:46:35,KO,47.48,30,BID
2020-10-30 10:46:24,KO,47.49,41,ASK
2020-10-30 10:46:35,KO,47.48,31,BID
2020-10-30 10:46:24,KO,47.49,44,ASK
2020-10-30 10:46:38,KO,47.48,32,BID
2020-10-30 10:46:24,KO,47.49,43,ASK
2020-10-30 10:46:39,KO,47.49,22,BID
2020-10-30 10:46:38,KO,47.5,27,ASK
2020-10-30 10:46:39,KO,47.49,16,BID
2020-10-30 10:46:38,KO,47.5,34,ASK
2020-10-30 10:46:40,KO,47.49,8,BID
2020-10-30 10:46:38,KO,47.5,34,ASK
2020-10-30 10:46:30,KO,47.47,46,BID
2020-10-30 10:46:41,KO,47.48,24,ASK
2020-10-30 10:46:30,KO,47.47,29,BID
2020-10-30 10:46:43,KO,47.48,24,ASK
2020-10-30 10:46:30,KO,47.47,20,BID
2020-10-30 10:46:43,KO,47.48,28,ASK
2020-10-30 10:46:30,KO,47.47,18,BID
2020-10-30 10:46:43,KO,47.48,27,ASK
2020-10-30 10:46:30,KO,47.47,23,BID
2020-10-30 10:46:43,KO,47.48,25,ASK
2020-10-30 10:46:47,KO,47.48,33,BID
2020-10-30 10:46:47,KO,47.49,31,ASK
2020-10-30 10:46:48,KO,47.48,22,BID
2020-10-30 10:46:48,KO,47.49,28,ASK
2020-10-30 10:46:49,KO,47.48,20,BID
2020-10-30 10:46:49,KO,47.49,33,ASK
2020-10-30 10:46:30,KO,47.47,45,BID
2020-10-30 10:46:50,KO,47.48,29,ASK
2020-10-30 10:46:51,KO,47.48,59,BID
2020-10-30 10:46:51,KO,47.49,31,ASK
2020-10-30 10:46:51,KO,47.48,46,BID
2020-10-30 10:46:51,KO,47.49,31,ASK
2020-10-30 10:46:51,KO,47.48,46,BID
2020-10-30 10:46:51,KO,47.49,31,ASK
2020-10-30 10:46:51,KO,47.48,46,BID
2020-10-30 10:46:51,KO,47.49,31,ASK
2020-10-30 10:46:51,KO,47.48,46,BID
2020-10-30 10:46:51,KO,47.49,31,ASK
2020-10-30 10:46:51,KO,47.48,46,BID
2020-10-30 10:46:51,KO,47.49,31,ASK
2020-10-30 10:46:51,KO,47.48,46,BID
2020-10-30 10:46:51,KO,47.49,31,ASK
2020-10-30 10:46:51,KO,47.48,46,BID
2020-10-30 10:46:51,KO,47.49,31,ASK
2020-10-30 10:46:51,KO,47.48,46,BID
2020-10-30 10:46:51,KO,47.49,31,ASK
2020-10-30 10:46:51,KO,47.48,46,BID
2020-10-30 10:46:51,KO,47.49,31,ASK
2020-10-30 10:46:51,KO,47.48,46,BID
2020-10-30 10:46:51,KO,47.49,31,ASK
2020-10-30 10:46:51,KO,47.48,46,BID
2020-10-30 10:46:51,KO,47.49,31,ASK
2020-10-30 10:46:51,KO,47.48,46,BID
2020-10-30 10:46:51,KO,47.49,31,ASK
2020-10-30 10:46:51,KO,47.48,46,BID
2020-10-30 10:46:51,KO,47.49,31,ASK
2020-10-30 10:46:51,KO,47.48,46,BID
2020-10-30 10:46:51,KO,47.49,31,ASK
2020-10-30 10:46:51,KO,47.48,46,BID
2020-10-30 10:46:51,KO,47.49,31,ASK
2020-10-30 10:46:51,KO,47.48,46,BID
2020-10-30 10:46:51,KO,47.49,31,ASK
2020-10-30 10:46:51,KO,47.48,46,BID
2020-10-30 10:46:51,KO,47.49,31,ASK
2020-10-30 10:46:51,KO,47.48,46,BID
2020-10-30 10:46:51,KO,47.49,31,ASK
2020-10-30 10:46:51,KO,47.48,46,BID
2020-10-30 10:46:51,KO,47.49,31,ASK
2020-10-30 10:46:51,KO,47.48,46,BID
2020-10-30 10:46:51,KO,47.49,31,ASK
2020-10-30 10:46:51,KO,47.48,46,BID
2020-10-30 10:46:51,KO,47.49,31,ASK
2020-10-30 10:46:51,KO,47.48,46,BID
2020-10-30 10:46:51,KO,47.49,31,ASK
2020-10-30 10:46:51,KO,47.48,46,BID
2020-10-30 10:46:51,KO,47.49,31,ASK
2020-10-30 10:46:51,KO,47.48,46,BID
2020-10-30 10:46:51,KO,47.49,31,ASK
2020-10-30 10:46:51,KO,47.48,46,BID
2020-10-30 10:46:51,KO,47.49,31,ASK
2020-10-30 10:46:51,KO,47.48,46,BID
2020-10-30 10:46:51,KO,47.49,31,ASK
2020-10-30 10:46:58,KO,47.47,27,BID
2020-10-30 10:46:58,KO,47.48,25,ASK
2020-10-30 10:46:59,KO,47.48,63,BID
2020-10-30 10:46:51,KO,47.49,38,ASK
2020-10-30 10:47:01,KO,47.48,56,BID
2020-10-30 10:47:01,KO,47.49,31,ASK
2020-10-30 10:47:02,KO,47.48,33,BID
2020-10-30 10:47:02,KO,47.49,19,ASK
2020-10-30 10:47:02,KO,47.48,39,BID
2020-10-30 10:47:02,KO,47.49,17,ASK
2020-10-30 10:47:02,KO,47.48,39,BID
2020-10-30 10:47:02,KO,47.49,17,ASK
2020-10-30 10:47:02,KO,47.48,39,BID
2020-10-30 10:47:02,KO,47.49,17,ASK
2020-10-30 10:47:02,KO,47.48,39,BID
2020-10-30 10:47:02,KO,47.49,18,ASK
2020-10-30 10:47:02,KO,47.48,39,BID
2020-10-30 10:47:02,KO,47.49,18,ASK
2020-10-30 10:47:02,KO,47.48,39,BID
2020-10-30 10:47:02,KO,47.49,18,ASK
2020-10-30 10:47:02,KO,47.48,39,BID
2020-10-30 10:47:02,KO,47.49,18,ASK
2020-10-30 10:47:07,KO,47.49,38,BID
2020-10-30 10:47:02,KO,47.5,34,ASK
2020-10-30 10:47:07,KO,47.49,34,BID
2020-10-30 10:47:07,KO,47.5,16,ASK
2020-10-30 10:47:07,KO,47.49,31,BID
2020-10-30 10:47:07,KO,47.49,39,ASK
2020-10-30 10:47:02,KO,47.47,27,BID
2020-10-30 10:47:08,KO,47.48,21,ASK
2020-10-30 10:47:08,KO,47.47,38,BID
2020-10-30 10:47:08,KO,47.48,46,ASK
2020-10-30 10:47:08,KO,47.47,13,BID
2020-10-30 10:47:08,KO,47.48,36,ASK
2020-10-30 10:47:08,KO,47.47,3,BID
2020-10-30 10:47:08,KO,47.48,37,ASK
2020-10-30 10:47:08,KO,47.47,5,BID
2020-10-30 10:47:08,KO,47.48,36,ASK
2020-10-30 10:47:08,KO,47.47,3,BID
2020-10-30 10:47:08,KO,47.48,37,ASK
2020-10-30 10:47:09,KO,47.47,4,BID
2020-10-30 10:47:08,KO,47.48,37,ASK
2020-10-30 10:47:09,KO,47.47,6,BID
2020-10-30 10:47:08,KO,47.48,37,ASK
2020-10-30 10:47:09,KO,47.47,6,BID
2020-10-30 10:47:08,KO,47.48,37,ASK
2020-10-30 10:47:08,KO,47.46,47,BID
2020-10-30 10:47:10,KO,47.47,11,ASK
2020-10-30 10:47:08,KO,47.46,36,BID
2020-10-30 10:47:11,KO,47.47,21,ASK
2020-10-30 10:47:08,KO,47.46,46,BID
2020-10-30 10:47:12,KO,47.47,8,ASK
2020-10-30 10:47:08,KO,47.46,44,BID
2020-10-30 10:47:13,KO,47.47,4,ASK
2020-10-30 10:47:13,KO,47.47,20,BID
2020-10-30 10:47:11,KO,47.48,45,ASK
2020-10-30 10:47:15,KO,47.47,33,BID
2020-10-30 10:47:11,KO,47.48,36,ASK
2020-10-30 10:47:16,KO,47.47,20,BID
2020-10-30 10:47:15,KO,47.48,33,ASK
2020-10-30 10:47:18,KO,47.47,23,BID
2020-10-30 10:47:15,KO,47.48,31,ASK
2020-10-30 10:47:20,KO,47.46,33,BID
2020-10-30 10:47:20,KO,47.47,43,ASK
2020-10-30 10:47:21,KO,47.45,41,BID
2020-10-30 10:47:21,KO,47.46,34,ASK
2020-10-30 10:47:22,KO,47.45,39,BID
2020-10-30 10:47:22,KO,47.46,37,ASK
2020-10-30 10:47:22,KO,47.45,54,BID
2020-10-30 10:47:23,KO,47.46,35,ASK
2020-10-30 10:47:24,KO,47.46,49,BID
2020-10-30 10:47:20,KO,47.47,43,ASK
2020-10-30 10:47:24,KO,47.46,51,BID
2020-10-30 10:47:20,KO,47.47,43,ASK
2020-10-30 10:47:24,KO,47.46,43,BID
2020-10-30 10:47:24,KO,47.47,37,ASK
2020-10-30 10:47:24,KO,47.46,42,BID
2020-10-30 10:47:25,KO,47.47,36,ASK
2020-10-30 10:47:24,KO,47.46,47,BID
2020-10-30 10:47:26,KO,47.47,34,ASK
2020-10-30 10:47:24,KO,47.46,51,BID
2020-10-30 10:47:26,KO,47.47,35,ASK
2020-10-30 10:47:23,KO,47.45,63,BID
2020-10-30 10:47:29,KO,47.46,47,ASK
2020-10-30 10:47:30,KO,47.46,24,BID
2020-10-30 10:47:26,KO,47.47,55,ASK
2020-10-30 10:47:31,KO,47.46,25,BID
2020-10-30 10:47:26,KO,47.47,40,ASK
2020-10-30 10:47:23,KO,47.45,55,BID
2020-10-30 10:47:33,KO,47.46,44,ASK
2020-10-30 10:47:34,KO,47.45,36,BID
2020-10-30 10:47:35,KO,47.46,31,ASK
2020-10-30 10:47:02,KO,47.44,31,BID
2020-10-30 10:47:36,KO,47.45,50,ASK
2020-10-30 10:47:02,KO,47.43,30,BID
2020-10-30 10:47:36,KO,47.44,23,ASK
2020-10-30 10:47:02,KO,47.43,30,BID
2020-10-30 10:47:37,KO,47.44,28,ASK
2020-10-30 10:47:38,KO,47.43,30,BID
2020-10-30 10:47:37,KO,47.44,37,ASK
2020-10-30 10:47:38,KO,47.43,37,BID
2020-10-30 10:47:37,KO,47.44,30,ASK
2020-10-30 10:47:39,KO,47.44,4,BID
2020-10-30 10:47:36,KO,47.45,59,ASK
2020-10-30 10:47:41,KO,47.44,5,BID
2020-10-30 10:47:41,KO,47.45,59,ASK
2020-10-30 10:47:41,KO,47.44,23,BID
2020-10-30 10:47:41,KO,47.45,59,ASK
2020-10-30 10:47:42,KO,47.44,19,BID
2020-10-30 10:47:42,KO,47.45,59,ASK
2020-10-30 10:47:43,KO,47.43,37,BID
2020-10-30 10:47:43,KO,47.44,40,ASK
2020-10-30 10:47:44,KO,47.43,21,BID
2020-10-30 10:47:44,KO,47.44,55,ASK
2020-10-30 10:47:45,KO,47.43,24,BID
2020-10-30 10:47:45,KO,47.44,47,ASK
2020-10-30 10:47:46,KO,47.43,13,BID
2020-10-30 10:47:45,KO,47.44,54,ASK
2020-10-30 10:47:47,KO,47.43,16,BID
2020-10-30 10:47:46,KO,47.44,46,ASK
2020-10-30 10:47:48,KO,47.42,24,BID
2020-10-30 10:47:48,KO,47.43,26,ASK
2020-10-30 10:47:49,KO,47.41,18,BID
2020-10-30 10:47:49,KO,47.42,57,ASK
2020-10-30 10:47:50,KO,47.42,13,BID
2020-10-30 10:47:48,KO,47.43,36,ASK
2020-10-30 10:47:51,KO,47.41,20,BID
2020-10-30 10:47:51,KO,47.42,22,ASK
2020-10-30 10:47:52,KO,47.41,15,BID
2020-10-30 10:47:52,KO,47.42,42,ASK
2020-10-30 10:47:52,KO,47.4,32,BID
2020-10-30 10:47:52,KO,47.41,48,ASK
2020-10-30 10:47:52,KO,47.4,33,BID
2020-10-30 10:47:52,KO,47.41,53,ASK
2020-10-30 10:47:54,KO,47.4,31,BID
2020-10-30 10:47:54,KO,47.41,45,ASK
2020-10-30 10:47:55,KO,47.41,44,BID
2020-10-30 10:47:55,KO,47.42,39,ASK
2020-10-30 10:47:56,KO,47.4,35,BID
2020-10-30 10:47:56,KO,47.41,16,ASK
2020-10-30 10:47:57,KO,47.39,16,BID
2020-10-30 10:47:57,KO,47.4,50,ASK
2020-10-30 10:47:58,KO,47.38,33,BID
2020-10-30 10:47:58,KO,47.39,42,ASK
2020-10-30 10:47:58,KO,47.38,22,BID
2020-10-30 10:47:58,KO,47.39,47,ASK
2020-10-30 10:47:59,KO,47.39,57,BID
2020-10-30 10:47:59,KO,47.4,38,ASK
2020-10-30 10:48:00,KO,47.38,21,BID
2020-10-30 10:48:00,KO,47.39,42,ASK
2020-10-30 10:48:00,KO,47.38,15,BID
2020-10-30 10:48:01,KO,47.39,42,ASK
2020-10-30 10:48:01,KO,47.37,11,BID
2020-10-30 10:48:01,KO,47.38,15,ASK
2020-10-30 10:48:02,KO,47.37,18,BID
2020-10-30 10:48:02,KO,47.38,23,ASK
2020-10-30 10:48:03,KO,47.37,32,BID
2020-10-30 10:48:04,KO,47.38,23,ASK
2020-10-30 10:48:05,KO,47.38,20,BID
2020-10-30 10:48:05,KO,47.39,50,ASK
2020-10-30 10:48:05,KO,47.38,31,BID
2020-10-30 10:48:06,KO,47.39,31,ASK
2020-10-30 10:48:05,KO,47.38,43,BID
2020-10-30 10:48:08,KO,47.39,34,ASK
2020-10-30 10:48:08,KO,47.4,29,BID
2020-10-30 10:47:57,KO,47.41,28,ASK
2020-10-30 10:48:09,KO,47.4,25,BID
2020-10-30 10:48:09,KO,47.41,33,ASK
2020-10-30 10:48:10,KO,47.4,19,BID
2020-10-30 10:48:09,KO,47.41,43,ASK
2020-10-30 10:48:12,KO,47.4,10,BID
2020-10-30 10:48:09,KO,47.41,43,ASK
2020-10-30 10:48:13,KO,47.4,26,BID
2020-10-30 10:48:09,KO,47.41,43,ASK
2020-10-30 10:48:14,KO,47.4,43,BID
2020-10-30 10:48:15,KO,47.41,36,ASK
2020-10-30 10:48:14,KO,47.4,43,BID
2020-10-30 10:48:15,KO,47.41,33,ASK
2020-10-30 10:48:14,KO,47.4,32,BID
2020-10-30 10:48:16,KO,47.41,40,ASK
2020-10-30 10:48:18,KO,47.4,43,BID
2020-10-30 10:48:16,KO,47.41,43,ASK
2020-10-30 10:48:19,KO,47.4,45,BID
2020-10-30 10:48:19,KO,47.41,37,ASK
2020-10-30 10:48:19,KO,47.39,59,BID
2020-10-30 10:48:19,KO,47.4,26,ASK
2020-10-30 10:48:21,KO,47.4,15,BID
2020-10-30 10:48:19,KO,47.41,41,ASK
2020-10-30 10:48:22,KO,47.4,9,BID
2020-10-30 10:48:19,KO,47.41,47,ASK
2020-10-30 10:48:23,KO,47.4,28,BID
2020-10-30 10:48:19,KO,47.41,36,ASK
2020-10-30 10:48:24,KO,47.39,53,BID
2020-10-30 10:48:24,KO,47.4,33,ASK
2020-10-30 10:48:26,KO,47.4,8,BID
2020-10-30 10:48:24,KO,47.41,39,ASK
2020-10-30 10:48:26,KO,47.41,10,BID
2020-10-30 10:48:26,KO,47.42,34,ASK
2020-10-30 10:48:26,KO,47.4,27,BID
2020-10-30 10:48:26,KO,47.42,36,ASK
2020-10-30 10:48:26,KO,47.4,27,BID
2020-10-30 10:48:26,KO,47.42,36,ASK
2020-10-30 10:48:31,KO,47.4,34,BID
2020-10-30 10:48:31,KO,47.42,41,ASK
2020-10-30 10:48:33,KO,47.4,44,BID
2020-10-30 10:48:33,KO,47.41,8,ASK
2020-10-30 10:48:34,KO,47.41,1,BID
2020-10-30 10:48:32,KO,47.42,33,ASK
2020-10-30 10:48:36,KO,47.41,42,BID
2020-10-30 10:48:34,KO,47.42,39,ASK
2020-10-30 10:48:36,KO,47.41,30,BID
2020-10-30 10:48:37,KO,47.42,32,ASK
2020-10-30 10:48:36,KO,47.41,33,BID
2020-10-30 10:48:37,KO,47.42,31,ASK
2020-10-30 10:48:41,KO,47.42,20,BID
2020-10-30 10:47:48,KO,47.43,30,ASK
2020-10-30 10:48:43,KO,47.42,18,BID
2020-10-30 10:47:48,KO,47.43,35,ASK
2020-10-30 10:48:43,KO,47.42,18,BID
2020-10-30 10:47:48,KO,47.43,35,ASK
2020-10-30 10:48:44,KO,47.42,16,BID
2020-10-30 10:47:48,KO,47.43,36,ASK
2020-10-30 10:48:46,KO,47.41,28,BID
2020-10-30 10:48:46,KO,47.42,46,ASK
2020-10-30 10:48:47,KO,47.42,24,BID
2020-10-30 10:48:41,KO,47.43,45,ASK
2020-10-30 10:48:48,KO,47.41,37,BID
2020-10-30 10:48:49,KO,47.42,30,ASK
2020-10-30 10:48:48,KO,47.41,43,BID
2020-10-30 10:48:50,KO,47.42,33,ASK
2020-10-30 10:48:48,KO,47.41,43,BID
2020-10-30 10:48:52,KO,47.42,30,ASK
2020-10-30 10:48:53,KO,47.42,29,BID
2020-10-30 10:48:41,KO,47.43,32,ASK
2020-10-30 10:48:55,KO,47.42,40,BID
2020-10-30 10:47:46,KO,47.44,50,ASK
2020-10-30 10:48:55,KO,47.42,23,BID
2020-10-30 10:48:56,KO,47.43,33,ASK
2020-10-30 10:48:48,KO,47.41,32,BID
2020-10-30 10:48:58,KO,47.42,27,ASK
2020-10-30 10:48:48,KO,47.41,35,BID
2020-10-30 10:48:58,KO,47.42,36,ASK
2020-10-30 10:48:59,KO,47.41,29,BID
2020-10-30 10:48:59,KO,47.42,48,ASK
2020-10-30 10:49:00,KO,47.41,39,BID
2020-10-30 10:48:59,KO,47.42,44,ASK
2020-10-30 10:49:00,KO,47.41,39,BID
2020-10-30 10:48:59,KO,47.42,44,ASK
2020-10-30 10:49:00,KO,47.41,39,BID
2020-10-30 10:48:59,KO,47.42,44,ASK
2020-10-30 10:49:00,KO,47.41,39,BID
2020-10-30 10:48:59,KO,47.42,44,ASK
2020-10-30 10:49:00,KO,47.41,39,BID
2020-10-30 10:48:59,KO,47.42,44,ASK
2020-10-30 10:49:00,KO,47.41,39,BID
2020-10-30 10:48:59,KO,47.42,44,ASK
2020-10-30 10:49:00,KO,47.41,39,BID
2020-10-30 10:48:59,KO,47.42,44,ASK
2020-10-30 10:49:00,KO,47.41,39,BID
2020-10-30 10:48:59,KO,47.42,44,ASK
2020-10-30 10:49:00,KO,47.41,39,BID
2020-10-30 10:48:59,KO,47.42,44,ASK
2020-10-30 10:49:00,KO,47.41,39,BID
2020-10-30 10:48:59,KO,47.42,44,ASK
2020-10-30 10:49:00,KO,47.41,39,BID
2020-10-30 10:48:59,KO,47.42,44,ASK
2020-10-30 10:49:00,KO,47.41,39,BID
2020-10-30 10:48:59,KO,47.42,44,ASK
2020-10-30 10:49:00,KO,47.41,39,BID
2020-10-30 10:48:59,KO,47.42,44,ASK
2020-10-30 10:49:00,KO,47.41,39,BID
2020-10-30 10:48:59,KO,47.42,44,ASK
2020-10-30 10:49:00,KO,47.41,39,BID
2020-10-30 10:48:59,KO,47.42,44,ASK
2020-10-30 10:49:00,KO,47.41,39,BID
2020-10-30 10:48:59,KO,47.42,44,ASK
2020-10-30 10:49:00,KO,47.41,39,BID
2020-10-30 10:48:59,KO,47.42,44,ASK
2020-10-30 10:49:00,KO,47.41,39,BID
2020-10-30 10:48:59,KO,47.42,44,ASK
2020-10-30 10:49:00,KO,47.41,39,BID
2020-10-30 10:48:59,KO,47.42,44,ASK
2020-10-30 10:49:00,KO,47.41,39,BID
2020-10-30 10:48:59,KO,47.42,44,ASK
2020-10-30 10:49:00,KO,47.41,39,BID
2020-10-30 10:48:59,KO,47.42,44,ASK
2020-10-30 10:49:00,KO,47.41,39,BID
2020-10-30 10:48:59,KO,47.42,44,ASK
2020-10-30 10:49:00,KO,47.41,39,BID
2020-10-30 10:48:59,KO,47.42,44,ASK
2020-10-30 10:49:00,KO,47.41,39,BID
2020-10-30 10:48:59,KO,47.42,44,ASK
2020-10-30 10:49:00,KO,47.41,39,BID
2020-10-30 10:48:59,KO,47.42,44,ASK
2020-10-30 10:49:00,KO,47.41,39,BID
2020-10-30 10:48:59,KO,47.42,44,ASK
2020-10-30 10:49:00,KO,47.41,39,BID
2020-10-30 10:48:59,KO,47.42,44,ASK
2020-10-30 10:49:08,KO,47.43,35,BID
2020-10-30 10:49:08,KO,47.44,36,ASK
2020-10-30 10:49:09,KO,47.45,3,BID
2020-10-30 10:47:35,KO,47.46,60,ASK
2020-10-30 10:49:11,KO,47.45,42,BID
2020-10-30 10:49:11,KO,47.46,49,ASK
2020-10-30 10:49:12,KO,47.46,24,BID
2020-10-30 10:49:12,KO,47.47,37,ASK
2020-10-30 10:49:13,KO,47.45,37,BID
2020-10-30 10:49:13,KO,47.46,38,ASK
2020-10-30 10:49:14,KO,47.45,18,BID
2020-10-30 10:49:14,KO,47.46,41,ASK
2020-10-30 10:49:09,KO,47.44,46,BID
2020-10-30 10:49:15,KO,47.45,28,ASK
2020-10-30 10:49:09,KO,47.44,43,BID
2020-10-30 10:49:16,KO,47.45,24,ASK
2020-10-30 10:49:16,KO,47.44,20,BID
2020-10-30 10:49:17,KO,47.45,37,ASK
2020-10-30 10:49:08,KO,47.43,37,BID
2020-10-30 10:49:17,KO,47.44,4,ASK
2020-10-30 10:49:19,KO,47.43,20,BID
2020-10-30 10:49:19,KO,47.44,31,ASK
2020-10-30 10:49:19,KO,47.43,37,BID
2020-10-30 10:49:19,KO,47.44,29,ASK
2020-10-30 10:49:19,KO,47.43,37,BID
2020-10-30 10:49:21,KO,47.44,30,ASK
2020-10-30 10:49:19,KO,47.43,40,BID
2020-10-30 10:49:22,KO,47.44,36,ASK
2020-10-30 10:49:24,KO,47.42,24,BID
2020-10-30 10:49:24,KO,47.43,42,ASK
2020-10-30 10:49:26,KO,47.43,41,BID
2020-10-30 10:49:22,KO,47.44,34,ASK
2020-10-30 10:49:27,KO,47.44,15,BID
2020-10-30 10:49:27,KO,47.45,38,ASK
2020-10-30 10:49:29,KO,47.44,25,BID
2020-10-30 10:49:29,KO,47.45,38,ASK
2020-10-30 10:49:31,KO,47.45,28,BID
2020-10-30 10:49:30,KO,47.46,36,ASK
2020-10-30 10:49:31,KO,47.45,39,BID
2020-10-30 10:49:31,KO,47.46,2,ASK
2020-10-30 10:49:31,KO,47.45,39,BID
2020-10-30 10:49:31,KO,47.46,2,ASK
2020-10-30 10:49:31,KO,47.45,39,BID
2020-10-30 10:49:31,KO,47.46,2,ASK
2020-10-30 10:49:32,KO,47.45,39,BID
2020-10-30 10:49:31,KO,47.46,2,ASK
2020-10-30 10:49:32,KO,47.45,39,BID
2020-10-30 10:49:32,KO,47.46,2,ASK
2020-10-30 10:49:32,KO,47.45,35,BID
2020-10-30 10:49:32,KO,47.46,5,ASK
2020-10-30 10:49:32,KO,47.45,35,BID
2020-10-30 10:49:32,KO,47.46,5,ASK
2020-10-30 10:49:37,KO,47.45,32,BID
2020-10-30 10:49:37,KO,47.46,13,ASK
2020-10-30 10:49:37,KO,47.45,12,BID
2020-10-30 10:49:37,KO,47.46,46,ASK
2020-10-30 10:49:38,KO,47.43,40,BID
2020-10-30 10:49:38,KO,47.44,7,ASK
2020-10-30 10:49:38,KO,47.44,32,BID
2020-10-30 10:49:37,KO,47.45,90,ASK
2020-10-30 10:49:38,KO,47.43,35,BID
2020-10-30 10:49:39,KO,47.44,15,ASK
2020-10-30 10:49:32,KO,47.42,55,BID
2020-10-30 10:49:40,KO,47.44,33,ASK
2020-10-30 10:49:41,KO,47.42,48,BID
2020-10-30 10:49:41,KO,47.43,36,ASK
2020-10-30 10:49:44,KO,47.43,32,BID
2020-10-30 10:49:44,KO,47.44,37,ASK
2020-10-30 10:49:46,KO,47.43,39,BID
2020-10-30 10:49:45,KO,47.44,30,ASK
2020-10-30 10:49:48,KO,47.43,28,BID
2020-10-30 10:49:48,KO,47.44,17,ASK
2020-10-30 10:49:49,KO,47.44,47,BID
2020-10-30 10:49:37,KO,47.45,61,ASK
2020-10-30 10:49:49,KO,47.45,37,BID
2020-10-30 10:49:37,KO,47.46,54,ASK
2020-10-30 10:49:50,KO,47.45,31,BID
2020-10-30 10:49:37,KO,47.46,55,ASK
2020-10-30 10:49:50,KO,47.45,31,BID
2020-10-30 10:49:37,KO,47.46,53,ASK
2020-10-30 10:49:53,KO,47.44,32,BID
2020-10-30 10:49:53,KO,47.45,54,ASK
2020-10-30 10:49:54,KO,47.44,10,BID
2020-10-30 10:49:53,KO,47.45,55,ASK
2020-10-30 10:49:56,KO,47.43,53,BID
2020-10-30 10:49:56,KO,47.44,37,ASK
2020-10-30 10:49:58,KO,47.43,37,BID
2020-10-30 10:49:58,KO,47.44,41,ASK
2020-10-30 10:49:58,KO,47.42,33,BID
2020-10-30 10:49:59,KO,47.43,41,ASK
2020-10-30 10:50:00,KO,47.42,33,BID
2020-10-30 10:50:00,KO,47.43,43,ASK
2020-10-30 10:50:01,KO,47.43,44,BID
2020-10-30 10:50:01,KO,47.44,49,ASK
2020-10-30 10:50:01,KO,47.44,22,BID
2020-10-30 10:50:02,KO,47.45,43,ASK
2020-10-30 10:50:02,KO,47.43,38,BID
2020-10-30 10:50:02,KO,47.44,37,ASK
2020-10-30 10:50:03,KO,47.43,36,BID
2020-10-30 10:50:03,KO,47.44,50,ASK
2020-10-30 10:50:00,KO,47.42,29,BID
2020-10-30 10:50:04,KO,47.43,36,ASK
2020-10-30 10:50:04,KO,47.4,53,BID
2020-10-30 10:50:04,KO,47.41,27,ASK
2020-10-30 10:50:05,KO,47.41,34,BID
2020-10-30 10:50:05,KO,47.42,35,ASK
2020-10-30 10:50:07,KO,47.41,18,BID
2020-10-30 10:50:05,KO,47.42,44,ASK
2020-10-30 10:50:04,KO,47.4,53,BID
2020-10-30 10:50:05,KO,47.42,45,ASK
2020-10-30 10:50:04,KO,47.4,54,BID
2020-10-30 10:50:08,KO,47.41,8,ASK
2020-10-30 10:50:08,KO,47.41,31,BID
2020-10-30 10:50:05,KO,47.42,40,ASK
2020-10-30 10:50:09,KO,47.42,8,BID
2020-10-30 10:50:04,KO,47.43,49,ASK
2020-10-30 10:50:09,KO,47.41,32,BID
2020-10-30 10:50:04,KO,47.43,46,ASK
2020-10-30 10:50:11,KO,47.42,7,BID
2020-10-30 10:50:04,KO,47.43,47,ASK
2020-10-30 10:50:13,KO,47.42,14,BID
2020-10-30 10:50:04,KO,47.43,46,ASK
2020-10-30 10:50:14,KO,47.42,22,BID
2020-10-30 10:50:04,KO,47.43,46,ASK
2020-10-30 10:50:14,KO,47.43,36,BID
2020-10-30 10:50:14,KO,47.44,44,ASK
2020-10-30 10:50:15,KO,47.43,23,BID
2020-10-30 10:50:14,KO,47.44,44,ASK
2020-10-30 10:50:16,KO,47.43,28,BID
2020-10-30 10:50:14,KO,47.44,36,ASK
2020-10-30 10:50:17,KO,47.43,36,BID
2020-10-30 10:50:17,KO,47.44,33,ASK
2020-10-30 10:50:19,KO,47.43,9,BID
2020-10-30 10:50:17,KO,47.44,44,ASK
2020-10-30 10:50:14,KO,47.42,36,BID
2020-10-30 10:50:21,KO,47.43,18,ASK
2020-10-30 10:50:14,KO,47.42,37,BID
2020-10-30 10:50:17,KO,47.44,36,ASK
2020-10-30 10:50:24,KO,47.42,6,BID
2020-10-30 10:50:23,KO,47.43,59,ASK
2020-10-30 10:50:24,KO,47.42,28,BID
2020-10-30 10:50:25,KO,47.43,33,ASK
2020-10-30 10:50:09,KO,47.41,37,BID
2020-10-30 10:50:26,KO,47.42,34,ASK
2020-10-30 10:50:09,KO,47.41,26,BID
2020-10-30 10:50:27,KO,47.42,32,ASK
2020-10-30 10:50:09,KO,47.41,37,BID
2020-10-30 10:50:27,KO,47.42,22,ASK
2020-10-30 10:50:04,KO,47.4,47,BID
2020-10-30 10:50:29,KO,47.41,37,ASK
2020-10-30 10:50:31,KO,47.41,32,BID
2020-10-30 10:50:27,KO,47.42,36,ASK
2020-10-30 10:50:33,KO,47.41,33,BID
2020-10-30 10:50:32,KO,47.42,38,ASK
2020-10-30 10:50:33,KO,47.42,28,BID
2020-10-30 10:50:33,KO,47.43,38,ASK
2020-10-30 10:50:33,KO,47.42,20,BID
2020-10-30 10:50:34,KO,47.43,37,ASK
2020-10-30 10:50:34,KO,47.43,46,BID
2020-10-30 10:50:35,KO,47.44,16,ASK
2020-10-30 10:50:36,KO,47.43,37,BID
2020-10-30 10:50:35,KO,47.44,46,ASK
2020-10-30 10:50:36,KO,47.43,39,BID
2020-10-30 10:50:35,KO,47.44,40,ASK
2020-10-30 10:50:33,KO,47.42,51,BID
2020-10-30 10:50:38,KO,47.43,39,ASK
2020-10-30 10:50:40,KO,47.42,34,BID
2020-10-30 10:50:39,KO,47.43,24,ASK
2020-10-30 10:50:41,KO,47.42,39,BID
2020-10-30 10:50:41,KO,47.43,24,ASK
2020-10-30 10:50:42,KO,47.42,34,BID
2020-10-30 10:50:43,KO,47.44,43,ASK
2020-10-30 10:50:44,KO,47.42,33,BID
2020-10-30 10:50:44,KO,47.44,43,ASK
2020-10-30 10:50:44,KO,47.42,31,BID
2020-10-30 10:50:45,KO,47.44,43,ASK
2020-10-30 10:50:44,KO,47.42,31,BID
2020-10-30 10:50:46,KO,47.44,42,ASK
2020-10-30 10:50:49,KO,47.42,35,BID
2020-10-30 10:50:48,KO,47.44,42,ASK
2020-10-30 10:50:49,KO,47.42,37,BID
2020-10-30 10:50:50,KO,47.43,2,ASK
2020-10-30 10:50:32,KO,47.41,33,BID
2020-10-30 10:50:53,KO,47.42,32,ASK
2020-10-30 10:50:53,KO,47.4,39,BID
2020-10-30 10:50:53,KO,47.41,39,ASK
2020-10-30 10:50:56,KO,47.41,21,BID
2020-10-30 10:50:55,KO,47.42,33,ASK
2020-10-30 10:50:57,KO,47.42,31,BID
2020-10-30 10:50:52,KO,47.43,37,ASK
2020-10-30 10:50:57,KO,47.42,32,BID
2020-10-30 10:50:52,KO,47.43,34,ASK
2020-10-30 10:50:57,KO,47.42,37,BID
2020-10-30 10:50:58,KO,47.43,28,ASK
2020-10-30 10:50:59,KO,47.43,27,BID
2020-10-30 10:50:59,KO,47.44,41,ASK
2020-10-30 10:50:59,KO,47.43,35,BID
2020-10-30 10:51:00,KO,47.44,35,ASK
2020-10-30 10:51:00,KO,47.43,29,BID
2020-10-30 10:51:00,KO,47.44,30,ASK
2020-10-30 10:51:00,KO,47.43,34,BID
2020-10-30 10:51:02,KO,47.44,26,ASK
2020-10-30 10:51:03,KO,47.44,33,BID
2020-10-30 10:50:02,KO,47.45,62,ASK
2020-10-30 10:51:03,KO,47.44,21,BID
2020-10-30 10:51:03,KO,47.45,34,ASK
2020-10-30 10:51:03,KO,47.44,36,BID
2020-10-30 10:51:04,KO,47.45,33,ASK
2020-10-30 10:51:03,KO,47.44,38,BID
2020-10-30 10:51:04,KO,47.45,33,ASK
2020-10-30 10:51:05,KO,47.45,32,BID
2020-10-30 10:51:05,KO,47.46,41,ASK
2020-10-30 10:51:06,KO,47.44,39,BID
2020-10-30 10:51:06,KO,47.45,35,ASK
2020-10-30 10:51:07,KO,47.44,34,BID
2020-10-30 10:51:06,KO,47.45,50,ASK
2020-10-30 10:51:07,KO,47.44,29,BID
2020-10-30 10:51:06,KO,47.45,45,ASK
2020-10-30 10:51:07,KO,47.44,12,BID
2020-10-30 10:51:06,KO,47.45,49,ASK
2020-10-30 10:51:07,KO,47.44,12,BID
2020-10-30 10:51:06,KO,47.45,48,ASK
2020-10-30 10:51:07,KO,47.44,18,BID
2020-10-30 10:51:06,KO,47.45,46,ASK
2020-10-30 10:51:07,KO,47.44,17,BID
2020-10-30 10:51:06,KO,47.45,45,ASK
2020-10-30 10:51:07,KO,47.44,17,BID
2020-10-30 10:51:06,KO,47.45,41,ASK
2020-10-30 10:51:07,KO,47.44,39,BID
2020-10-30 10:51:19,KO,47.45,38,ASK
2020-10-30 10:51:19,KO,47.45,35,BID
2020-10-30 10:51:19,KO,47.46,40,ASK
2020-10-30 10:51:20,KO,47.47,37,BID
2020-10-30 10:51:19,KO,47.48,55,ASK
2020-10-30 10:51:20,KO,47.48,57,BID
2020-10-30 10:49:32,KO,47.5,55,ASK
2020-10-30 10:51:20,KO,47.48,59,BID
2020-10-30 10:51:20,KO,47.49,8,ASK
2020-10-30 10:51:20,KO,47.48,62,BID
2020-10-30 10:51:20,KO,47.49,6,ASK
2020-10-30 10:51:21,KO,47.48,59,BID
2020-10-30 10:51:20,KO,47.49,9,ASK
2020-10-30 10:51:22,KO,47.48,46,BID
2020-10-30 10:51:21,KO,47.49,25,ASK
2020-10-30 10:51:22,KO,47.48,43,BID
2020-10-30 10:49:32,KO,47.5,55,ASK
2020-10-30 10:51:23,KO,47.48,40,BID
2020-10-30 10:51:23,KO,47.49,23,ASK
2020-10-30 10:51:23,KO,47.48,40,BID
2020-10-30 10:51:23,KO,47.49,23,ASK
2020-10-30 10:51:23,KO,47.48,40,BID
2020-10-30 10:51:23,KO,47.49,23,ASK
2020-10-30 10:51:23,KO,47.48,40,BID
2020-10-30 10:51:23,KO,47.49,23,ASK
2020-10-30 10:51:23,KO,47.48,40,BID
2020-10-30 10:51:23,KO,47.49,23,ASK
2020-10-30 10:51:23,KO,47.48,40,BID
2020-10-30 10:51:23,KO,47.49,23,ASK
2020-10-30 10:51:23,KO,47.48,40,BID
2020-10-30 10:51:23,KO,47.49,23,ASK
2020-10-30 10:51:23,KO,47.48,40,BID
2020-10-30 10:51:23,KO,47.49,23,ASK
2020-10-30 10:51:23,KO,47.48,40,BID
2020-10-30 10:51:23,KO,47.49,23,ASK
2020-10-30 10:51:23,KO,47.48,40,BID
2020-10-30 10:51:23,KO,47.49,23,ASK
2020-10-30 10:51:23,KO,47.48,40,BID
2020-10-30 10:51:23,KO,47.49,23,ASK
2020-10-30 10:51:23,KO,47.48,40,BID
2020-10-30 10:51:23,KO,47.49,23,ASK
2020-10-30 10:51:23,KO,47.48,40,BID
2020-10-30 10:51:23,KO,47.49,23,ASK
2020-10-30 10:51:23,KO,47.48,40,BID
2020-10-30 10:51:23,KO,47.49,23,ASK
2020-10-30 10:51:23,KO,47.48,40,BID
2020-10-30 10:51:23,KO,47.49,23,ASK
2020-10-30 10:51:23,KO,47.48,40,BID
2020-10-30 10:51:23,KO,47.49,23,ASK
2020-10-30 10:51:23,KO,47.48,40,BID
2020-10-30 10:51:23,KO,47.49,23,ASK
2020-10-30 10:51:23,KO,47.48,40,BID
2020-10-30 10:51:23,KO,47.49,23,ASK
2020-10-30 10:51:23,KO,47.48,40,BID
2020-10-30 10:51:23,KO,47.49,23,ASK
2020-10-30 10:51:23,KO,47.48,40,BID
2020-10-30 10:51:23,KO,47.49,23,ASK
2020-10-30 10:51:21,KO,47.48,40,BID
2020-10-30 10:51:23,KO,47.49,23,ASK
2020-10-30 10:51:21,KO,47.48,40,BID
2020-10-30 10:51:23,KO,47.49,23,ASK
2020-10-30 10:51:21,KO,47.48,40,BID
2020-10-30 10:51:23,KO,47.49,23,ASK
2020-10-30 10:51:21,KO,47.48,40,BID
2020-10-30 10:51:23,KO,47.49,23,ASK
2020-10-30 10:51:21,KO,47.48,40,BID
2020-10-30 10:51:23,KO,47.49,23,ASK
2020-10-30 10:51:21,KO,47.48,40,BID
2020-10-30 10:51:23,KO,47.49,23,ASK
2020-10-30 10:51:21,KO,47.48,40,BID
2020-10-30 10:51:23,KO,47.49,23,ASK
2020-10-30 10:51:33,KO,47.52,21,BID
2020-10-30 10:51:33,KO,47.53,30,ASK
2020-10-30 10:51:35,KO,47.53,20,BID
2020-10-30 10:51:36,KO,47.54,38,ASK
2020-10-30 10:51:37,KO,47.52,33,BID
2020-10-30 10:51:37,KO,47.53,34,ASK
2020-10-30 10:51:37,KO,47.52,32,BID
2020-10-30 10:51:37,KO,47.53,34,ASK
2020-10-30 10:51:40,KO,47.53,51,BID
2020-10-30 10:51:40,KO,47.54,34,ASK
2020-10-30 10:51:41,KO,47.53,45,BID
2020-10-30 10:51:41,KO,47.54,33,ASK
2020-10-30 10:51:42,KO,47.53,52,BID
2020-10-30 10:51:42,KO,47.54,28,ASK
2020-10-30 10:51:43,KO,47.54,52,BID
2020-10-30 10:51:43,KO,47.55,35,ASK
2020-10-30 10:51:43,KO,47.54,46,BID
2020-10-30 10:51:43,KO,47.55,28,ASK
2020-10-30 10:51:45,KO,47.54,45,BID
2020-10-30 10:51:43,KO,47.55,29,ASK
2020-10-30 10:51:45,KO,47.55,15,BID
