timestamp,ticker,price,volume,bid_ask
2020-10-30 10:31:27,MCD,212.4,1,BID
2020-10-30 10:31:27,MCD,212.53,1,ASK
2020-10-30 10:31:27,MCD,212.41,2,BID
2020-10-30 10:31:27,MCD,212.52,1,ASK
2020-10-30 10:31:27,MCD,212.41,2,BID
2020-10-30 10:31:27,MCD,212.52,1,ASK
2020-10-30 10:31:30,MCD,212.41,2,BID
2020-10-30 10:31:29,MCD,212.52,2,ASK
2020-10-30 10:31:30,MCD,212.41,2,BID
2020-10-30 10:31:29,MCD,212.52,2,ASK
2020-10-30 10:31:31,MCD,212.41,3,BID
2020-10-30 10:31:29,MCD,212.52,2,ASK
2020-10-30 10:31:31,MCD,212.41,3,BID
2020-10-30 10:31:29,MCD,212.52,2,ASK
2020-10-30 10:31:31,MCD,212.41,3,BID
2020-10-30 10:31:29,MCD,212.52,2,ASK
2020-10-30 10:31:33,MCD,212.41,4,BID
2020-10-30 10:31:29,MCD,212.52,2,ASK
2020-10-30 10:31:33,MCD,212.41,4,BID
2020-10-30 10:31:29,MCD,212.52,2,ASK
2020-10-30 10:31:33,MCD,212.41,4,BID
2020-10-30 10:31:29,MCD,212.52,2,ASK
2020-10-30 10:31:33,MCD,212.41,4,BID
2020-10-30 10:31:29,MCD,212.52,2,ASK
2020-10-30 10:31:33,MCD,212.41,4,BID
2020-10-30 10:31:29,MCD,212.52,2,ASK
2020-10-30 10:31:33,MCD,212.41,4,BID
2020-10-30 10:31:29,MCD,212.52,2,ASK
2020-10-30 10:31:33,MCD,212.41,4,BID
2020-10-30 10:31:29,MCD,212.52,2,ASK
2020-10-30 10:31:33,MCD,212.41,4,BID
2020-10-30 10:31:29,MCD,212.52,2,ASK
2020-10-30 10:31:33,MCD,212.41,4,BID
2020-10-30 10:31:29,MCD,212.52,2,ASK
2020-10-30 10:31:33,MCD,212.41,4,BID
2020-10-30 10:31:29,MCD,212.52,2,ASK
2020-10-30 10:31:33,MCD,212.41,4,BID
2020-10-30 10:31:29,MCD,212.52,2,ASK
2020-10-30 10:31:33,MCD,212.41,4,BID
2020-10-30 10:31:29,MCD,212.52,2,ASK
2020-10-30 10:31:33,MCD,212.41,4,BID
2020-10-30 10:31:29,MCD,212.52,2,ASK
2020-10-30 10:31:33,MCD,212.41,4,BID
2020-10-30 10:31:29,MCD,212.52,2,ASK
2020-10-30 10:31:33,MCD,212.41,4,BID
2020-10-30 10:31:29,MCD,212.52,2,ASK
2020-10-30 10:31:33,MCD,212.41,4,BID
2020-10-30 10:31:29,MCD,212.52,2,ASK
2020-10-30 10:31:50,MCD,212.41,4,BID
2020-10-30 10:31:50,MCD,212.52,3,ASK
2020-10-30 10:31:50,MCD,212.41,4,BID
2020-10-30 10:31:50,MCD,212.52,3,ASK
2020-10-30 10:31:50,MCD,212.41,4,BID
2020-10-30 10:31:50,MCD,212.52,3,ASK
2020-10-30 10:31:53,MCD,212.41,4,BID
2020-10-30 10:31:50,MCD,212.52,3,ASK
2020-10-30 10:31:53,MCD,212.41,4,BID
2020-10-30 10:31:50,MCD,212.52,3,ASK
2020-10-30 10:31:53,MCD,212.41,4,BID
2020-10-30 10:31:50,MCD,212.52,3,ASK
2020-10-30 10:31:53,MCD,212.41,4,BID
2020-10-30 10:31:50,MCD,212.52,3,ASK
2020-10-30 10:31:53,MCD,212.41,4,BID
2020-10-30 10:31:50,MCD,212.52,3,ASK
2020-10-30 10:31:53,MCD,212.41,4,BID
2020-10-30 10:31:50,MCD,212.52,3,ASK
2020-10-30 10:32:00,MCD,212.41,4,BID
2020-10-30 10:31:50,MCD,212.52,3,ASK
2020-10-30 10:32:00,MCD,212.35,1,BID
2020-10-30 10:32:00,MCD,212.46,1,ASK
2020-10-30 10:32:00,MCD,212.28,4,BID
2020-10-30 10:32:00,MCD,212.41,1,ASK
2020-10-30 10:32:00,MCD,212.28,4,BID
2020-10-30 10:32:00,MCD,212.41,2,ASK
2020-10-30 10:32:01,MCD,212.18,1,BID
2020-10-30 10:32:01,MCD,212.35,1,ASK
2020-10-30 10:32:01,MCD,212.14,3,BID
2020-10-30 10:32:02,MCD,212.35,1,ASK
2020-10-30 10:32:02,MCD,212.15,2,BID
2020-10-30 10:32:02,MCD,212.35,1,ASK
2020-10-30 10:32:03,MCD,212.13,1,BID
2020-10-30 10:32:03,MCD,212.29,1,ASK
2020-10-30 10:32:04,MCD,212.04,1,BID
2020-10-30 10:32:04,MCD,212.16,2,ASK
2020-10-30 10:32:04,MCD,212.04,1,BID
2020-10-30 10:32:04,MCD,212.16,2,ASK
2020-10-30 10:32:04,MCD,212.04,1,BID
2020-10-30 10:32:04,MCD,212.16,2,ASK
2020-10-30 10:32:07,MCD,212.06,2,BID
2020-10-30 10:32:07,MCD,212.14,2,ASK
2020-10-30 10:32:07,MCD,212.07,3,BID
2020-10-30 10:32:07,MCD,212.34,6,ASK
2020-10-30 10:32:09,MCD,212.07,3,BID
2020-10-30 10:32:07,MCD,212.34,8,ASK
2020-10-30 10:32:09,MCD,212.07,3,BID
2020-10-30 10:32:07,MCD,212.34,9,ASK
2020-10-30 10:32:10,MCD,212.08,1,BID
2020-10-30 10:32:07,MCD,212.34,9,ASK
2020-10-30 10:32:11,MCD,212.08,2,BID
2020-10-30 10:32:07,MCD,212.34,9,ASK
2020-10-30 10:32:12,MCD,212.08,2,BID
2020-10-30 10:32:07,MCD,212.34,9,ASK
2020-10-30 10:32:13,MCD,212.08,2,BID
2020-10-30 10:32:07,MCD,212.34,8,ASK
2020-10-30 10:32:14,MCD,212.08,2,BID
2020-10-30 10:32:07,MCD,212.34,8,ASK
2020-10-30 10:32:15,MCD,212.08,2,BID
2020-10-30 10:32:07,MCD,212.34,8,ASK
2020-10-30 10:32:16,MCD,212.08,2,BID
2020-10-30 10:32:07,MCD,212.34,8,ASK
2020-10-30 10:32:19,MCD,212.09,2,BID
2020-10-30 10:32:07,MCD,212.34,8,ASK
2020-10-30 10:32:19,MCD,212.0,1,BID
2020-10-30 10:32:19,MCD,212.22,3,ASK
2020-10-30 10:32:20,MCD,212.0,1,BID
2020-10-30 10:32:19,MCD,212.17,3,ASK
2020-10-30 10:32:20,MCD,212.0,1,BID
2020-10-30 10:32:19,MCD,212.17,3,ASK
2020-10-30 10:32:20,MCD,212.0,1,BID
2020-10-30 10:32:19,MCD,212.17,3,ASK
2020-10-30 10:32:21,MCD,212.01,1,BID
2020-10-30 10:32:21,MCD,212.17,3,ASK
2020-10-30 10:32:21,MCD,212.01,1,BID
2020-10-30 10:32:21,MCD,212.17,4,ASK
2020-10-30 10:32:22,MCD,212.06,1,BID
2020-10-30 10:32:22,MCD,212.12,2,ASK
2020-10-30 10:32:23,MCD,212.06,1,BID
2020-10-30 10:32:23,MCD,212.12,2,ASK
2020-10-30 10:32:23,MCD,212.05,2,BID
2020-10-30 10:32:23,MCD,212.23,1,ASK
2020-10-30 10:30:04,MCD,211.93,3,BID
2020-10-30 10:32:24,MCD,212.04,1,ASK
2020-10-30 10:32:24,MCD,211.93,5,BID
2020-10-30 10:32:24,MCD,212.04,1,ASK
2020-10-30 10:32:24,MCD,211.93,5,BID
2020-10-30 10:32:24,MCD,212.04,1,ASK
2020-10-30 10:32:24,MCD,211.93,5,BID
2020-10-30 10:32:24,MCD,212.04,1,ASK
2020-10-30 10:32:24,MCD,211.93,5,BID
2020-10-30 10:32:25,MCD,212.04,2,ASK
2020-10-30 10:32:26,MCD,211.79,2,BID
2020-10-30 10:32:26,MCD,212.01,3,ASK
2020-10-30 10:32:26,MCD,211.77,1,BID
2020-10-30 10:32:26,MCD,211.92,1,ASK
2020-10-30 10:32:27,MCD,211.81,2,BID
2020-10-30 10:32:27,MCD,211.92,1,ASK
2020-10-30 10:32:27,MCD,211.81,2,BID
2020-10-30 10:32:27,MCD,211.95,2,ASK
2020-10-30 10:32:27,MCD,211.81,3,BID
2020-10-30 10:32:27,MCD,211.92,1,ASK
2020-10-30 10:32:28,MCD,211.83,6,BID
2020-10-30 10:32:28,MCD,212.08,7,ASK
2020-10-30 10:32:28,MCD,211.83,6,BID
2020-10-30 10:32:28,MCD,212.08,7,ASK
2020-10-30 10:32:31,MCD,211.83,7,BID
2020-10-30 10:32:31,MCD,212.17,1,ASK
2020-10-30 10:32:31,MCD,211.83,7,BID
2020-10-30 10:32:31,MCD,212.18,5,ASK
2020-10-30 10:32:31,MCD,211.83,7,BID
2020-10-30 10:32:31,MCD,212.18,5,ASK
2020-10-30 10:32:31,MCD,211.83,7,BID
2020-10-30 10:32:31,MCD,212.18,5,ASK
2020-10-30 10:32:32,MCD,211.83,7,BID
2020-10-30 10:32:32,MCD,212.18,10,ASK
2020-10-30 10:32:32,MCD,211.83,7,BID
2020-10-30 10:32:32,MCD,212.18,10,ASK
2020-10-30 10:32:32,MCD,211.83,7,BID
2020-10-30 10:32:32,MCD,212.18,10,ASK
2020-10-30 10:32:34,MCD,211.83,7,BID
2020-10-30 10:32:32,MCD,212.18,10,ASK
2020-10-30 10:32:36,MCD,211.83,6,BID
2020-10-30 10:32:36,MCD,212.16,8,ASK
2020-10-30 10:32:36,MCD,211.83,6,BID
2020-10-30 10:32:36,MCD,212.16,8,ASK
2020-10-30 10:32:36,MCD,211.83,6,BID
2020-10-30 10:32:36,MCD,212.16,8,ASK
2020-10-30 10:32:36,MCD,211.83,6,BID
2020-10-30 10:32:36,MCD,212.16,8,ASK
2020-10-30 10:32:36,MCD,211.83,6,BID
2020-10-30 10:32:36,MCD,212.16,8,ASK
2020-10-30 10:32:40,MCD,211.83,6,BID
2020-10-30 10:32:40,MCD,212.16,13,ASK
2020-10-30 10:32:42,MCD,211.83,6,BID
2020-10-30 10:32:42,MCD,212.15,8,ASK
2020-10-30 10:32:42,MCD,211.83,6,BID
2020-10-30 10:32:42,MCD,212.15,7,ASK
2020-10-30 10:32:44,MCD,211.84,1,BID
2020-10-30 10:32:44,MCD,212.15,11,ASK
2020-10-30 10:32:44,MCD,211.84,2,BID
2020-10-30 10:32:44,MCD,212.15,11,ASK
2020-10-30 10:32:45,MCD,211.84,2,BID
2020-10-30 10:32:44,MCD,212.15,11,ASK
2020-10-30 10:32:45,MCD,211.85,2,BID
2020-10-30 10:32:45,MCD,212.15,11,ASK
2020-10-30 10:32:46,MCD,211.85,2,BID
2020-10-30 10:32:45,MCD,212.15,12,ASK
2020-10-30 10:32:47,MCD,211.85,5,BID
2020-10-30 10:32:47,MCD,212.01,2,ASK
2020-10-30 10:32:48,MCD,211.85,6,BID
2020-10-30 10:32:48,MCD,212.01,2,ASK
2020-10-30 10:32:48,MCD,211.85,6,BID
2020-10-30 10:32:48,MCD,212.01,2,ASK
2020-10-30 10:32:51,MCD,211.85,7,BID
2020-10-30 10:32:51,MCD,212.01,2,ASK
2020-10-30 10:32:53,MCD,211.87,3,BID
2020-10-30 10:32:53,MCD,212.01,2,ASK
2020-10-30 10:32:55,MCD,211.88,2,BID
2020-10-30 10:32:55,MCD,212.01,2,ASK
2020-10-30 10:32:55,MCD,211.88,2,BID
2020-10-30 10:32:55,MCD,212.01,2,ASK
2020-10-30 10:32:55,MCD,211.88,2,BID
2020-10-30 10:32:55,MCD,212.01,2,ASK
2020-10-30 10:32:55,MCD,211.88,2,BID
2020-10-30 10:32:55,MCD,212.01,2,ASK
2020-10-30 10:32:58,MCD,211.95,3,BID
2020-10-30 10:32:58,MCD,212.15,1,ASK
2020-10-30 10:32:59,MCD,211.98,2,BID
2020-10-30 10:32:59,MCD,212.15,3,ASK
2020-10-30 10:33:00,MCD,211.98,3,BID
2020-10-30 10:32:59,MCD,212.15,3,ASK
2020-10-30 10:33:01,MCD,212.0,2,BID
2020-10-30 10:33:01,MCD,212.15,4,ASK
2020-10-30 10:33:02,MCD,212.03,2,BID
2020-10-30 10:33:02,MCD,212.18,7,ASK
2020-10-30 10:33:02,MCD,212.03,4,BID
2020-10-30 10:33:02,MCD,212.18,7,ASK
2020-10-30 10:33:03,MCD,212.03,4,BID
2020-10-30 10:33:02,MCD,212.18,4,ASK
2020-10-30 10:33:04,MCD,212.06,2,BID
2020-10-30 10:33:04,MCD,212.18,2,ASK
2020-10-30 10:33:05,MCD,212.07,2,BID
2020-10-30 10:33:05,MCD,212.18,2,ASK
2020-10-30 10:33:07,MCD,212.09,2,BID
2020-10-30 10:33:07,MCD,212.25,1,ASK
2020-10-30 10:33:07,MCD,212.09,2,BID
2020-10-30 10:33:07,MCD,212.25,1,ASK
2020-10-30 10:33:08,MCD,212.07,3,BID
2020-10-30 10:33:08,MCD,212.14,1,ASK
2020-10-30 10:33:00,MCD,211.98,3,BID
2020-10-30 10:33:09,MCD,212.1,2,ASK
2020-10-30 10:33:00,MCD,211.98,4,BID
2020-10-30 10:33:09,MCD,212.1,2,ASK
2020-10-30 10:33:00,MCD,211.98,4,BID
2020-10-30 10:33:09,MCD,212.1,2,ASK
2020-10-30 10:33:12,MCD,211.99,1,BID
2020-10-30 10:33:08,MCD,212.18,3,ASK
2020-10-30 10:33:00,MCD,211.98,3,BID
2020-10-30 10:33:13,MCD,212.1,1,ASK
2020-10-30 10:33:00,MCD,211.98,3,BID
2020-10-30 10:33:15,MCD,212.05,1,ASK
2020-10-30 10:33:00,MCD,211.98,3,BID
2020-10-30 10:33:16,MCD,212.05,2,ASK
2020-10-30 10:33:00,MCD,211.98,3,BID
2020-10-30 10:33:16,MCD,212.09,1,ASK
2020-10-30 10:33:17,MCD,211.98,3,BID
2020-10-30 10:33:17,MCD,212.13,1,ASK
2020-10-30 10:33:18,MCD,211.9,4,BID
2020-10-30 10:33:19,MCD,212.06,1,ASK
2020-10-30 10:33:20,MCD,211.9,5,BID
2020-10-30 10:33:20,MCD,212.06,3,ASK
2020-10-30 10:33:21,MCD,211.92,2,BID
2020-10-30 10:33:21,MCD,212.06,3,ASK
2020-10-30 10:33:21,MCD,211.92,2,BID
2020-10-30 10:33:21,MCD,212.06,3,ASK
2020-10-30 10:33:21,MCD,211.92,2,BID
2020-10-30 10:33:21,MCD,212.06,3,ASK
2020-10-30 10:33:24,MCD,211.91,1,BID
2020-10-30 10:33:24,MCD,212.06,3,ASK
2020-10-30 10:33:24,MCD,211.92,1,BID
2020-10-30 10:33:24,MCD,212.06,3,ASK
2020-10-30 10:33:27,MCD,211.92,2,BID
2020-10-30 10:33:27,MCD,212.06,3,ASK
2020-10-30 10:33:28,MCD,211.92,1,BID
2020-10-30 10:33:28,MCD,212.06,4,ASK
2020-10-30 10:33:30,MCD,211.93,2,BID
2020-10-30 10:33:30,MCD,212.02,1,ASK
2020-10-30 10:33:31,MCD,211.93,2,BID
2020-10-30 10:33:31,MCD,212.02,1,ASK
2020-10-30 10:33:31,MCD,211.93,3,BID
2020-10-30 10:33:30,MCD,212.03,2,ASK
2020-10-30 10:33:31,MCD,211.93,3,BID
2020-10-30 10:33:30,MCD,212.03,2,ASK
2020-10-30 10:33:33,MCD,212.01,4,BID
2020-10-30 10:33:34,MCD,212.22,3,ASK
2020-10-30 10:33:34,MCD,212.02,3,BID
2020-10-30 10:33:34,MCD,212.22,4,ASK
2020-10-30 10:33:34,MCD,212.02,3,BID
2020-10-30 10:33:34,MCD,212.22,4,ASK
2020-10-30 10:33:35,MCD,212.02,2,BID
2020-10-30 10:33:35,MCD,212.22,4,ASK
2020-10-30 10:33:35,MCD,212.02,2,BID
2020-10-30 10:33:35,MCD,212.22,4,ASK
2020-10-30 10:33:35,MCD,212.02,2,BID
2020-10-30 10:33:35,MCD,212.22,4,ASK
2020-10-30 10:33:38,MCD,212.02,2,BID
2020-10-30 10:33:38,MCD,212.22,4,ASK
2020-10-30 10:33:39,MCD,212.01,4,BID
2020-10-30 10:33:39,MCD,212.21,2,ASK
2020-10-30 10:33:40,MCD,212.03,2,BID
2020-10-30 10:33:40,MCD,212.2,3,ASK
2020-10-30 10:33:41,MCD,212.01,6,BID
2020-10-30 10:33:41,MCD,212.2,3,ASK
2020-10-30 10:33:43,MCD,212.01,6,BID
2020-10-30 10:33:43,MCD,212.2,4,ASK
2020-10-30 10:33:43,MCD,212.01,6,BID
2020-10-30 10:33:43,MCD,212.2,4,ASK
2020-10-30 10:33:43,MCD,212.01,6,BID
2020-10-30 10:33:43,MCD,212.2,4,ASK
2020-10-30 10:33:45,MCD,212.01,6,BID
2020-10-30 10:33:43,MCD,212.2,4,ASK
2020-10-30 10:33:46,MCD,212.03,1,BID
2020-10-30 10:33:46,MCD,212.21,4,ASK
2020-10-30 10:33:47,MCD,212.03,2,BID
2020-10-30 10:33:47,MCD,212.2,1,ASK
2020-10-30 10:33:48,MCD,212.03,2,BID
2020-10-30 10:33:48,MCD,212.21,4,ASK
2020-10-30 10:33:48,MCD,212.17,2,BID
2020-10-30 10:33:48,MCD,212.28,1,ASK
2020-10-30 10:33:48,MCD,212.17,2,BID
2020-10-30 10:33:48,MCD,212.28,1,ASK
2020-10-30 10:33:49,MCD,212.17,3,BID
2020-10-30 10:33:49,MCD,212.28,1,ASK
2020-10-30 10:33:49,MCD,212.17,3,BID
2020-10-30 10:33:49,MCD,212.28,1,ASK
2020-10-30 10:33:51,MCD,212.17,5,BID
2020-10-30 10:33:51,MCD,212.28,2,ASK
2020-10-30 10:33:51,MCD,212.17,5,BID
2020-10-30 10:33:51,MCD,212.28,2,ASK
2020-10-30 10:33:51,MCD,212.17,5,BID
2020-10-30 10:33:51,MCD,212.28,2,ASK
2020-10-30 10:33:51,MCD,212.17,5,BID
2020-10-30 10:33:51,MCD,212.28,2,ASK
2020-10-30 10:33:56,MCD,212.17,4,BID
2020-10-30 10:33:56,MCD,212.28,2,ASK
2020-10-30 10:33:56,MCD,212.17,4,BID
2020-10-30 10:33:56,MCD,212.28,2,ASK
2020-10-30 10:34:00,MCD,212.18,1,BID
2020-10-30 10:34:00,MCD,212.28,2,ASK
2020-10-30 10:34:00,MCD,212.18,2,BID
2020-10-30 10:34:00,MCD,212.28,2,ASK
2020-10-30 10:34:01,MCD,212.13,1,BID
2020-10-30 10:34:01,MCD,212.25,1,ASK
2020-10-30 10:34:02,MCD,212.11,2,BID
2020-10-30 10:34:02,MCD,212.25,2,ASK
2020-10-30 10:34:02,MCD,212.13,2,BID
2020-10-30 10:34:02,MCD,212.25,3,ASK
2020-10-30 10:34:02,MCD,212.13,2,BID
2020-10-30 10:34:02,MCD,212.25,3,ASK
2020-10-30 10:34:04,MCD,212.12,2,BID
2020-10-30 10:34:04,MCD,212.25,3,ASK
2020-10-30 10:34:04,MCD,212.12,2,BID
2020-10-30 10:34:04,MCD,212.25,3,ASK
2020-10-30 10:34:06,MCD,212.04,1,BID
2020-10-30 10:34:06,MCD,212.18,4,ASK
2020-10-30 10:34:07,MCD,212.03,3,BID
2020-10-30 10:34:07,MCD,212.14,2,ASK
2020-10-30 10:34:08,MCD,212.03,2,BID
2020-10-30 10:34:08,MCD,212.14,2,ASK
2020-10-30 10:34:09,MCD,212.03,2,BID
2020-10-30 10:34:09,MCD,212.07,1,ASK
2020-10-30 10:34:09,MCD,211.98,1,BID
2020-10-30 10:34:09,MCD,212.07,1,ASK
2020-10-30 10:34:10,MCD,212.0,1,BID
2020-10-30 10:34:10,MCD,212.19,3,ASK
2020-10-30 10:34:10,MCD,212.0,1,BID
2020-10-30 10:34:10,MCD,212.19,3,ASK
2020-10-30 10:34:10,MCD,212.0,3,BID
2020-10-30 10:34:11,MCD,212.19,2,ASK
2020-10-30 10:34:10,MCD,212.0,3,BID
2020-10-30 10:34:12,MCD,212.19,3,ASK
2020-10-30 10:34:10,MCD,212.0,3,BID
2020-10-30 10:34:12,MCD,212.19,3,ASK
2020-10-30 10:34:10,MCD,212.0,4,BID
2020-10-30 10:34:13,MCD,212.19,3,ASK
2020-10-30 10:34:14,MCD,212.02,1,BID
2020-10-30 10:34:14,MCD,212.19,5,ASK
2020-10-30 10:34:14,MCD,212.02,2,BID
2020-10-30 10:34:14,MCD,212.19,5,ASK
2020-10-30 10:34:15,MCD,212.0,5,BID
2020-10-30 10:34:15,MCD,212.19,5,ASK
2020-10-30 10:34:16,MCD,212.0,4,BID
2020-10-30 10:34:16,MCD,212.19,5,ASK
2020-10-30 10:34:16,MCD,212.0,4,BID
2020-10-30 10:34:17,MCD,212.19,5,ASK
2020-10-30 10:34:16,MCD,212.0,4,BID
2020-10-30 10:34:18,MCD,212.19,5,ASK
2020-10-30 10:34:16,MCD,212.0,4,BID
2020-10-30 10:34:20,MCD,212.19,5,ASK
2020-10-30 10:34:21,MCD,212.0,4,BID
2020-10-30 10:34:21,MCD,212.19,5,ASK
2020-10-30 10:34:21,MCD,212.0,4,BID
2020-10-30 10:34:22,MCD,212.19,5,ASK
2020-10-30 10:34:21,MCD,212.0,4,BID
2020-10-30 10:34:23,MCD,212.19,5,ASK
2020-10-30 10:34:21,MCD,212.0,4,BID
2020-10-30 10:34:23,MCD,212.19,5,ASK
2020-10-30 10:34:21,MCD,212.0,4,BID
2020-10-30 10:34:25,MCD,212.19,5,ASK
2020-10-30 10:34:21,MCD,212.0,4,BID
2020-10-30 10:34:26,MCD,212.19,5,ASK
2020-10-30 10:34:27,MCD,212.03,2,BID
2020-10-30 10:34:27,MCD,212.19,5,ASK
2020-10-30 10:34:27,MCD,212.03,2,BID
2020-10-30 10:34:27,MCD,212.19,5,ASK
2020-10-30 10:34:31,MCD,212.03,2,BID
2020-10-30 10:34:31,MCD,212.19,7,ASK
2020-10-30 10:34:31,MCD,212.03,2,BID
2020-10-30 10:34:31,MCD,212.19,7,ASK
2020-10-30 10:34:31,MCD,212.03,2,BID
2020-10-30 10:34:31,MCD,212.19,7,ASK
2020-10-30 10:34:35,MCD,212.03,2,BID
2020-10-30 10:34:35,MCD,212.19,7,ASK
2020-10-30 10:34:36,MCD,212.03,1,BID
2020-10-30 10:34:35,MCD,212.19,7,ASK
2020-10-30 10:34:36,MCD,212.03,1,BID
2020-10-30 10:34:35,MCD,212.19,7,ASK
2020-10-30 10:34:36,MCD,212.03,1,BID
2020-10-30 10:34:35,MCD,212.19,7,ASK
2020-10-30 10:34:36,MCD,212.03,1,BID
2020-10-30 10:34:35,MCD,212.19,7,ASK
2020-10-30 10:34:36,MCD,212.03,1,BID
2020-10-30 10:34:35,MCD,212.19,7,ASK
2020-10-30 10:34:36,MCD,212.03,1,BID
2020-10-30 10:34:35,MCD,212.19,7,ASK
2020-10-30 10:34:36,MCD,212.03,1,BID
2020-10-30 10:34:35,MCD,212.19,7,ASK
2020-10-30 10:34:36,MCD,212.03,1,BID
2020-10-30 10:34:35,MCD,212.19,7,ASK
2020-10-30 10:34:36,MCD,212.03,1,BID
2020-10-30 10:34:35,MCD,212.19,7,ASK
2020-10-30 10:34:50,MCD,212.05,1,BID
2020-10-30 10:34:49,MCD,212.19,9,ASK
2020-10-30 10:34:50,MCD,212.07,1,BID
2020-10-30 10:34:49,MCD,212.19,9,ASK
2020-10-30 10:34:50,MCD,212.05,1,BID
2020-10-30 10:34:49,MCD,212.19,9,ASK
2020-10-30 10:34:51,MCD,212.05,1,BID
2020-10-30 10:34:49,MCD,212.19,9,ASK
2020-10-30 10:34:51,MCD,212.04,2,BID
2020-10-30 10:34:51,MCD,212.1,1,ASK
2020-10-30 10:34:52,MCD,212.04,2,BID
2020-10-30 10:34:49,MCD,212.19,9,ASK
2020-10-30 10:34:52,MCD,212.04,2,BID
2020-10-30 10:34:49,MCD,212.19,9,ASK
2020-10-30 10:34:53,MCD,212.04,2,BID
2020-10-30 10:34:53,MCD,212.18,1,ASK
2020-10-30 10:34:53,MCD,212.04,2,BID
2020-10-30 10:34:53,MCD,212.18,1,ASK
2020-10-30 10:34:53,MCD,212.04,2,BID
2020-10-30 10:34:53,MCD,212.18,1,ASK
2020-10-30 10:34:53,MCD,212.04,2,BID
2020-10-30 10:34:53,MCD,212.18,1,ASK
2020-10-30 10:34:53,MCD,212.04,2,BID
2020-10-30 10:34:53,MCD,212.18,1,ASK
2020-10-30 10:34:54,MCD,212.0,4,BID
2020-10-30 10:34:54,MCD,212.1,2,ASK
2020-10-30 10:34:54,MCD,211.92,2,BID
2020-10-30 10:34:54,MCD,212.09,2,ASK
2020-10-30 10:34:58,MCD,211.97,2,BID
2020-10-30 10:34:58,MCD,212.09,3,ASK
2020-10-30 10:33:19,MCD,211.9,4,BID
2020-10-30 10:35:00,MCD,212.01,1,ASK
2020-10-30 10:35:03,MCD,211.93,1,BID
2020-10-30 10:35:03,MCD,212.01,2,ASK
2020-10-30 10:35:03,MCD,211.92,2,BID
2020-10-30 10:35:03,MCD,212.01,2,ASK
2020-10-30 10:35:03,MCD,211.92,2,BID
2020-10-30 10:35:03,MCD,212.01,2,ASK
2020-10-30 10:35:03,MCD,211.92,2,BID
2020-10-30 10:35:03,MCD,212.01,2,ASK
2020-10-30 10:35:03,MCD,211.92,2,BID
2020-10-30 10:35:03,MCD,212.01,2,ASK
2020-10-30 10:35:05,MCD,211.77,2,BID
2020-10-30 10:35:05,MCD,211.9,2,ASK
2020-10-30 10:35:05,MCD,211.77,4,BID
2020-10-30 10:35:05,MCD,211.9,3,ASK
2020-10-30 10:35:05,MCD,211.78,1,BID
2020-10-30 10:35:05,MCD,211.9,3,ASK
2020-10-30 10:35:05,MCD,211.78,1,BID
2020-10-30 10:35:05,MCD,211.9,3,ASK
2020-10-30 10:35:05,MCD,211.78,1,BID
2020-10-30 10:35:05,MCD,211.9,3,ASK
2020-10-30 10:35:05,MCD,211.78,1,BID
2020-10-30 10:35:05,MCD,211.9,3,ASK
2020-10-30 10:35:05,MCD,211.78,1,BID
2020-10-30 10:35:05,MCD,211.9,3,ASK
2020-10-30 10:35:05,MCD,211.78,1,BID
2020-10-30 10:35:05,MCD,211.9,3,ASK
2020-10-30 10:35:05,MCD,211.78,1,BID
2020-10-30 10:35:05,MCD,211.9,3,ASK
2020-10-30 10:35:05,MCD,211.78,1,BID
2020-10-30 10:35:05,MCD,211.9,3,ASK
2020-10-30 10:35:05,MCD,211.77,3,BID
2020-10-30 10:35:05,MCD,211.9,3,ASK
2020-10-30 10:35:08,MCD,211.81,1,BID
2020-10-30 10:35:08,MCD,211.9,4,ASK
2020-10-30 10:35:08,MCD,211.81,1,BID
2020-10-30 10:35:08,MCD,211.9,4,ASK
2020-10-30 10:35:08,MCD,211.81,1,BID
2020-10-30 10:35:08,MCD,211.9,4,ASK
2020-10-30 10:35:08,MCD,211.81,1,BID
2020-10-30 10:35:08,MCD,211.9,4,ASK
2020-10-30 10:35:08,MCD,211.81,1,BID
2020-10-30 10:35:08,MCD,211.9,4,ASK
2020-10-30 10:35:09,MCD,211.81,1,BID
2020-10-30 10:35:09,MCD,211.9,5,ASK
2020-10-30 10:35:09,MCD,211.81,1,BID
2020-10-30 10:35:09,MCD,211.9,5,ASK
2020-10-30 10:35:13,MCD,211.81,3,BID
2020-10-30 10:35:13,MCD,211.91,1,ASK
2020-10-30 10:35:15,MCD,211.75,2,BID
2020-10-30 10:35:15,MCD,211.87,2,ASK
2020-10-30 10:35:20,MCD,211.71,1,BID
2020-10-30 10:35:20,MCD,211.81,1,ASK
2020-10-30 10:35:20,MCD,211.71,1,BID
2020-10-30 10:35:20,MCD,211.82,1,ASK
2020-10-30 10:35:20,MCD,211.71,1,BID
2020-10-30 10:35:20,MCD,211.82,1,ASK
2020-10-30 10:35:20,MCD,211.71,1,BID
2020-10-30 10:35:20,MCD,211.82,1,ASK
2020-10-30 10:35:20,MCD,211.71,1,BID
2020-10-30 10:35:20,MCD,211.82,1,ASK
2020-10-30 10:35:21,MCD,211.67,1,BID
2020-10-30 10:35:21,MCD,211.83,1,ASK
2020-10-30 10:35:21,MCD,211.67,1,BID
2020-10-30 10:35:21,MCD,211.83,3,ASK
2020-10-30 10:35:21,MCD,211.67,1,BID
2020-10-30 10:35:21,MCD,211.83,3,ASK
2020-10-30 10:35:21,MCD,211.67,1,BID
2020-10-30 10:35:21,MCD,211.83,3,ASK
2020-10-30 10:35:21,MCD,211.67,1,BID
2020-10-30 10:35:21,MCD,211.83,3,ASK
2020-10-30 10:35:21,MCD,211.67,1,BID
2020-10-30 10:35:21,MCD,211.83,3,ASK
2020-10-30 10:35:24,MCD,211.67,1,BID
2020-10-30 10:35:24,MCD,211.84,1,ASK
2020-10-30 10:35:24,MCD,211.67,1,BID
2020-10-30 10:35:24,MCD,211.84,1,ASK
2020-10-30 10:35:25,MCD,211.67,1,BID
2020-10-30 10:35:25,MCD,211.84,3,ASK
2020-10-30 10:35:25,MCD,211.67,1,BID
2020-10-30 10:35:25,MCD,211.84,5,ASK
2020-10-30 10:35:25,MCD,211.67,1,BID
2020-10-30 10:35:25,MCD,211.84,5,ASK
2020-10-30 10:35:27,MCD,211.54,1,BID
2020-10-30 10:35:27,MCD,211.71,2,ASK
2020-10-30 10:35:28,MCD,211.54,5,BID
2020-10-30 10:35:28,MCD,211.71,2,ASK
2020-10-30 10:35:28,MCD,211.54,5,BID
2020-10-30 10:35:28,MCD,211.71,2,ASK
2020-10-30 10:35:29,MCD,211.54,5,BID
2020-10-30 10:35:29,MCD,211.71,2,ASK
2020-10-30 10:35:29,MCD,211.54,5,BID
2020-10-30 10:35:30,MCD,211.71,2,ASK
2020-10-30 10:35:29,MCD,211.54,4,BID
2020-10-30 10:35:30,MCD,211.71,2,ASK
2020-10-30 10:35:31,MCD,211.55,1,BID
2020-10-30 10:35:31,MCD,211.71,4,ASK
2020-10-30 10:35:29,MCD,211.54,5,BID
2020-10-30 10:35:32,MCD,211.71,5,ASK
2020-10-30 10:35:29,MCD,211.54,5,BID
2020-10-30 10:35:32,MCD,211.71,4,ASK
2020-10-30 10:35:29,MCD,211.54,5,BID
2020-10-30 10:35:32,MCD,211.71,4,ASK
2020-10-30 10:35:33,MCD,211.55,1,BID
2020-10-30 10:35:33,MCD,211.71,5,ASK
2020-10-30 10:35:35,MCD,211.55,3,BID
2020-10-30 10:35:33,MCD,211.71,5,ASK
2020-10-30 10:35:35,MCD,211.55,5,BID
2020-10-30 10:35:33,MCD,211.71,5,ASK
2020-10-30 10:35:37,MCD,211.55,6,BID
2020-10-30 10:35:37,MCD,211.71,6,ASK
2020-10-30 10:35:38,MCD,211.55,6,BID
2020-10-30 10:35:37,MCD,211.71,6,ASK
2020-10-30 10:35:39,MCD,211.55,6,BID
2020-10-30 10:35:37,MCD,211.71,6,ASK
2020-10-30 10:35:41,MCD,211.55,6,BID
2020-10-30 10:35:37,MCD,211.71,6,ASK
2020-10-30 10:35:42,MCD,211.55,6,BID
2020-10-30 10:35:37,MCD,211.71,6,ASK
2020-10-30 10:35:42,MCD,211.55,6,BID
2020-10-30 10:35:37,MCD,211.71,6,ASK
2020-10-30 10:35:42,MCD,211.55,6,BID
2020-10-30 10:35:44,MCD,211.71,7,ASK
2020-10-30 10:35:44,MCD,211.64,1,BID
2020-10-30 10:35:44,MCD,211.74,2,ASK
2020-10-30 10:35:44,MCD,211.65,2,BID
2020-10-30 10:35:44,MCD,211.84,9,ASK
2020-10-30 10:35:45,MCD,211.65,3,BID
2020-10-30 10:35:45,MCD,211.84,9,ASK
2020-10-30 10:35:45,MCD,211.65,2,BID
2020-10-30 10:35:45,MCD,211.84,9,ASK
2020-10-30 10:35:45,MCD,211.65,3,BID
2020-10-30 10:35:25,MCD,211.84,9,ASK
2020-10-30 10:35:46,MCD,211.65,4,BID
2020-10-30 10:35:25,MCD,211.84,9,ASK
2020-10-30 10:35:47,MCD,211.65,4,BID
2020-10-30 10:35:25,MCD,211.84,9,ASK
2020-10-30 10:35:47,MCD,211.65,4,BID
2020-10-30 10:35:25,MCD,211.84,9,ASK
2020-10-30 10:35:47,MCD,211.65,5,BID
2020-10-30 10:35:51,MCD,211.86,3,ASK
2020-10-30 10:35:47,MCD,211.65,5,BID
2020-10-30 10:35:52,MCD,211.86,3,ASK
2020-10-30 10:35:47,MCD,211.65,5,BID
2020-10-30 10:35:52,MCD,211.86,4,ASK
2020-10-30 10:35:53,MCD,211.65,5,BID
2020-10-30 10:35:53,MCD,211.86,5,ASK
2020-10-30 10:35:55,MCD,211.67,1,BID
2020-10-30 10:35:53,MCD,211.86,5,ASK
2020-10-30 10:35:55,MCD,211.65,5,BID
2020-10-30 10:35:53,MCD,211.86,5,ASK
2020-10-30 10:35:56,MCD,211.67,1,BID
2020-10-30 10:35:53,MCD,211.86,5,ASK
2020-10-30 10:35:56,MCD,211.67,1,BID
2020-10-30 10:35:53,MCD,211.86,5,ASK
2020-10-30 10:35:56,MCD,211.67,1,BID
2020-10-30 10:35:53,MCD,211.86,5,ASK
2020-10-30 10:35:56,MCD,211.67,1,BID
2020-10-30 10:35:53,MCD,211.86,5,ASK
2020-10-30 10:35:56,MCD,211.67,1,BID
2020-10-30 10:35:53,MCD,211.86,5,ASK
2020-10-30 10:35:56,MCD,211.67,1,BID
2020-10-30 10:35:53,MCD,211.86,5,ASK
2020-10-30 10:35:58,MCD,211.68,1,BID
2020-10-30 10:35:53,MCD,211.86,5,ASK
2020-10-30 10:36:00,MCD,211.69,3,BID
2020-10-30 10:36:00,MCD,211.86,5,ASK
2020-10-30 10:36:02,MCD,211.69,4,BID
2020-10-30 10:36:02,MCD,211.86,5,ASK
2020-10-30 10:36:02,MCD,211.69,4,BID
2020-10-30 10:36:02,MCD,211.86,5,ASK
2020-10-30 10:36:02,MCD,211.69,4,BID
2020-10-30 10:36:02,MCD,211.86,5,ASK
2020-10-30 10:36:02,MCD,211.69,4,BID
2020-10-30 10:36:02,MCD,211.86,5,ASK
2020-10-30 10:36:02,MCD,211.69,4,BID
2020-10-30 10:36:02,MCD,211.86,5,ASK
2020-10-30 10:36:02,MCD,211.69,4,BID
2020-10-30 10:36:02,MCD,211.86,5,ASK
2020-10-30 10:36:02,MCD,211.69,4,BID
2020-10-30 10:36:02,MCD,211.86,5,ASK
2020-10-30 10:36:02,MCD,211.69,4,BID
2020-10-30 10:36:02,MCD,211.86,5,ASK
2020-10-30 10:36:10,MCD,211.69,4,BID
2020-10-30 10:36:10,MCD,211.79,2,ASK
2020-10-30 10:36:10,MCD,211.69,4,BID
2020-10-30 10:36:11,MCD,211.79,2,ASK
2020-10-30 10:36:10,MCD,211.69,5,BID
2020-10-30 10:36:13,MCD,211.79,2,ASK
2020-10-30 10:36:14,MCD,211.65,5,BID
2020-10-30 10:36:14,MCD,211.75,1,ASK
2020-10-30 10:36:14,MCD,211.65,5,BID
2020-10-30 10:36:14,MCD,211.75,1,ASK
2020-10-30 10:36:14,MCD,211.65,5,BID
2020-10-30 10:36:14,MCD,211.75,1,ASK
2020-10-30 10:36:16,MCD,211.56,2,BID
2020-10-30 10:36:16,MCD,211.7,3,ASK
2020-10-30 10:36:17,MCD,211.56,2,BID
2020-10-30 10:36:16,MCD,211.7,3,ASK
2020-10-30 10:36:17,MCD,211.56,2,BID
2020-10-30 10:36:16,MCD,211.7,3,ASK
2020-10-30 10:36:19,MCD,211.56,1,BID
2020-10-30 10:36:16,MCD,211.7,3,ASK
2020-10-30 10:36:20,MCD,211.56,1,BID
2020-10-30 10:36:16,MCD,211.7,3,ASK
2020-10-30 10:36:21,MCD,211.56,1,BID
2020-10-30 10:36:21,MCD,211.69,3,ASK
2020-10-30 10:36:21,MCD,211.56,2,BID
2020-10-30 10:36:21,MCD,211.69,4,ASK
2020-10-30 10:36:21,MCD,211.56,2,BID
2020-10-30 10:36:21,MCD,211.69,4,ASK
2020-10-30 10:36:21,MCD,211.56,2,BID
2020-10-30 10:36:21,MCD,211.69,4,ASK
2020-10-30 10:36:21,MCD,211.56,2,BID
2020-10-30 10:36:21,MCD,211.69,4,ASK
2020-10-30 10:36:21,MCD,211.56,2,BID
2020-10-30 10:36:21,MCD,211.69,4,ASK
2020-10-30 10:36:24,MCD,211.56,3,BID
2020-10-30 10:36:21,MCD,211.69,4,ASK
2020-10-30 10:36:24,MCD,211.56,3,BID
2020-10-30 10:36:25,MCD,211.69,7,ASK
2020-10-30 10:36:24,MCD,211.56,3,BID
2020-10-30 10:36:26,MCD,211.69,7,ASK
2020-10-30 10:36:24,MCD,211.56,3,BID
2020-10-30 10:36:26,MCD,211.69,7,ASK
2020-10-30 10:36:24,MCD,211.56,3,BID
2020-10-30 10:36:26,MCD,211.69,7,ASK
2020-10-30 10:36:24,MCD,211.56,3,BID
2020-10-30 10:36:29,MCD,211.69,7,ASK
2020-10-30 10:36:24,MCD,211.56,3,BID
2020-10-30 10:36:30,MCD,211.69,7,ASK
2020-10-30 10:36:24,MCD,211.56,3,BID
2020-10-30 10:36:30,MCD,211.69,6,ASK
2020-10-30 10:36:24,MCD,211.56,3,BID
2020-10-30 10:36:30,MCD,211.69,6,ASK
2020-10-30 10:36:31,MCD,211.5,1,BID
2020-10-30 10:36:31,MCD,211.62,2,ASK
2020-10-30 10:36:31,MCD,211.5,1,BID
2020-10-30 10:36:31,MCD,211.62,2,ASK
2020-10-30 10:36:31,MCD,211.5,1,BID
2020-10-30 10:36:31,MCD,211.62,2,ASK
2020-10-30 10:36:34,MCD,211.5,3,BID
2020-10-30 10:36:35,MCD,211.62,3,ASK
2020-10-30 10:36:34,MCD,211.5,3,BID
2020-10-30 10:36:35,MCD,211.62,3,ASK
2020-10-30 10:36:34,MCD,211.5,3,BID
2020-10-30 10:36:35,MCD,211.62,3,ASK
2020-10-30 10:36:34,MCD,211.5,3,BID
2020-10-30 10:36:35,MCD,211.62,3,ASK
2020-10-30 10:36:35,MCD,211.5,3,BID
2020-10-30 10:36:35,MCD,211.62,3,ASK
2020-10-30 10:36:35,MCD,211.5,3,BID
2020-10-30 10:36:35,MCD,211.62,3,ASK
2020-10-30 10:36:41,MCD,211.45,4,BID
2020-10-30 10:36:41,MCD,211.62,4,ASK
2020-10-30 10:36:41,MCD,211.45,4,BID
2020-10-30 10:36:41,MCD,211.62,4,ASK
2020-10-30 10:36:41,MCD,211.45,4,BID
2020-10-30 10:36:41,MCD,211.62,4,ASK
2020-10-30 10:36:41,MCD,211.45,4,BID
2020-10-30 10:36:41,MCD,211.62,4,ASK
2020-10-30 10:36:41,MCD,211.45,3,BID
2020-10-30 10:36:45,MCD,211.62,4,ASK
2020-10-30 10:36:41,MCD,211.45,3,BID
2020-10-30 10:36:45,MCD,211.62,4,ASK
2020-10-30 10:36:41,MCD,211.45,3,BID
2020-10-30 10:36:45,MCD,211.62,4,ASK
2020-10-30 10:36:41,MCD,211.45,3,BID
2020-10-30 10:36:45,MCD,211.62,4,ASK
2020-10-30 10:36:41,MCD,211.45,3,BID
2020-10-30 10:36:45,MCD,211.62,4,ASK
2020-10-30 10:36:41,MCD,211.45,3,BID
2020-10-30 10:36:45,MCD,211.62,4,ASK
2020-10-30 10:36:49,MCD,211.44,4,BID
2020-10-30 10:36:45,MCD,211.62,5,ASK
2020-10-30 10:36:49,MCD,211.44,4,BID
2020-10-30 10:36:45,MCD,211.62,5,ASK
2020-10-30 10:36:49,MCD,211.44,4,BID
2020-10-30 10:36:45,MCD,211.62,5,ASK
2020-10-30 10:36:49,MCD,211.44,4,BID
2020-10-30 10:36:45,MCD,211.62,5,ASK
2020-10-30 10:36:49,MCD,211.44,4,BID
2020-10-30 10:36:45,MCD,211.62,5,ASK
2020-10-30 10:36:49,MCD,211.44,4,BID
2020-10-30 10:36:45,MCD,211.62,5,ASK
2020-10-30 10:36:49,MCD,211.44,4,BID
2020-10-30 10:36:45,MCD,211.62,5,ASK
2020-10-30 10:36:49,MCD,211.44,4,BID
2020-10-30 10:36:45,MCD,211.62,5,ASK
2020-10-30 10:36:49,MCD,211.44,4,BID
2020-10-30 10:36:45,MCD,211.62,5,ASK
2020-10-30 10:36:49,MCD,211.44,4,BID
2020-10-30 10:36:45,MCD,211.62,5,ASK
2020-10-30 10:36:49,MCD,211.44,4,BID
2020-10-30 10:36:45,MCD,211.62,5,ASK
2020-10-30 10:36:57,MCD,211.45,3,BID
2020-10-30 10:36:57,MCD,211.62,5,ASK
2020-10-30 10:36:57,MCD,211.45,3,BID
2020-10-30 10:36:57,MCD,211.62,5,ASK
2020-10-30 10:37:00,MCD,211.45,3,BID
2020-10-30 10:37:00,MCD,211.62,5,ASK
2020-10-30 10:37:01,MCD,211.53,2,BID
2020-10-30 10:37:01,MCD,211.66,2,ASK
2020-10-30 10:37:01,MCD,211.53,2,BID
2020-10-30 10:37:01,MCD,211.66,2,ASK
2020-10-30 10:37:02,MCD,211.54,2,BID
2020-10-30 10:37:01,MCD,211.66,2,ASK
2020-10-30 10:37:02,MCD,211.54,2,BID
2020-10-30 10:37:01,MCD,211.66,2,ASK
2020-10-30 10:37:03,MCD,211.54,3,BID
2020-10-30 10:37:01,MCD,211.66,2,ASK
2020-10-30 10:37:03,MCD,211.54,3,BID
2020-10-30 10:37:01,MCD,211.66,2,ASK
2020-10-30 10:37:03,MCD,211.54,3,BID
2020-10-30 10:37:01,MCD,211.66,2,ASK
2020-10-30 10:37:06,MCD,211.53,4,BID
2020-10-30 10:37:06,MCD,211.66,4,ASK
2020-10-30 10:37:06,MCD,211.53,4,BID
2020-10-30 10:37:06,MCD,211.66,4,ASK
2020-10-30 10:37:08,MCD,211.53,4,BID
2020-10-30 10:37:08,MCD,211.66,3,ASK
2020-10-30 10:37:08,MCD,211.53,4,BID
2020-10-30 10:37:08,MCD,211.66,3,ASK
2020-10-30 10:37:09,MCD,211.55,2,BID
2020-10-30 10:37:09,MCD,211.66,3,ASK
2020-10-30 10:37:08,MCD,211.53,4,BID
2020-10-30 10:37:11,MCD,211.66,3,ASK
2020-10-30 10:37:08,MCD,211.53,5,BID
2020-10-30 10:37:12,MCD,211.66,3,ASK
2020-10-30 10:37:08,MCD,211.53,5,BID
2020-10-30 10:37:12,MCD,211.66,3,ASK
2020-10-30 10:37:08,MCD,211.53,5,BID
2020-10-30 10:37:12,MCD,211.66,3,ASK
2020-10-30 10:37:08,MCD,211.53,5,BID
2020-10-30 10:37:12,MCD,211.66,3,ASK
2020-10-30 10:37:08,MCD,211.53,5,BID
2020-10-30 10:37:12,MCD,211.66,3,ASK
2020-10-30 10:37:16,MCD,211.54,3,BID
2020-10-30 10:37:16,MCD,211.66,3,ASK
2020-10-30 10:37:16,MCD,211.54,3,BID
2020-10-30 10:37:16,MCD,211.66,3,ASK
2020-10-30 10:37:16,MCD,211.54,3,BID
2020-10-30 10:37:16,MCD,211.66,3,ASK
2020-10-30 10:37:19,MCD,211.54,2,BID
2020-10-30 10:37:19,MCD,211.66,3,ASK
2020-10-30 10:37:20,MCD,211.55,1,BID
2020-10-30 10:37:20,MCD,211.66,3,ASK
2020-10-30 10:37:21,MCD,211.55,1,BID
2020-10-30 10:37:21,MCD,211.66,4,ASK
2020-10-30 10:37:22,MCD,211.6,1,BID
2020-10-30 10:37:22,MCD,211.83,2,ASK
2020-10-30 10:37:23,MCD,211.66,2,BID
2020-10-30 10:37:23,MCD,211.83,3,ASK
2020-10-30 10:37:23,MCD,211.66,3,BID
2020-10-30 10:37:23,MCD,211.83,3,ASK
2020-10-30 10:37:24,MCD,211.66,5,BID
2020-10-30 10:37:24,MCD,211.83,3,ASK
2020-10-30 10:37:24,MCD,211.66,5,BID
2020-10-30 10:37:24,MCD,211.83,3,ASK
2020-10-30 10:37:24,MCD,211.66,5,BID
2020-10-30 10:37:24,MCD,211.83,3,ASK
2020-10-30 10:37:24,MCD,211.66,4,BID
2020-10-30 10:37:24,MCD,211.83,3,ASK
2020-10-30 10:37:24,MCD,211.66,4,BID
2020-10-30 10:37:24,MCD,211.83,3,ASK
2020-10-30 10:37:30,MCD,211.67,2,BID
2020-10-30 10:37:24,MCD,211.83,3,ASK
2020-10-30 10:37:30,MCD,211.67,4,BID
2020-10-30 10:37:24,MCD,211.83,3,ASK
2020-10-30 10:37:30,MCD,211.67,4,BID
2020-10-30 10:37:24,MCD,211.83,3,ASK
2020-10-30 10:37:31,MCD,211.83,2,BID
2020-10-30 10:37:31,MCD,211.92,24,ASK
2020-10-30 10:37:33,MCD,211.82,1,BID
2020-10-30 10:37:33,MCD,211.91,4,ASK
2020-10-30 10:37:33,MCD,211.82,1,BID
2020-10-30 10:37:33,MCD,211.91,4,ASK
2020-10-30 10:37:33,MCD,211.82,1,BID
2020-10-30 10:37:33,MCD,211.91,4,ASK
2020-10-30 10:37:35,MCD,211.83,1,BID
2020-10-30 10:37:35,MCD,211.92,24,ASK
2020-10-30 10:37:35,MCD,211.83,1,BID
2020-10-30 10:37:35,MCD,211.92,24,ASK
2020-10-30 10:37:35,MCD,211.83,1,BID
2020-10-30 10:37:35,MCD,211.91,1,ASK
2020-10-30 10:37:37,MCD,211.86,1,BID
2020-10-30 10:37:37,MCD,211.92,24,ASK
2020-10-30 10:37:37,MCD,211.89,1,BID
2020-10-30 10:37:37,MCD,212.04,1,ASK
2020-10-30 10:37:37,MCD,211.89,1,BID
2020-10-30 10:37:37,MCD,212.04,1,ASK
2020-10-30 10:37:39,MCD,211.91,4,BID
2020-10-30 10:37:39,MCD,212.09,4,ASK
2020-10-30 10:37:39,MCD,211.92,5,BID
2020-10-30 10:37:39,MCD,212.09,5,ASK
2020-10-30 10:37:39,MCD,211.92,5,BID
2020-10-30 10:37:39,MCD,212.09,5,ASK
2020-10-30 10:37:41,MCD,211.92,5,BID
2020-10-30 10:37:41,MCD,212.09,5,ASK
2020-10-30 10:37:41,MCD,211.92,5,BID
2020-10-30 10:37:41,MCD,212.09,5,ASK
2020-10-30 10:37:43,MCD,211.92,5,BID
2020-10-30 10:37:41,MCD,212.09,5,ASK
2020-10-30 10:37:43,MCD,211.92,5,BID
2020-10-30 10:37:41,MCD,212.09,5,ASK
2020-10-30 10:37:45,MCD,211.92,5,BID
2020-10-30 10:37:41,MCD,212.09,5,ASK
2020-10-30 10:37:46,MCD,211.93,4,BID
2020-10-30 10:37:41,MCD,212.09,5,ASK
2020-10-30 10:37:46,MCD,211.97,11,BID
2020-10-30 10:37:46,MCD,212.17,2,ASK
2020-10-30 10:37:47,MCD,211.97,11,BID
2020-10-30 10:37:46,MCD,212.17,2,ASK
2020-10-30 10:37:47,MCD,211.98,3,BID
2020-10-30 10:37:47,MCD,212.23,1,ASK
2020-10-30 10:37:49,MCD,212.0,2,BID
2020-10-30 10:37:49,MCD,212.23,3,ASK
2020-10-30 10:37:50,MCD,212.01,2,BID
2020-10-30 10:37:50,MCD,212.23,3,ASK
2020-10-30 10:37:51,MCD,211.89,3,BID
2020-10-30 10:37:51,MCD,212.1,1,ASK
2020-10-30 10:37:51,MCD,211.92,3,BID
2020-10-30 10:37:51,MCD,212.1,4,ASK
2020-10-30 10:37:52,MCD,211.92,3,BID
2020-10-30 10:37:52,MCD,212.1,3,ASK
2020-10-30 10:37:52,MCD,211.92,3,BID
2020-10-30 10:37:52,MCD,212.1,3,ASK
2020-10-30 10:37:53,MCD,211.92,5,BID
2020-10-30 10:37:53,MCD,212.1,3,ASK
2020-10-30 10:37:54,MCD,211.94,5,BID
2020-10-30 10:37:54,MCD,212.1,5,ASK
2020-10-30 10:37:54,MCD,211.94,5,BID
2020-10-30 10:37:54,MCD,212.1,5,ASK
2020-10-30 10:37:54,MCD,211.94,5,BID
2020-10-30 10:37:54,MCD,212.13,2,ASK
2020-10-30 10:37:55,MCD,211.94,5,BID
2020-10-30 10:37:55,MCD,212.13,2,ASK
2020-10-30 10:37:56,MCD,211.94,5,BID
2020-10-30 10:37:56,MCD,212.14,2,ASK
2020-10-30 10:37:57,MCD,211.95,7,BID
2020-10-30 10:37:57,MCD,212.14,2,ASK
2020-10-30 10:37:58,MCD,211.97,3,BID
2020-10-30 10:37:58,MCD,212.14,2,ASK
2020-10-30 10:38:00,MCD,211.97,5,BID
2020-10-30 10:38:00,MCD,212.14,2,ASK
2020-10-30 10:38:00,MCD,211.98,3,BID
2020-10-30 10:38:00,MCD,212.14,2,ASK
2020-10-30 10:38:01,MCD,211.98,3,BID
2020-10-30 10:38:01,MCD,212.14,3,ASK
2020-10-30 10:38:01,MCD,211.99,5,BID
2020-10-30 10:38:01,MCD,212.14,3,ASK
2020-10-30 10:38:01,MCD,211.99,5,BID
2020-10-30 10:38:01,MCD,212.14,3,ASK
2020-10-30 10:38:01,MCD,211.99,5,BID
2020-10-30 10:38:03,MCD,212.14,3,ASK
2020-10-30 10:38:04,MCD,212.01,3,BID
2020-10-30 10:38:04,MCD,212.14,2,ASK
2020-10-30 10:38:05,MCD,212.07,3,BID
2020-10-30 10:38:05,MCD,212.21,2,ASK
2020-10-30 10:38:05,MCD,212.07,3,BID
2020-10-30 10:38:05,MCD,212.21,2,ASK
2020-10-30 10:38:06,MCD,212.07,3,BID
2020-10-30 10:38:06,MCD,212.17,1,ASK
2020-10-30 10:38:04,MCD,212.0,3,BID
2020-10-30 10:38:07,MCD,212.12,1,ASK
2020-10-30 10:38:04,MCD,212.0,4,BID
2020-10-30 10:38:08,MCD,212.12,1,ASK
2020-10-30 10:38:04,MCD,212.0,4,BID
2020-10-30 10:38:08,MCD,212.12,1,ASK
2020-10-30 10:38:04,MCD,212.0,4,BID
2020-10-30 10:38:08,MCD,212.12,1,ASK
2020-10-30 10:38:04,MCD,212.0,4,BID
2020-10-30 10:38:08,MCD,212.12,1,ASK
2020-10-30 10:38:04,MCD,212.0,4,BID
2020-10-30 10:38:08,MCD,212.12,1,ASK
2020-10-30 10:37:54,MCD,211.92,7,BID
2020-10-30 10:38:13,MCD,212.03,1,ASK
2020-10-30 10:37:54,MCD,211.92,7,BID
2020-10-30 10:38:13,MCD,212.01,1,ASK
2020-10-30 10:38:14,MCD,211.89,4,BID
2020-10-30 10:38:14,MCD,212.0,2,ASK
2020-10-30 10:38:15,MCD,211.89,5,BID
2020-10-30 10:38:15,MCD,212.0,3,ASK
2020-10-30 10:38:15,MCD,211.89,5,BID
2020-10-30 10:38:17,MCD,211.97,1,ASK
2020-10-30 10:38:17,MCD,211.86,5,BID
2020-10-30 10:38:17,MCD,211.96,3,ASK
2020-10-30 10:38:19,MCD,211.77,1,BID
2020-10-30 10:38:19,MCD,211.92,1,ASK
2020-10-30 10:38:19,MCD,211.82,3,BID
2020-10-30 10:38:19,MCD,212.11,1,ASK
2020-10-30 10:38:19,MCD,211.83,4,BID
2020-10-30 10:38:19,MCD,212.11,1,ASK
2020-10-30 10:38:19,MCD,211.83,4,BID
2020-10-30 10:38:19,MCD,212.11,1,ASK
2020-10-30 10:38:19,MCD,211.83,4,BID
2020-10-30 10:38:19,MCD,212.11,1,ASK
2020-10-30 10:38:19,MCD,211.83,4,BID
2020-10-30 10:38:19,MCD,212.11,1,ASK
2020-10-30 10:38:25,MCD,211.83,4,BID
2020-10-30 10:38:25,MCD,212.11,1,ASK
2020-10-30 10:38:25,MCD,211.83,4,BID
2020-10-30 10:38:25,MCD,212.11,1,ASK
2020-10-30 10:38:25,MCD,211.83,4,BID
2020-10-30 10:38:25,MCD,212.11,1,ASK
2020-10-30 10:38:25,MCD,211.83,4,BID
2020-10-30 10:38:25,MCD,212.11,1,ASK
2020-10-30 10:38:30,MCD,211.83,4,BID
2020-10-30 10:38:30,MCD,212.11,1,ASK
2020-10-30 10:38:30,MCD,211.83,4,BID
2020-10-30 10:38:30,MCD,212.11,1,ASK
2020-10-30 10:38:30,MCD,211.83,4,BID
2020-10-30 10:38:30,MCD,212.11,1,ASK
2020-10-30 10:38:30,MCD,211.83,4,BID
2020-10-30 10:38:30,MCD,212.11,1,ASK
2020-10-30 10:38:30,MCD,211.83,4,BID
2020-10-30 10:38:30,MCD,212.11,1,ASK
2020-10-30 10:38:35,MCD,211.83,2,BID
2020-10-30 10:38:35,MCD,212.11,1,ASK
2020-10-30 10:38:36,MCD,211.77,2,BID
2020-10-30 10:38:36,MCD,212.11,1,ASK
2020-10-30 10:38:36,MCD,211.77,2,BID
2020-10-30 10:38:36,MCD,212.11,1,ASK
2020-10-30 10:38:36,MCD,211.77,2,BID
2020-10-30 10:38:36,MCD,212.11,1,ASK
2020-10-30 10:38:36,MCD,211.77,2,BID
2020-10-30 10:38:36,MCD,212.11,1,ASK
2020-10-30 10:38:36,MCD,211.77,2,BID
2020-10-30 10:38:36,MCD,212.11,1,ASK
2020-10-30 10:38:40,MCD,211.78,2,BID
2020-10-30 10:38:40,MCD,212.11,1,ASK
2020-10-30 10:38:42,MCD,211.8,2,BID
2020-10-30 10:38:42,MCD,212.11,6,ASK
2020-10-30 10:38:43,MCD,211.8,3,BID
2020-10-30 10:38:43,MCD,212.11,5,ASK
2020-10-30 10:38:44,MCD,211.8,4,BID
2020-10-30 10:38:44,MCD,212.11,6,ASK
2020-10-30 10:38:45,MCD,211.81,1,BID
2020-10-30 10:38:45,MCD,212.11,5,ASK
2020-10-30 10:38:45,MCD,211.81,1,BID
2020-10-30 10:38:45,MCD,212.11,5,ASK
2020-10-30 10:38:48,MCD,211.95,1,BID
2020-10-30 10:38:48,MCD,212.12,1,ASK
2020-10-30 10:38:49,MCD,211.95,1,BID
2020-10-30 10:38:49,MCD,212.12,1,ASK
2020-10-30 10:38:50,MCD,211.88,2,BID
2020-10-30 10:38:50,MCD,212.12,1,ASK
2020-10-30 10:38:50,MCD,211.88,2,BID
2020-10-30 10:38:50,MCD,212.12,1,ASK
2020-10-30 10:38:51,MCD,211.95,1,BID
2020-10-30 10:38:51,MCD,212.12,2,ASK
2020-10-30 10:38:51,MCD,211.95,2,BID
2020-10-30 10:38:51,MCD,212.12,2,ASK
2020-10-30 10:38:51,MCD,211.95,2,BID
2020-10-30 10:38:51,MCD,212.12,2,ASK
2020-10-30 10:38:51,MCD,211.95,2,BID
2020-10-30 10:38:51,MCD,212.12,2,ASK
2020-10-30 10:38:53,MCD,211.9,1,BID
2020-10-30 10:38:53,MCD,212.11,1,ASK
2020-10-30 10:38:53,MCD,211.9,1,BID
2020-10-30 10:38:53,MCD,212.11,1,ASK
2020-10-30 10:38:54,MCD,211.91,2,BID
2020-10-30 10:38:54,MCD,212.11,1,ASK
2020-10-30 10:38:57,MCD,211.91,3,BID
2020-10-30 10:38:57,MCD,212.11,1,ASK
2020-10-30 10:38:57,MCD,211.91,3,BID
2020-10-30 10:38:57,MCD,212.11,1,ASK
2020-10-30 10:38:57,MCD,211.91,3,BID
2020-10-30 10:38:57,MCD,212.11,1,ASK
2020-10-30 10:39:00,MCD,211.95,1,BID
2020-10-30 10:39:00,MCD,212.11,1,ASK
2020-10-30 10:39:00,MCD,211.95,1,BID
2020-10-30 10:39:00,MCD,212.11,1,ASK
2020-10-30 10:39:02,MCD,211.91,1,BID
2020-10-30 10:39:02,MCD,212.11,1,ASK
2020-10-30 10:39:02,MCD,211.91,1,BID
2020-10-30 10:39:02,MCD,212.11,1,ASK
2020-10-30 10:39:02,MCD,211.92,1,BID
2020-10-30 10:39:02,MCD,212.11,1,ASK
2020-10-30 10:39:04,MCD,211.95,1,BID
2020-10-30 10:39:04,MCD,212.11,1,ASK
2020-10-30 10:39:04,MCD,211.92,1,BID
2020-10-30 10:39:04,MCD,212.11,1,ASK
2020-10-30 10:39:05,MCD,211.92,1,BID
2020-10-30 10:39:05,MCD,212.11,1,ASK
2020-10-30 10:39:06,MCD,211.95,1,BID
2020-10-30 10:39:06,MCD,212.11,1,ASK
2020-10-30 10:39:08,MCD,211.91,2,BID
2020-10-30 10:39:08,MCD,212.0,1,ASK
2020-10-30 10:39:10,MCD,211.82,2,BID
2020-10-30 10:39:10,MCD,212.0,1,ASK
2020-10-30 10:39:10,MCD,211.82,2,BID
2020-10-30 10:39:10,MCD,212.0,2,ASK
2020-10-30 10:39:10,MCD,211.82,2,BID
2020-10-30 10:39:10,MCD,212.0,2,ASK
2020-10-30 10:39:10,MCD,211.8,1,BID
2020-10-30 10:39:10,MCD,212.0,4,ASK
2020-10-30 10:39:11,MCD,211.78,1,BID
2020-10-30 10:39:10,MCD,212.0,4,ASK
2020-10-30 10:39:12,MCD,211.79,1,BID
2020-10-30 10:39:10,MCD,212.0,4,ASK
2020-10-30 10:39:13,MCD,211.8,1,BID
2020-10-30 10:39:13,MCD,212.0,3,ASK
2020-10-30 10:39:15,MCD,211.8,1,BID
2020-10-30 10:39:13,MCD,212.0,3,ASK
2020-10-30 10:39:16,MCD,211.8,1,BID
2020-10-30 10:39:13,MCD,212.0,4,ASK
2020-10-30 10:39:20,MCD,211.82,4,BID
2020-10-30 10:39:20,MCD,211.99,4,ASK
2020-10-30 10:39:22,MCD,211.8,3,BID
2020-10-30 10:39:22,MCD,211.99,4,ASK
2020-10-30 10:39:24,MCD,211.81,2,BID
2020-10-30 10:39:24,MCD,212.0,2,ASK
2020-10-30 10:39:25,MCD,211.81,2,BID
2020-10-30 10:39:24,MCD,212.0,2,ASK
2020-10-30 10:39:23,MCD,211.8,4,BID
2020-10-30 10:39:27,MCD,211.99,1,ASK
2020-10-30 10:39:23,MCD,211.8,4,BID
2020-10-30 10:39:27,MCD,211.99,1,ASK
2020-10-30 10:39:23,MCD,211.8,4,BID
2020-10-30 10:39:27,MCD,211.99,1,ASK
2020-10-30 10:39:23,MCD,211.8,4,BID
2020-10-30 10:39:30,MCD,211.99,1,ASK
2020-10-30 10:39:23,MCD,211.8,4,BID
2020-10-30 10:39:32,MCD,211.99,1,ASK
2020-10-30 10:39:23,MCD,211.8,4,BID
2020-10-30 10:39:32,MCD,211.99,1,ASK
2020-10-30 10:39:23,MCD,211.8,4,BID
2020-10-30 10:39:32,MCD,211.99,1,ASK
2020-10-30 10:39:23,MCD,211.8,4,BID
2020-10-30 10:39:33,MCD,211.99,2,ASK
2020-10-30 10:39:36,MCD,211.74,2,BID
2020-10-30 10:39:36,MCD,211.9,1,ASK
2020-10-30 10:39:37,MCD,211.66,3,BID
2020-10-30 10:39:37,MCD,211.86,2,ASK
2020-10-30 10:39:37,MCD,211.68,2,BID
2020-10-30 10:39:37,MCD,211.8,1,ASK
2020-10-30 10:39:37,MCD,211.68,2,BID
2020-10-30 10:39:37,MCD,211.8,1,ASK
2020-10-30 10:39:41,MCD,211.6,2,BID
2020-10-30 10:39:41,MCD,211.78,1,ASK
2020-10-30 10:39:41,MCD,211.6,2,BID
2020-10-30 10:39:41,MCD,211.78,1,ASK
2020-10-30 10:39:41,MCD,211.6,2,BID
2020-10-30 10:39:41,MCD,211.78,1,ASK
2020-10-30 10:39:43,MCD,211.66,1,BID
2020-10-30 10:39:43,MCD,211.78,2,ASK
2020-10-30 10:39:46,MCD,211.66,2,BID
2020-10-30 10:39:46,MCD,211.78,2,ASK
2020-10-30 10:39:46,MCD,211.66,2,BID
2020-10-30 10:39:46,MCD,211.78,2,ASK
2020-10-30 10:39:47,MCD,211.66,4,BID
2020-10-30 10:39:47,MCD,211.78,2,ASK
2020-10-30 10:39:47,MCD,211.66,4,BID
2020-10-30 10:39:47,MCD,211.78,2,ASK
2020-10-30 10:39:48,MCD,211.66,4,BID
2020-10-30 10:39:48,MCD,211.78,4,ASK
2020-10-30 10:39:48,MCD,211.66,1,BID
2020-10-30 10:39:48,MCD,211.78,4,ASK
2020-10-30 10:39:48,MCD,211.66,1,BID
2020-10-30 10:39:48,MCD,211.78,4,ASK
2020-10-30 10:39:53,MCD,211.7,3,BID
2020-10-30 10:39:53,MCD,211.94,9,ASK
2020-10-30 10:39:56,MCD,211.75,1,BID
2020-10-30 10:39:56,MCD,211.94,9,ASK
2020-10-30 10:39:56,MCD,211.76,2,BID
2020-10-30 10:39:56,MCD,211.94,9,ASK
2020-10-30 10:39:56,MCD,211.76,2,BID
2020-10-30 10:39:56,MCD,211.94,9,ASK
2020-10-30 10:39:56,MCD,211.76,2,BID
2020-10-30 10:39:56,MCD,211.94,9,ASK
2020-10-30 10:40:00,MCD,211.76,2,BID
2020-10-30 10:40:00,MCD,211.94,9,ASK
2020-10-30 10:40:00,MCD,211.75,4,BID
2020-10-30 10:40:00,MCD,211.94,9,ASK
2020-10-30 10:40:00,MCD,211.75,4,BID
2020-10-30 10:40:00,MCD,211.94,9,ASK
2020-10-30 10:40:00,MCD,211.75,4,BID
2020-10-30 10:40:00,MCD,211.94,9,ASK
2020-10-30 10:40:00,MCD,211.75,4,BID
2020-10-30 10:40:00,MCD,211.94,9,ASK
2020-10-30 10:40:00,MCD,211.75,4,BID
2020-10-30 10:40:00,MCD,211.94,9,ASK
2020-10-30 10:40:00,MCD,211.75,4,BID
2020-10-30 10:40:00,MCD,211.94,9,ASK
2020-10-30 10:40:00,MCD,211.75,4,BID
2020-10-30 10:40:00,MCD,211.94,9,ASK
2020-10-30 10:40:00,MCD,211.75,4,BID
2020-10-30 10:40:00,MCD,211.94,9,ASK
2020-10-30 10:40:00,MCD,211.75,4,BID
2020-10-30 10:40:00,MCD,211.94,9,ASK
2020-10-30 10:40:00,MCD,211.75,4,BID
2020-10-30 10:40:00,MCD,211.94,9,ASK
2020-10-30 10:40:03,MCD,211.66,1,BID
2020-10-30 10:40:03,MCD,211.74,2,ASK
2020-10-30 10:40:03,MCD,211.56,2,BID
2020-10-30 10:40:03,MCD,211.74,4,ASK
2020-10-30 10:40:04,MCD,211.56,3,BID
2020-10-30 10:40:04,MCD,211.74,4,ASK
2020-10-30 10:40:07,MCD,211.49,6,BID
2020-10-30 10:40:07,MCD,211.73,1,ASK
2020-10-30 10:40:07,MCD,211.57,2,BID
2020-10-30 10:40:07,MCD,211.73,3,ASK
2020-10-30 10:40:07,MCD,211.57,2,BID
2020-10-30 10:40:07,MCD,211.73,3,ASK
2020-10-30 10:40:07,MCD,211.57,2,BID
2020-10-30 10:40:07,MCD,211.73,3,ASK
2020-10-30 10:40:07,MCD,211.57,2,BID
2020-10-30 10:40:07,MCD,211.73,3,ASK
2020-10-30 10:40:07,MCD,211.57,2,BID
2020-10-30 10:40:07,MCD,211.73,3,ASK
2020-10-30 10:40:11,MCD,211.57,2,BID
2020-10-30 10:40:11,MCD,211.69,4,ASK
2020-10-30 10:40:11,MCD,211.57,2,BID
2020-10-30 10:40:11,MCD,211.69,4,ASK
2020-10-30 10:40:13,MCD,211.5,1,BID
2020-10-30 10:40:13,MCD,211.62,2,ASK
2020-10-30 10:40:13,MCD,211.5,1,BID
2020-10-30 10:40:13,MCD,211.62,5,ASK
2020-10-30 10:40:14,MCD,211.42,1,BID
2020-10-30 10:40:14,MCD,211.62,5,ASK
2020-10-30 10:40:17,MCD,211.46,1,BID
2020-10-30 10:40:14,MCD,211.62,5,ASK
2020-10-30 10:40:17,MCD,211.46,1,BID
2020-10-30 10:40:14,MCD,211.62,5,ASK
2020-10-30 10:40:17,MCD,211.46,1,BID
2020-10-30 10:40:14,MCD,211.62,5,ASK
2020-10-30 10:40:17,MCD,211.46,1,BID
2020-10-30 10:40:14,MCD,211.62,5,ASK
2020-10-30 10:40:17,MCD,211.46,1,BID
2020-10-30 10:40:14,MCD,211.62,5,ASK
2020-10-30 10:40:17,MCD,211.46,1,BID
2020-10-30 10:40:14,MCD,211.62,5,ASK
2020-10-30 10:40:17,MCD,211.46,1,BID
2020-10-30 10:40:14,MCD,211.62,5,ASK
2020-10-30 10:40:18,MCD,211.46,2,BID
2020-10-30 10:40:14,MCD,211.62,5,ASK
2020-10-30 10:40:19,MCD,211.42,2,BID
2020-10-30 10:40:14,MCD,211.62,5,ASK
2020-10-30 10:40:19,MCD,211.42,2,BID
2020-10-30 10:40:14,MCD,211.62,5,ASK
2020-10-30 10:40:26,MCD,211.44,2,BID
2020-10-30 10:40:26,MCD,211.6,4,ASK
2020-10-30 10:40:30,MCD,211.44,1,BID
2020-10-30 10:40:30,MCD,211.6,4,ASK
2020-10-30 10:40:31,MCD,211.44,1,BID
2020-10-30 10:40:31,MCD,211.6,6,ASK
2020-10-30 10:40:31,MCD,211.4,1,BID
2020-10-30 10:40:31,MCD,211.6,6,ASK
2020-10-30 10:40:31,MCD,211.4,1,BID
2020-10-30 10:40:31,MCD,211.6,6,ASK
2020-10-30 10:40:31,MCD,211.4,1,BID
2020-10-30 10:40:31,MCD,211.6,6,ASK
2020-10-30 10:40:34,MCD,211.33,1,BID
2020-10-30 10:40:34,MCD,211.5,1,ASK
2020-10-30 10:40:34,MCD,211.33,1,BID
2020-10-30 10:40:34,MCD,211.5,3,ASK
2020-10-30 10:40:36,MCD,211.31,5,BID
2020-10-30 10:40:36,MCD,211.5,3,ASK
2020-10-30 10:40:36,MCD,211.35,1,BID
2020-10-30 10:40:36,MCD,211.5,3,ASK
2020-10-30 10:40:36,MCD,211.35,1,BID
2020-10-30 10:40:36,MCD,211.5,3,ASK
2020-10-30 10:40:39,MCD,211.36,2,BID
2020-10-30 10:40:39,MCD,211.5,4,ASK
2020-10-30 10:40:40,MCD,211.36,2,BID
2020-10-30 10:40:39,MCD,211.5,4,ASK
2020-10-30 10:40:41,MCD,211.36,2,BID
2020-10-30 10:40:41,MCD,211.5,4,ASK
2020-10-30 10:40:43,MCD,211.38,2,BID
2020-10-30 10:40:43,MCD,211.6,6,ASK
2020-10-30 10:40:43,MCD,211.38,3,BID
2020-10-30 10:40:45,MCD,211.6,6,ASK
2020-10-30 10:40:43,MCD,211.38,3,BID
2020-10-30 10:40:45,MCD,211.6,6,ASK
2020-10-30 10:40:43,MCD,211.38,3,BID
2020-10-30 10:40:45,MCD,211.6,6,ASK
2020-10-30 10:40:48,MCD,211.38,4,BID
2020-10-30 10:40:48,MCD,211.6,6,ASK
2020-10-30 10:40:48,MCD,211.38,4,BID
2020-10-30 10:40:48,MCD,211.6,6,ASK
2020-10-30 10:40:48,MCD,211.38,4,BID
2020-10-30 10:40:48,MCD,211.6,6,ASK
2020-10-30 10:40:48,MCD,211.38,4,BID
2020-10-30 10:40:48,MCD,211.6,6,ASK
2020-10-30 10:40:48,MCD,211.38,4,BID
2020-10-30 10:40:48,MCD,211.6,6,ASK
2020-10-30 10:40:54,MCD,211.38,4,BID
2020-10-30 10:40:54,MCD,211.6,6,ASK
2020-10-30 10:40:55,MCD,211.38,5,BID
2020-10-30 10:40:54,MCD,211.6,6,ASK
2020-10-30 10:40:55,MCD,211.38,5,BID
2020-10-30 10:40:55,MCD,211.6,6,ASK
2020-10-30 10:40:55,MCD,211.38,6,BID
2020-10-30 10:40:55,MCD,211.6,6,ASK
2020-10-30 10:40:55,MCD,211.38,6,BID
2020-10-30 10:40:55,MCD,211.6,6,ASK
2020-10-30 10:40:58,MCD,211.39,1,BID
2020-10-30 10:40:58,MCD,211.57,2,ASK
2020-10-30 10:40:59,MCD,211.39,1,BID
2020-10-30 10:40:59,MCD,211.57,2,ASK
2020-10-30 10:41:00,MCD,211.39,2,BID
2020-10-30 10:41:00,MCD,211.57,2,ASK
2020-10-30 10:41:00,MCD,211.39,2,BID
2020-10-30 10:41:01,MCD,211.57,4,ASK
2020-10-30 10:41:00,MCD,211.39,2,BID
2020-10-30 10:41:01,MCD,211.57,4,ASK
2020-10-30 10:41:03,MCD,211.38,8,BID
2020-10-30 10:41:03,MCD,211.57,4,ASK
2020-10-30 10:41:04,MCD,211.39,1,BID
2020-10-30 10:41:04,MCD,211.57,4,ASK
2020-10-30 10:41:04,MCD,211.39,1,BID
2020-10-30 10:41:04,MCD,211.57,4,ASK
2020-10-30 10:41:04,MCD,211.39,1,BID
2020-10-30 10:41:04,MCD,211.57,4,ASK
2020-10-30 10:41:04,MCD,211.39,1,BID
2020-10-30 10:41:04,MCD,211.57,4,ASK
2020-10-30 10:41:04,MCD,211.39,1,BID
2020-10-30 10:41:04,MCD,211.57,4,ASK
2020-10-30 10:41:10,MCD,211.38,8,BID
2020-10-30 10:41:10,MCD,211.5,1,ASK
2020-10-30 10:41:10,MCD,211.38,8,BID
2020-10-30 10:41:11,MCD,211.53,1,ASK
2020-10-30 10:41:11,MCD,211.38,7,BID
2020-10-30 10:41:11,MCD,211.53,1,ASK
2020-10-30 10:41:11,MCD,211.38,7,BID
2020-10-30 10:41:11,MCD,211.53,1,ASK
2020-10-30 10:41:11,MCD,211.38,7,BID
2020-10-30 10:41:11,MCD,211.53,1,ASK
2020-10-30 10:40:36,MCD,211.31,4,BID
2020-10-30 10:41:16,MCD,211.45,3,ASK
2020-10-30 10:40:36,MCD,211.31,4,BID
2020-10-30 10:41:16,MCD,211.45,3,ASK
2020-10-30 10:40:36,MCD,211.31,4,BID
2020-10-30 10:41:17,MCD,211.41,1,ASK
2020-10-30 10:41:18,MCD,211.27,1,BID
2020-10-30 10:41:18,MCD,211.39,2,ASK
2020-10-30 10:41:18,MCD,211.27,1,BID
2020-10-30 10:41:18,MCD,211.39,2,ASK
2020-10-30 10:41:19,MCD,211.27,1,BID
2020-10-30 10:41:20,MCD,211.35,1,ASK
2020-10-30 10:41:20,MCD,211.26,1,BID
2020-10-30 10:41:20,MCD,211.35,1,ASK
2020-10-30 10:41:22,MCD,211.2,3,BID
2020-10-30 10:41:22,MCD,211.35,4,ASK
2020-10-30 10:41:22,MCD,211.2,1,BID
2020-10-30 10:41:22,MCD,211.35,5,ASK
2020-10-30 10:41:22,MCD,211.2,1,BID
2020-10-30 10:41:22,MCD,211.35,5,ASK
2020-10-30 10:41:23,MCD,211.11,2,BID
2020-10-30 10:41:22,MCD,211.35,4,ASK
2020-10-30 10:41:23,MCD,211.11,2,BID
2020-10-30 10:41:22,MCD,211.35,3,ASK
2020-10-30 10:41:23,MCD,211.11,2,BID
2020-10-30 10:41:22,MCD,211.35,3,ASK
2020-10-30 10:41:24,MCD,211.11,2,BID
2020-10-30 10:41:22,MCD,211.35,3,ASK
2020-10-30 10:41:24,MCD,211.11,2,BID
2020-10-30 10:41:22,MCD,211.35,3,ASK
2020-10-30 10:41:26,MCD,211.19,1,BID
2020-10-30 10:41:22,MCD,211.35,3,ASK
2020-10-30 10:41:27,MCD,211.11,2,BID
2020-10-30 10:41:22,MCD,211.35,3,ASK
2020-10-30 10:41:28,MCD,211.14,1,BID
2020-10-30 10:41:22,MCD,211.35,3,ASK
2020-10-30 10:41:28,MCD,211.11,2,BID
2020-10-30 10:41:22,MCD,211.35,3,ASK
2020-10-30 10:41:30,MCD,211.12,1,BID
2020-10-30 10:41:22,MCD,211.35,3,ASK
2020-10-30 10:41:31,MCD,211.12,1,BID
2020-10-30 10:41:22,MCD,211.35,3,ASK
2020-10-30 10:41:31,MCD,211.18,1,BID
2020-10-30 10:41:22,MCD,211.35,3,ASK
2020-10-30 10:41:33,MCD,211.11,2,BID
2020-10-30 10:41:22,MCD,211.35,3,ASK
2020-10-30 10:41:35,MCD,211.11,5,BID
2020-10-30 10:41:22,MCD,211.35,3,ASK
2020-10-30 10:41:35,MCD,211.11,5,BID
2020-10-30 10:41:22,MCD,211.35,3,ASK
2020-10-30 10:41:35,MCD,211.11,5,BID
2020-10-30 10:41:22,MCD,211.35,3,ASK
2020-10-30 10:41:37,MCD,211.11,5,BID
2020-10-30 10:41:22,MCD,211.35,3,ASK
2020-10-30 10:41:39,MCD,211.12,2,BID
2020-10-30 10:41:22,MCD,211.35,3,ASK
2020-10-30 10:41:40,MCD,211.18,2,BID
2020-10-30 10:41:22,MCD,211.35,3,ASK
2020-10-30 10:41:41,MCD,211.18,3,BID
2020-10-30 10:41:22,MCD,211.35,3,ASK
2020-10-30 10:41:41,MCD,211.18,3,BID
2020-10-30 10:41:22,MCD,211.35,3,ASK
2020-10-30 10:41:43,MCD,211.18,3,BID
2020-10-30 10:41:22,MCD,211.35,2,ASK
2020-10-30 10:41:43,MCD,211.19,2,BID
2020-10-30 10:41:22,MCD,211.35,3,ASK
2020-10-30 10:41:43,MCD,211.19,2,BID
2020-10-30 10:41:22,MCD,211.35,3,ASK
2020-10-30 10:41:43,MCD,211.19,2,BID
2020-10-30 10:41:22,MCD,211.35,3,ASK
2020-10-30 10:41:46,MCD,211.19,2,BID
2020-10-30 10:41:22,MCD,211.35,2,ASK
2020-10-30 10:41:46,MCD,211.19,2,BID
2020-10-30 10:41:22,MCD,211.35,2,ASK
2020-10-30 10:41:46,MCD,211.19,2,BID
2020-10-30 10:41:22,MCD,211.35,2,ASK
2020-10-30 10:41:46,MCD,211.19,2,BID
2020-10-30 10:41:22,MCD,211.35,2,ASK
2020-10-30 10:41:50,MCD,211.35,2,BID
2020-10-30 10:41:50,MCD,211.5,1,ASK
2020-10-30 10:41:50,MCD,211.18,3,BID
2020-10-30 10:41:50,MCD,211.42,3,ASK
2020-10-30 10:41:50,MCD,211.18,3,BID
2020-10-30 10:41:50,MCD,211.42,2,ASK
2020-10-30 10:41:50,MCD,211.18,3,BID
2020-10-30 10:41:50,MCD,211.42,3,ASK
2020-10-30 10:41:51,MCD,211.18,3,BID
2020-10-30 10:41:51,MCD,211.42,5,ASK
2020-10-30 10:41:52,MCD,211.18,3,BID
2020-10-30 10:41:52,MCD,211.42,5,ASK
2020-10-30 10:41:54,MCD,211.18,3,BID
2020-10-30 10:41:54,MCD,211.41,1,ASK
2020-10-30 10:41:54,MCD,211.18,8,BID
2020-10-30 10:41:54,MCD,211.42,4,ASK
2020-10-30 10:41:56,MCD,211.3,1,BID
2020-10-30 10:41:56,MCD,211.5,4,ASK
2020-10-30 10:41:57,MCD,211.24,3,BID
2020-10-30 10:41:57,MCD,211.5,4,ASK
2020-10-30 10:41:57,MCD,211.24,5,BID
2020-10-30 10:41:57,MCD,211.5,3,ASK
2020-10-30 10:41:57,MCD,211.24,5,BID
2020-10-30 10:41:58,MCD,211.5,3,ASK
2020-10-30 10:41:59,MCD,211.24,4,BID
2020-10-30 10:41:59,MCD,211.5,4,ASK
2020-10-30 10:42:00,MCD,211.24,4,BID
2020-10-30 10:42:00,MCD,211.5,4,ASK
2020-10-30 10:42:00,MCD,211.24,4,BID
2020-10-30 10:42:00,MCD,211.5,4,ASK
2020-10-30 10:42:01,MCD,211.24,4,BID
2020-10-30 10:42:01,MCD,211.5,4,ASK
2020-10-30 10:42:02,MCD,211.24,4,BID
2020-10-30 10:42:02,MCD,211.5,4,ASK
2020-10-30 10:42:02,MCD,211.24,4,BID
2020-10-30 10:42:02,MCD,211.5,4,ASK
2020-10-30 10:42:03,MCD,211.24,4,BID
2020-10-30 10:42:03,MCD,211.5,8,ASK
2020-10-30 10:42:04,MCD,211.24,4,BID
2020-10-30 10:42:04,MCD,211.49,3,ASK
2020-10-30 10:42:04,MCD,211.24,4,BID
2020-10-30 10:42:04,MCD,211.45,16,ASK
2020-10-30 10:42:04,MCD,211.24,4,BID
2020-10-30 10:42:04,MCD,211.45,16,ASK
2020-10-30 10:42:05,MCD,211.24,4,BID
2020-10-30 10:42:04,MCD,211.45,17,ASK
2020-10-30 10:42:05,MCD,211.24,4,BID
2020-10-30 10:42:04,MCD,211.45,17,ASK
2020-10-30 10:42:05,MCD,211.24,4,BID
2020-10-30 10:42:04,MCD,211.45,17,ASK
2020-10-30 10:42:08,MCD,211.24,4,BID
2020-10-30 10:42:08,MCD,211.43,5,ASK
2020-10-30 10:42:08,MCD,211.24,4,BID
2020-10-30 10:42:08,MCD,211.43,5,ASK
2020-10-30 10:42:10,MCD,211.24,4,BID
2020-10-30 10:42:10,MCD,211.43,8,ASK
2020-10-30 10:42:10,MCD,211.24,4,BID
2020-10-30 10:42:10,MCD,211.43,8,ASK
2020-10-30 10:42:11,MCD,211.24,4,BID
2020-10-30 10:42:10,MCD,211.43,7,ASK
2020-10-30 10:42:12,MCD,211.24,4,BID
2020-10-30 10:42:10,MCD,211.43,7,ASK
2020-10-30 10:42:14,MCD,211.24,4,BID
2020-10-30 10:42:14,MCD,211.43,7,ASK
2020-10-30 10:42:15,MCD,211.24,4,BID
2020-10-30 10:42:15,MCD,211.43,9,ASK
2020-10-30 10:42:16,MCD,211.24,4,BID
2020-10-30 10:42:16,MCD,211.43,9,ASK
2020-10-30 10:42:17,MCD,211.24,4,BID
2020-10-30 10:42:16,MCD,211.43,8,ASK
2020-10-30 10:42:17,MCD,211.24,4,BID
2020-10-30 10:42:16,MCD,211.43,8,ASK
2020-10-30 10:42:18,MCD,211.24,4,BID
2020-10-30 10:42:16,MCD,211.43,6,ASK
2020-10-30 10:42:18,MCD,211.24,4,BID
2020-10-30 10:42:16,MCD,211.43,6,ASK
2020-10-30 10:42:21,MCD,211.24,4,BID
2020-10-30 10:42:16,MCD,211.43,9,ASK
2020-10-30 10:42:22,MCD,211.24,4,BID
2020-10-30 10:42:22,MCD,211.43,10,ASK
2020-10-30 10:42:23,MCD,211.24,4,BID
2020-10-30 10:42:23,MCD,211.43,10,ASK
2020-10-30 10:42:23,MCD,211.24,4,BID
2020-10-30 10:42:23,MCD,211.43,10,ASK
2020-10-30 10:42:25,MCD,211.24,4,BID
2020-10-30 10:42:25,MCD,211.43,10,ASK
2020-10-30 10:42:26,MCD,211.24,5,BID
2020-10-30 10:42:25,MCD,211.43,9,ASK
2020-10-30 10:42:27,MCD,211.24,6,BID
2020-10-30 10:42:25,MCD,211.43,9,ASK
2020-10-30 10:42:29,MCD,211.24,6,BID
2020-10-30 10:42:25,MCD,211.43,9,ASK
2020-10-30 10:42:30,MCD,211.24,6,BID
2020-10-30 10:42:25,MCD,211.43,9,ASK
2020-10-30 10:42:32,MCD,211.24,6,BID
2020-10-30 10:42:25,MCD,211.43,10,ASK
2020-10-30 10:42:33,MCD,211.24,6,BID
2020-10-30 10:42:25,MCD,211.43,10,ASK
2020-10-30 10:42:35,MCD,211.24,7,BID
2020-10-30 10:42:25,MCD,211.43,10,ASK
2020-10-30 10:42:36,MCD,211.24,6,BID
2020-10-30 10:42:36,MCD,211.4,3,ASK
2020-10-30 10:42:37,MCD,211.24,6,BID
2020-10-30 10:42:37,MCD,211.4,3,ASK
2020-10-30 10:42:37,MCD,211.24,6,BID
2020-10-30 10:42:37,MCD,211.4,3,ASK
2020-10-30 10:42:37,MCD,211.24,6,BID
2020-10-30 10:42:37,MCD,211.4,3,ASK
2020-10-30 10:42:39,MCD,211.24,6,BID
2020-10-30 10:42:39,MCD,211.4,3,ASK
2020-10-30 10:42:41,MCD,211.24,6,BID
2020-10-30 10:42:41,MCD,211.32,1,ASK
2020-10-30 10:42:41,MCD,211.24,6,BID
2020-10-30 10:42:41,MCD,211.32,1,ASK
2020-10-30 10:42:41,MCD,211.24,6,BID
2020-10-30 10:42:41,MCD,211.32,1,ASK
2020-10-30 10:42:41,MCD,211.24,6,BID
2020-10-30 10:42:41,MCD,211.32,1,ASK
2020-10-30 10:42:45,MCD,211.32,1,BID
2020-10-30 10:42:45,MCD,211.4,1,ASK
2020-10-30 10:42:46,MCD,211.24,6,BID
2020-10-30 10:42:46,MCD,211.4,3,ASK
2020-10-30 10:42:46,MCD,211.24,6,BID
2020-10-30 10:42:46,MCD,211.4,3,ASK
2020-10-30 10:42:46,MCD,211.24,6,BID
2020-10-30 10:42:46,MCD,211.4,3,ASK
2020-10-30 10:42:46,MCD,211.24,6,BID
2020-10-30 10:42:46,MCD,211.4,3,ASK
2020-10-30 10:42:46,MCD,211.24,6,BID
2020-10-30 10:42:46,MCD,211.4,3,ASK
2020-10-30 10:42:52,MCD,211.24,6,BID
2020-10-30 10:42:52,MCD,211.4,5,ASK
2020-10-30 10:42:53,MCD,211.24,6,BID
2020-10-30 10:42:53,MCD,211.4,5,ASK
2020-10-30 10:42:53,MCD,211.24,6,BID
2020-10-30 10:42:53,MCD,211.4,5,ASK
2020-10-30 10:42:53,MCD,211.24,6,BID
2020-10-30 10:42:53,MCD,211.4,5,ASK
2020-10-30 10:42:53,MCD,211.24,6,BID
2020-10-30 10:42:53,MCD,211.4,5,ASK
2020-10-30 10:42:53,MCD,211.24,6,BID
2020-10-30 10:42:53,MCD,211.4,5,ASK
2020-10-30 10:42:53,MCD,211.24,6,BID
2020-10-30 10:42:53,MCD,211.4,5,ASK
2020-10-30 10:42:53,MCD,211.24,6,BID
2020-10-30 10:42:53,MCD,211.4,5,ASK
2020-10-30 10:42:59,MCD,211.24,6,BID
2020-10-30 10:42:53,MCD,211.4,5,ASK
2020-10-30 10:43:00,MCD,211.24,6,BID
2020-10-30 10:42:53,MCD,211.4,5,ASK
2020-10-30 10:43:00,MCD,211.24,6,BID
2020-10-30 10:42:53,MCD,211.4,5,ASK
2020-10-30 10:43:00,MCD,211.24,6,BID
2020-10-30 10:42:53,MCD,211.4,5,ASK
2020-10-30 10:43:00,MCD,211.24,6,BID
2020-10-30 10:42:53,MCD,211.4,5,ASK
2020-10-30 10:43:00,MCD,211.24,6,BID
2020-10-30 10:42:53,MCD,211.4,5,ASK
2020-10-30 10:43:02,MCD,211.43,2,BID
2020-10-30 10:43:02,MCD,211.59,1,ASK
2020-10-30 10:43:02,MCD,211.43,3,BID
2020-10-30 10:43:01,MCD,211.6,9,ASK
2020-10-30 10:43:02,MCD,211.43,3,BID
2020-10-30 10:43:01,MCD,211.6,9,ASK
2020-10-30 10:43:02,MCD,211.43,3,BID
2020-10-30 10:43:01,MCD,211.6,9,ASK
2020-10-30 10:43:02,MCD,211.43,3,BID
2020-10-30 10:43:01,MCD,211.6,9,ASK
2020-10-30 10:43:03,MCD,211.44,9,BID
2020-10-30 10:40:14,MCD,211.62,5,ASK
2020-10-30 10:43:04,MCD,211.45,2,BID
2020-10-30 10:43:04,MCD,211.61,1,ASK
2020-10-30 10:43:04,MCD,211.45,2,BID
2020-10-30 10:43:04,MCD,211.61,1,ASK
2020-10-30 10:43:05,MCD,211.45,2,BID
2020-10-30 10:43:05,MCD,211.61,2,ASK
2020-10-30 10:43:05,MCD,211.44,7,BID
2020-10-30 10:43:05,MCD,211.61,2,ASK
2020-10-30 10:43:05,MCD,211.44,7,BID
2020-10-30 10:43:05,MCD,211.61,2,ASK
2020-10-30 10:43:05,MCD,211.44,7,BID
2020-10-30 10:43:05,MCD,211.61,2,ASK
2020-10-30 10:43:03,MCD,211.44,7,BID
2020-10-30 10:43:04,MCD,211.61,2,ASK
2020-10-30 10:43:07,MCD,211.46,1,BID
2020-10-30 10:43:04,MCD,211.61,2,ASK
2020-10-30 10:43:08,MCD,211.46,1,BID
2020-10-30 10:43:08,MCD,211.61,2,ASK
2020-10-30 10:43:08,MCD,211.46,1,BID
2020-10-30 10:43:08,MCD,211.61,2,ASK
2020-10-30 10:43:09,MCD,211.46,3,BID
2020-10-30 10:43:09,MCD,211.61,4,ASK
2020-10-30 10:43:10,MCD,211.46,3,BID
2020-10-30 10:43:10,MCD,211.61,7,ASK
2020-10-30 10:43:10,MCD,211.46,3,BID
2020-10-30 10:43:10,MCD,211.61,7,ASK
2020-10-30 10:43:10,MCD,211.46,3,BID
2020-10-30 10:43:10,MCD,211.61,7,ASK
2020-10-30 10:43:10,MCD,211.46,3,BID
2020-10-30 10:43:10,MCD,211.61,7,ASK
2020-10-30 10:43:10,MCD,211.46,3,BID
2020-10-30 10:43:10,MCD,211.61,7,ASK
2020-10-30 10:43:10,MCD,211.46,3,BID
2020-10-30 10:43:10,MCD,211.61,7,ASK
2020-10-30 10:43:10,MCD,211.46,3,BID
2020-10-30 10:43:10,MCD,211.61,7,ASK
2020-10-30 10:43:10,MCD,211.46,3,BID
2020-10-30 10:43:10,MCD,211.61,7,ASK
2020-10-30 10:43:10,MCD,211.46,3,BID
2020-10-30 10:43:10,MCD,211.61,7,ASK
2020-10-30 10:43:10,MCD,211.46,3,BID
2020-10-30 10:43:10,MCD,211.61,7,ASK
2020-10-30 10:43:18,MCD,211.34,1,BID
2020-10-30 10:43:18,MCD,211.46,1,ASK
2020-10-30 10:43:18,MCD,211.34,1,BID
2020-10-30 10:43:18,MCD,211.46,1,ASK
2020-10-30 10:43:18,MCD,211.34,1,BID
2020-10-30 10:43:18,MCD,211.46,1,ASK
2020-10-30 10:43:18,MCD,211.34,1,BID
2020-10-30 10:43:18,MCD,211.46,1,ASK
2020-10-30 10:43:18,MCD,211.34,1,BID
2020-10-30 10:43:18,MCD,211.46,1,ASK
2020-10-30 10:43:18,MCD,211.34,1,BID
2020-10-30 10:43:18,MCD,211.46,1,ASK
2020-10-30 10:43:22,MCD,211.25,2,BID
2020-10-30 10:43:22,MCD,211.34,1,ASK
2020-10-30 10:43:22,MCD,211.25,2,BID
2020-10-30 10:43:22,MCD,211.34,1,ASK
2020-10-30 10:43:23,MCD,211.15,1,BID
2020-10-30 10:43:23,MCD,211.28,1,ASK
2020-10-30 10:41:38,MCD,211.11,4,BID
2020-10-30 10:43:23,MCD,211.28,1,ASK
2020-10-30 10:41:38,MCD,211.11,4,BID
2020-10-30 10:43:23,MCD,211.28,1,ASK
2020-10-30 10:41:38,MCD,211.11,4,BID
2020-10-30 10:43:23,MCD,211.28,1,ASK
2020-10-30 10:41:38,MCD,211.11,4,BID
2020-10-30 10:43:23,MCD,211.28,1,ASK
2020-10-30 10:43:25,MCD,211.13,1,BID
2020-10-30 10:43:25,MCD,211.28,5,ASK
2020-10-30 10:43:25,MCD,211.13,1,BID
2020-10-30 10:43:25,MCD,211.28,5,ASK
2020-10-30 10:43:25,MCD,211.13,1,BID
2020-10-30 10:43:25,MCD,211.28,5,ASK
2020-10-30 10:43:25,MCD,211.13,1,BID
2020-10-30 10:43:25,MCD,211.28,5,ASK
2020-10-30 10:43:30,MCD,211.13,1,BID
2020-10-30 10:43:30,MCD,211.28,5,ASK
2020-10-30 10:43:30,MCD,211.13,1,BID
2020-10-30 10:43:30,MCD,211.28,5,ASK
2020-10-30 10:43:31,MCD,211.17,1,BID
2020-10-30 10:43:31,MCD,211.28,5,ASK
2020-10-30 10:43:32,MCD,211.15,13,BID
2020-10-30 10:43:32,MCD,211.42,1,ASK
2020-10-30 10:43:32,MCD,211.15,13,BID
2020-10-30 10:43:32,MCD,211.42,1,ASK
2020-10-30 10:43:32,MCD,211.15,13,BID
2020-10-30 10:43:35,MCD,211.42,1,ASK
2020-10-30 10:43:35,MCD,211.28,1,BID
2020-10-30 10:43:35,MCD,211.44,2,ASK
2020-10-30 10:43:35,MCD,211.15,10,BID
2020-10-30 10:43:37,MCD,211.44,4,ASK
2020-10-30 10:43:35,MCD,211.15,11,BID
2020-10-30 10:43:38,MCD,211.44,4,ASK
2020-10-30 10:43:39,MCD,211.18,1,BID
2020-10-30 10:43:38,MCD,211.44,5,ASK
2020-10-30 10:43:40,MCD,211.18,1,BID
2020-10-30 10:43:38,MCD,211.44,5,ASK
2020-10-30 10:43:40,MCD,211.18,1,BID
2020-10-30 10:43:38,MCD,211.44,5,ASK
2020-10-30 10:43:41,MCD,211.18,3,BID
2020-10-30 10:43:38,MCD,211.44,5,ASK
2020-10-30 10:43:42,MCD,211.18,3,BID
2020-10-30 10:43:42,MCD,211.44,8,ASK
2020-10-30 10:43:43,MCD,211.24,1,BID
2020-10-30 10:43:43,MCD,211.44,7,ASK
2020-10-30 10:43:45,MCD,211.18,5,BID
2020-10-30 10:43:45,MCD,211.34,4,ASK
2020-10-30 10:43:46,MCD,211.14,1,BID
2020-10-30 10:43:46,MCD,211.34,4,ASK
2020-10-30 10:43:46,MCD,211.14,1,BID
2020-10-30 10:43:46,MCD,211.34,4,ASK
2020-10-30 10:43:47,MCD,211.14,1,BID
2020-10-30 10:43:47,MCD,211.34,4,ASK
2020-10-30 10:41:38,MCD,211.11,4,BID
2020-10-30 10:43:47,MCD,211.26,1,ASK
2020-10-30 10:43:47,MCD,211.13,1,BID
2020-10-30 10:43:47,MCD,211.41,5,ASK
2020-10-30 10:41:38,MCD,211.11,4,BID
2020-10-30 10:43:48,MCD,211.41,5,ASK
2020-10-30 10:41:38,MCD,211.11,4,BID
2020-10-30 10:43:48,MCD,211.41,5,ASK
2020-10-30 10:41:38,MCD,211.11,4,BID
2020-10-30 10:43:48,MCD,211.41,5,ASK
2020-10-30 10:41:38,MCD,211.11,4,BID
2020-10-30 10:43:49,MCD,211.41,10,ASK
2020-10-30 10:43:49,MCD,211.13,1,BID
2020-10-30 10:43:49,MCD,211.41,18,ASK
2020-10-30 10:41:38,MCD,211.11,4,BID
2020-10-30 10:43:49,MCD,211.41,18,ASK
2020-10-30 10:41:38,MCD,211.11,4,BID
2020-10-30 10:43:50,MCD,211.41,19,ASK
2020-10-30 10:43:50,MCD,211.08,2,BID
2020-10-30 10:43:50,MCD,211.25,1,ASK
2020-10-30 10:43:50,MCD,210.91,3,BID
2020-10-30 10:43:50,MCD,210.98,1,ASK
2020-10-30 10:43:51,MCD,210.94,3,BID
2020-10-30 10:43:51,MCD,211.08,2,ASK
2020-10-30 10:43:51,MCD,210.94,3,BID
2020-10-30 10:43:51,MCD,211.08,2,ASK
2020-10-30 10:43:51,MCD,210.94,3,BID
2020-10-30 10:43:51,MCD,211.08,2,ASK
2020-10-30 10:43:51,MCD,210.94,3,BID
2020-10-30 10:43:51,MCD,211.08,2,ASK
2020-10-30 10:43:52,MCD,211.02,3,BID
2020-10-30 10:43:52,MCD,211.17,1,ASK
2020-10-30 10:43:52,MCD,211.02,4,BID
2020-10-30 10:43:52,MCD,211.23,1,ASK
2020-10-30 10:43:53,MCD,211.02,6,BID
2020-10-30 10:43:53,MCD,211.26,1,ASK
2020-10-30 10:43:53,MCD,211.02,6,BID
2020-10-30 10:43:53,MCD,211.26,1,ASK
2020-10-30 10:43:53,MCD,211.02,7,BID
2020-10-30 10:43:53,MCD,211.26,1,ASK
2020-10-30 10:43:54,MCD,211.04,10,BID
2020-10-30 10:43:54,MCD,211.38,3,ASK
2020-10-30 10:43:54,MCD,211.04,10,BID
2020-10-30 10:43:54,MCD,211.38,3,ASK
2020-10-30 10:43:54,MCD,211.04,10,BID
2020-10-30 10:43:54,MCD,211.38,3,ASK
2020-10-30 10:43:54,MCD,211.04,10,BID
2020-10-30 10:43:54,MCD,211.38,3,ASK
2020-10-30 10:43:55,MCD,211.04,10,BID
2020-10-30 10:43:55,MCD,211.38,3,ASK
2020-10-30 10:43:55,MCD,211.06,4,BID
2020-10-30 10:43:55,MCD,211.38,3,ASK
2020-10-30 10:43:55,MCD,211.06,4,BID
2020-10-30 10:43:55,MCD,211.38,3,ASK
2020-10-30 10:43:56,MCD,211.06,4,BID
2020-10-30 10:43:55,MCD,211.38,10,ASK
2020-10-30 10:43:56,MCD,211.06,5,BID
2020-10-30 10:43:55,MCD,211.38,11,ASK
2020-10-30 10:43:57,MCD,211.06,4,BID
2020-10-30 10:43:55,MCD,211.38,11,ASK
2020-10-30 10:43:57,MCD,211.06,4,BID
2020-10-30 10:43:55,MCD,211.38,11,ASK
2020-10-30 10:43:58,MCD,211.06,4,BID
2020-10-30 10:43:55,MCD,211.38,13,ASK
2020-10-30 10:43:59,MCD,211.11,1,BID
2020-10-30 10:43:55,MCD,211.38,13,ASK
2020-10-30 10:43:59,MCD,211.11,1,BID
2020-10-30 10:43:55,MCD,211.38,13,ASK
2020-10-30 10:44:00,MCD,211.11,1,BID
2020-10-30 10:43:55,MCD,211.38,12,ASK
2020-10-30 10:44:00,MCD,211.11,1,BID
2020-10-30 10:43:55,MCD,211.38,12,ASK
2020-10-30 10:44:01,MCD,211.06,5,BID
2020-10-30 10:43:55,MCD,211.38,11,ASK
2020-10-30 10:44:01,MCD,211.06,5,BID
2020-10-30 10:43:55,MCD,211.38,10,ASK
2020-10-30 10:44:01,MCD,211.06,5,BID
2020-10-30 10:43:55,MCD,211.38,10,ASK
2020-10-30 10:44:03,MCD,211.11,1,BID
2020-10-30 10:43:55,MCD,211.38,9,ASK
2020-10-30 10:44:03,MCD,211.11,1,BID
2020-10-30 10:43:55,MCD,211.38,6,ASK
2020-10-30 10:44:04,MCD,211.11,1,BID
2020-10-30 10:43:55,MCD,211.38,6,ASK
2020-10-30 10:44:04,MCD,211.11,1,BID
2020-10-30 10:43:55,MCD,211.38,7,ASK
2020-10-30 10:44:04,MCD,211.11,1,BID
2020-10-30 10:43:55,MCD,211.38,7,ASK
2020-10-30 10:44:05,MCD,211.11,1,BID
2020-10-30 10:43:55,MCD,211.38,7,ASK
2020-10-30 10:44:06,MCD,211.11,1,BID
2020-10-30 10:43:55,MCD,211.38,6,ASK
2020-10-30 10:44:06,MCD,211.11,1,BID
2020-10-30 10:43:55,MCD,211.38,6,ASK
2020-10-30 10:44:06,MCD,211.11,1,BID
2020-10-30 10:43:55,MCD,211.38,6,ASK
2020-10-30 10:44:07,MCD,211.11,2,BID
2020-10-30 10:43:55,MCD,211.38,8,ASK
2020-10-30 10:44:08,MCD,211.11,2,BID
2020-10-30 10:43:55,MCD,211.38,8,ASK
2020-10-30 10:44:08,MCD,211.11,2,BID
2020-10-30 10:43:55,MCD,211.38,8,ASK
2020-10-30 10:44:09,MCD,211.13,1,BID
2020-10-30 10:43:55,MCD,211.38,8,ASK
2020-10-30 10:44:09,MCD,211.13,1,BID
2020-10-30 10:43:55,MCD,211.38,8,ASK
2020-10-30 10:44:09,MCD,211.13,1,BID
2020-10-30 10:43:55,MCD,211.38,8,ASK
2020-10-30 10:44:12,MCD,211.13,1,BID
2020-10-30 10:43:55,MCD,211.38,8,ASK
2020-10-30 10:44:12,MCD,211.13,1,BID
2020-10-30 10:43:55,MCD,211.38,8,ASK
2020-10-30 10:44:12,MCD,211.13,1,BID
2020-10-30 10:43:55,MCD,211.38,8,ASK
2020-10-30 10:44:14,MCD,211.13,2,BID
2020-10-30 10:44:14,MCD,211.37,1,ASK
2020-10-30 10:44:14,MCD,211.13,2,BID
2020-10-30 10:43:55,MCD,211.38,8,ASK
2020-10-30 10:44:17,MCD,211.16,1,BID
2020-10-30 10:43:55,MCD,211.38,7,ASK
2020-10-30 10:44:19,MCD,211.15,1,BID
2020-10-30 10:44:19,MCD,211.3,2,ASK
2020-10-30 10:44:21,MCD,211.15,1,BID
2020-10-30 10:43:55,MCD,211.38,7,ASK
2020-10-30 10:44:21,MCD,211.15,1,BID
2020-10-30 10:44:21,MCD,211.37,4,ASK
2020-10-30 10:44:23,MCD,211.15,2,BID
2020-10-30 10:44:23,MCD,211.37,4,ASK
2020-10-30 10:44:23,MCD,211.15,2,BID
2020-10-30 10:44:23,MCD,211.37,4,ASK
2020-10-30 10:44:24,MCD,211.22,3,BID
2020-10-30 10:44:24,MCD,211.37,5,ASK
2020-10-30 10:44:25,MCD,211.22,3,BID
2020-10-30 10:44:24,MCD,211.37,4,ASK
2020-10-30 10:44:25,MCD,211.22,3,BID
2020-10-30 10:44:24,MCD,211.37,4,ASK
2020-10-30 10:44:27,MCD,211.22,4,BID
2020-10-30 10:44:27,MCD,211.37,3,ASK
2020-10-30 10:44:28,MCD,211.23,1,BID
2020-10-30 10:44:28,MCD,211.37,3,ASK
2020-10-30 10:44:30,MCD,211.3,2,BID
2020-10-30 10:44:30,MCD,211.47,1,ASK
2020-10-30 10:44:30,MCD,211.3,3,BID
2020-10-30 10:44:30,MCD,211.47,1,ASK
2020-10-30 10:44:32,MCD,211.27,1,BID
2020-10-30 10:44:32,MCD,211.47,2,ASK
2020-10-30 10:44:33,MCD,211.3,1,BID
2020-10-30 10:44:33,MCD,211.47,3,ASK
2020-10-30 10:44:35,MCD,211.3,2,BID
2020-10-30 10:44:33,MCD,211.47,3,ASK
2020-10-30 10:44:35,MCD,211.27,1,BID
2020-10-30 10:44:35,MCD,211.47,6,ASK
2020-10-30 10:44:35,MCD,211.27,1,BID
2020-10-30 10:44:35,MCD,211.47,6,ASK
2020-10-30 10:44:39,MCD,211.12,5,BID
2020-10-30 10:44:39,MCD,211.31,1,ASK
2020-10-30 10:44:39,MCD,211.14,1,BID
2020-10-30 10:44:39,MCD,211.31,1,ASK
2020-10-30 10:44:39,MCD,211.14,1,BID
2020-10-30 10:44:39,MCD,211.31,1,ASK
2020-10-30 10:44:40,MCD,211.14,1,BID
2020-10-30 10:44:40,MCD,211.37,3,ASK
2020-10-30 10:44:40,MCD,211.14,1,BID
2020-10-30 10:44:40,MCD,211.37,3,ASK
2020-10-30 10:44:40,MCD,211.14,1,BID
2020-10-30 10:44:40,MCD,211.37,3,ASK
2020-10-30 10:44:40,MCD,211.14,1,BID
2020-10-30 10:44:40,MCD,211.37,3,ASK
2020-10-30 10:44:40,MCD,211.14,1,BID
2020-10-30 10:44:40,MCD,211.37,3,ASK
2020-10-30 10:44:40,MCD,211.14,1,BID
2020-10-30 10:44:40,MCD,211.37,3,ASK
2020-10-30 10:44:40,MCD,211.14,1,BID
2020-10-30 10:44:40,MCD,211.37,3,ASK
2020-10-30 10:44:40,MCD,211.14,1,BID
2020-10-30 10:44:40,MCD,211.37,3,ASK
2020-10-30 10:44:48,MCD,211.15,1,BID
2020-10-30 10:44:48,MCD,211.37,3,ASK
2020-10-30 10:44:48,MCD,211.14,4,BID
2020-10-30 10:44:48,MCD,211.37,3,ASK
2020-10-30 10:44:49,MCD,211.15,1,BID
2020-10-30 10:44:49,MCD,211.37,4,ASK
2020-10-30 10:44:49,MCD,211.15,2,BID
2020-10-30 10:44:50,MCD,211.37,4,ASK
2020-10-30 10:44:49,MCD,211.15,2,BID
2020-10-30 10:44:50,MCD,211.37,4,ASK
2020-10-30 10:44:48,MCD,211.14,4,BID
2020-10-30 10:44:51,MCD,211.28,2,ASK
2020-10-30 10:44:48,MCD,211.14,4,BID
2020-10-30 10:44:51,MCD,211.28,2,ASK
2020-10-30 10:44:53,MCD,211.16,1,BID
2020-10-30 10:44:53,MCD,211.37,1,ASK
2020-10-30 10:44:54,MCD,211.17,1,BID
2020-10-30 10:44:54,MCD,211.38,2,ASK
2020-10-30 10:44:54,MCD,211.17,1,BID
2020-10-30 10:44:54,MCD,211.38,2,ASK
2020-10-30 10:44:54,MCD,211.17,1,BID
2020-10-30 10:44:54,MCD,211.38,2,ASK
2020-10-30 10:44:54,MCD,211.17,1,BID
2020-10-30 10:44:54,MCD,211.38,2,ASK
2020-10-30 10:44:54,MCD,211.17,1,BID
2020-10-30 10:44:54,MCD,211.38,2,ASK
2020-10-30 10:44:54,MCD,211.17,1,BID
2020-10-30 10:44:54,MCD,211.38,2,ASK
2020-10-30 10:44:54,MCD,211.17,1,BID
2020-10-30 10:44:54,MCD,211.38,2,ASK
2020-10-30 10:44:54,MCD,211.17,1,BID
2020-10-30 10:44:54,MCD,211.38,2,ASK
2020-10-30 10:44:54,MCD,211.17,1,BID
2020-10-30 10:44:54,MCD,211.38,2,ASK
2020-10-30 10:44:54,MCD,211.17,1,BID
2020-10-30 10:44:54,MCD,211.38,2,ASK
2020-10-30 10:44:54,MCD,211.17,1,BID
2020-10-30 10:44:54,MCD,211.38,2,ASK
2020-10-30 10:44:54,MCD,211.17,1,BID
2020-10-30 10:44:54,MCD,211.38,2,ASK
2020-10-30 10:44:57,MCD,211.17,1,BID
2020-10-30 10:44:57,MCD,211.38,5,ASK
2020-10-30 10:44:59,MCD,211.17,1,BID
2020-10-30 10:44:57,MCD,211.38,5,ASK
2020-10-30 10:45:00,MCD,211.19,2,BID
2020-10-30 10:45:00,MCD,211.38,2,ASK
2020-10-30 10:45:00,MCD,211.2,5,BID
2020-10-30 10:45:01,MCD,211.38,3,ASK
2020-10-30 10:45:01,MCD,211.21,1,BID
2020-10-30 10:45:01,MCD,211.38,3,ASK
2020-10-30 10:45:01,MCD,211.21,3,BID
2020-10-30 10:45:01,MCD,211.4,1,ASK
2020-10-30 10:45:02,MCD,211.21,4,BID
2020-10-30 10:45:02,MCD,211.4,1,ASK
2020-10-30 10:45:02,MCD,211.21,4,BID
2020-10-30 10:45:02,MCD,211.4,1,ASK
2020-10-30 10:45:03,MCD,211.21,5,BID
2020-10-30 10:45:03,MCD,211.39,1,ASK
2020-10-30 10:45:03,MCD,211.2,6,BID
2020-10-30 10:45:03,MCD,211.38,4,ASK
2020-10-30 10:45:03,MCD,211.22,2,BID
2020-10-30 10:45:03,MCD,211.32,1,ASK
2020-10-30 10:45:03,MCD,211.2,6,BID
2020-10-30 10:45:04,MCD,211.32,1,ASK
2020-10-30 10:45:03,MCD,211.2,5,BID
2020-10-30 10:45:04,MCD,211.32,2,ASK
2020-10-30 10:45:03,MCD,211.2,5,BID
2020-10-30 10:45:04,MCD,211.32,2,ASK
2020-10-30 10:45:03,MCD,211.2,5,BID
2020-10-30 10:45:06,MCD,211.33,1,ASK
2020-10-30 10:45:06,MCD,211.2,7,BID
2020-10-30 10:45:06,MCD,211.38,7,ASK
2020-10-30 10:45:07,MCD,211.21,1,BID
2020-10-30 10:45:07,MCD,211.37,2,ASK
2020-10-30 10:45:08,MCD,211.22,1,BID
2020-10-30 10:45:08,MCD,211.37,2,ASK
2020-10-30 10:45:08,MCD,211.22,1,BID
2020-10-30 10:45:08,MCD,211.37,2,ASK
2020-10-30 10:45:10,MCD,211.22,2,BID
2020-10-30 10:45:10,MCD,211.37,2,ASK
2020-10-30 10:45:11,MCD,211.38,2,BID
2020-10-30 10:45:11,MCD,211.47,5,ASK
2020-10-30 10:45:12,MCD,211.38,2,BID
2020-10-30 10:44:33,MCD,211.47,5,ASK
2020-10-30 10:45:12,MCD,211.38,2,BID
2020-10-30 10:44:33,MCD,211.47,5,ASK
2020-10-30 10:45:12,MCD,211.38,2,BID
2020-10-30 10:44:33,MCD,211.47,5,ASK
2020-10-30 10:45:12,MCD,211.38,2,BID
2020-10-30 10:44:33,MCD,211.47,5,ASK
2020-10-30 10:45:15,MCD,211.37,1,BID
2020-10-30 10:44:33,MCD,211.47,5,ASK
2020-10-30 10:45:16,MCD,211.33,1,BID
2020-10-30 10:44:33,MCD,211.47,5,ASK
2020-10-30 10:45:17,MCD,211.34,2,BID
2020-10-30 10:44:33,MCD,211.47,5,ASK
2020-10-30 10:45:17,MCD,211.34,2,BID
2020-10-30 10:44:33,MCD,211.47,5,ASK
2020-10-30 10:45:19,MCD,211.34,3,BID
2020-10-30 10:44:33,MCD,211.47,5,ASK
2020-10-30 10:45:19,MCD,211.34,3,BID
2020-10-30 10:44:33,MCD,211.47,5,ASK
2020-10-30 10:45:19,MCD,211.34,3,BID
2020-10-30 10:44:33,MCD,211.47,5,ASK
2020-10-30 10:45:19,MCD,211.34,3,BID
2020-10-30 10:44:33,MCD,211.47,5,ASK
2020-10-30 10:45:19,MCD,211.34,3,BID
2020-10-30 10:44:33,MCD,211.47,5,ASK
2020-10-30 10:45:23,MCD,211.35,3,BID
2020-10-30 10:44:33,MCD,211.47,5,ASK
2020-10-30 10:45:23,MCD,211.35,3,BID
2020-10-30 10:44:33,MCD,211.47,5,ASK
2020-10-30 10:45:23,MCD,211.35,3,BID
2020-10-30 10:44:33,MCD,211.47,5,ASK
2020-10-30 10:45:23,MCD,211.35,3,BID
2020-10-30 10:44:33,MCD,211.47,5,ASK
2020-10-30 10:45:23,MCD,211.35,3,BID
2020-10-30 10:44:33,MCD,211.47,5,ASK
2020-10-30 10:45:28,MCD,211.35,2,BID
2020-10-30 10:44:33,MCD,211.47,5,ASK
2020-10-30 10:45:28,MCD,211.35,2,BID
2020-10-30 10:44:33,MCD,211.47,5,ASK
2020-10-30 10:45:30,MCD,211.35,2,BID
2020-10-30 10:44:33,MCD,211.47,5,ASK
2020-10-30 10:45:30,MCD,211.35,2,BID
2020-10-30 10:44:33,MCD,211.47,5,ASK
2020-10-30 10:45:30,MCD,211.35,2,BID
2020-10-30 10:44:33,MCD,211.47,5,ASK
2020-10-30 10:45:34,MCD,211.42,2,BID
2020-10-30 10:43:04,MCD,211.62,6,ASK
2020-10-30 10:45:34,MCD,211.44,1,BID
2020-10-30 10:45:34,MCD,211.68,1,ASK
2020-10-30 10:45:36,MCD,211.44,1,BID
2020-10-30 10:45:36,MCD,211.68,1,ASK
2020-10-30 10:45:37,MCD,211.44,2,BID
2020-10-30 10:45:37,MCD,211.67,6,ASK
2020-10-30 10:45:37,MCD,211.44,2,BID
2020-10-30 10:45:37,MCD,211.67,6,ASK
2020-10-30 10:45:37,MCD,211.44,2,BID
2020-10-30 10:45:40,MCD,211.67,6,ASK
2020-10-30 10:45:37,MCD,211.44,2,BID
2020-10-30 10:45:40,MCD,211.67,6,ASK
2020-10-30 10:45:42,MCD,211.41,5,BID
2020-10-30 10:45:42,MCD,211.67,6,ASK
2020-10-30 10:45:43,MCD,211.42,1,BID
2020-10-30 10:45:42,MCD,211.67,6,ASK
2020-10-30 10:45:43,MCD,211.42,1,BID
2020-10-30 10:45:42,MCD,211.67,6,ASK
2020-10-30 10:45:44,MCD,211.44,4,BID
2020-10-30 10:45:42,MCD,211.67,6,ASK
2020-10-30 10:45:46,MCD,211.45,2,BID
2020-10-30 10:45:46,MCD,211.65,1,ASK
2020-10-30 10:45:46,MCD,211.45,2,BID
2020-10-30 10:45:46,MCD,211.65,1,ASK
2020-10-30 10:45:46,MCD,211.45,2,BID
2020-10-30 10:45:46,MCD,211.65,1,ASK
2020-10-30 10:45:47,MCD,211.44,3,BID
2020-10-30 10:45:47,MCD,211.65,1,ASK
2020-10-30 10:45:48,MCD,211.44,3,BID
2020-10-30 10:45:48,MCD,211.65,1,ASK
2020-10-30 10:45:50,MCD,211.46,2,BID
2020-10-30 10:45:50,MCD,211.65,1,ASK
2020-10-30 10:45:51,MCD,211.45,4,BID
2020-10-30 10:45:51,MCD,211.65,1,ASK
2020-10-30 10:45:52,MCD,211.47,3,BID
2020-10-30 10:45:52,MCD,211.65,1,ASK
2020-10-30 10:45:53,MCD,211.47,5,BID
2020-10-30 10:45:53,MCD,211.65,1,ASK
2020-10-30 10:45:53,MCD,211.47,5,BID
2020-10-30 10:45:56,MCD,211.65,1,ASK
2020-10-30 10:45:53,MCD,211.47,5,BID
2020-10-30 10:45:57,MCD,211.65,1,ASK
2020-10-30 10:45:59,MCD,211.47,8,BID
2020-10-30 10:45:59,MCD,211.65,3,ASK
2020-10-30 10:45:59,MCD,211.47,8,BID
2020-10-30 10:46:00,MCD,211.65,3,ASK
2020-10-30 10:45:59,MCD,211.47,8,BID
2020-10-30 10:46:01,MCD,211.65,3,ASK
2020-10-30 10:45:59,MCD,211.47,8,BID
2020-10-30 10:46:01,MCD,211.65,3,ASK
2020-10-30 10:45:59,MCD,211.47,8,BID
2020-10-30 10:46:01,MCD,211.65,3,ASK
2020-10-30 10:45:59,MCD,211.47,8,BID
2020-10-30 10:46:01,MCD,211.65,3,ASK
2020-10-30 10:45:59,MCD,211.47,8,BID
2020-10-30 10:46:01,MCD,211.65,3,ASK
2020-10-30 10:46:07,MCD,211.47,9,BID
2020-10-30 10:46:07,MCD,211.65,5,ASK
2020-10-30 10:46:08,MCD,211.47,9,BID
2020-10-30 10:46:08,MCD,211.65,5,ASK
2020-10-30 10:46:08,MCD,211.47,9,BID
2020-10-30 10:46:08,MCD,211.65,5,ASK
2020-10-30 10:46:10,MCD,211.48,1,BID
2020-10-30 10:46:10,MCD,211.65,5,ASK
2020-10-30 10:46:10,MCD,211.48,1,BID
2020-10-30 10:46:10,MCD,211.65,7,ASK
2020-10-30 10:46:12,MCD,211.47,11,BID
2020-10-30 10:46:10,MCD,211.65,7,ASK
2020-10-30 10:46:12,MCD,211.47,11,BID
2020-10-30 10:46:10,MCD,211.65,7,ASK
2020-10-30 10:46:12,MCD,211.47,11,BID
2020-10-30 10:46:10,MCD,211.65,7,ASK
2020-10-30 10:46:12,MCD,211.47,11,BID
2020-10-30 10:46:12,MCD,211.65,7,ASK
2020-10-30 10:46:15,MCD,211.48,2,BID
2020-10-30 10:46:15,MCD,211.65,7,ASK
2020-10-30 10:46:15,MCD,211.48,2,BID
2020-10-30 10:46:15,MCD,211.65,7,ASK
2020-10-30 10:46:15,MCD,211.48,2,BID
2020-10-30 10:46:15,MCD,211.65,7,ASK
2020-10-30 10:46:15,MCD,211.48,2,BID
2020-10-30 10:46:15,MCD,211.65,7,ASK
2020-10-30 10:46:15,MCD,211.48,2,BID
2020-10-30 10:46:15,MCD,211.65,7,ASK
2020-10-30 10:46:15,MCD,211.48,2,BID
2020-10-30 10:46:15,MCD,211.65,7,ASK
2020-10-30 10:46:19,MCD,211.47,9,BID
2020-10-30 10:46:19,MCD,211.56,1,ASK
2020-10-30 10:46:19,MCD,211.38,2,BID
2020-10-30 10:46:19,MCD,211.52,1,ASK
2020-10-30 10:46:19,MCD,211.38,1,BID
2020-10-30 10:46:19,MCD,211.52,4,ASK
2020-10-30 10:46:20,MCD,211.3,1,BID
2020-10-30 10:46:20,MCD,211.52,4,ASK
2020-10-30 10:46:20,MCD,211.3,2,BID
2020-10-30 10:46:20,MCD,211.52,8,ASK
2020-10-30 10:46:20,MCD,211.3,2,BID
2020-10-30 10:46:20,MCD,211.52,8,ASK
2020-10-30 10:46:23,MCD,211.3,3,BID
2020-10-30 10:46:23,MCD,211.52,6,ASK
2020-10-30 10:46:24,MCD,211.3,3,BID
2020-10-30 10:46:23,MCD,211.52,6,ASK
2020-10-30 10:46:24,MCD,211.3,3,BID
2020-10-30 10:46:23,MCD,211.52,6,ASK
2020-10-30 10:45:03,MCD,211.2,6,BID
2020-10-30 10:46:25,MCD,211.41,4,ASK
2020-10-30 10:46:26,MCD,211.16,5,BID
2020-10-30 10:46:26,MCD,211.41,4,ASK
2020-10-30 10:46:27,MCD,211.16,5,BID
2020-10-30 10:46:27,MCD,211.41,4,ASK
2020-10-30 10:46:28,MCD,211.17,3,BID
2020-10-30 10:46:28,MCD,211.33,6,ASK
2020-10-30 10:46:29,MCD,211.15,2,BID
2020-10-30 10:46:28,MCD,211.33,6,ASK
2020-10-30 10:46:30,MCD,211.15,3,BID
2020-10-30 10:46:28,MCD,211.33,6,ASK
2020-10-30 10:46:30,MCD,211.15,3,BID
2020-10-30 10:46:28,MCD,211.33,6,ASK
2020-10-30 10:46:30,MCD,211.15,3,BID
2020-10-30 10:46:28,MCD,211.33,6,ASK
2020-10-30 10:46:30,MCD,211.15,4,BID
2020-10-30 10:46:28,MCD,211.33,6,ASK
2020-10-30 10:46:30,MCD,211.15,4,BID
2020-10-30 10:46:28,MCD,211.33,6,ASK
2020-10-30 10:46:30,MCD,211.15,4,BID
2020-10-30 10:46:35,MCD,211.33,6,ASK
2020-10-30 10:46:30,MCD,211.15,4,BID
2020-10-30 10:46:36,MCD,211.33,6,ASK
2020-10-30 10:46:38,MCD,211.34,2,BID
2020-10-30 10:46:38,MCD,211.48,2,ASK
2020-10-30 10:46:38,MCD,211.34,4,BID
2020-10-30 10:46:39,MCD,211.51,2,ASK
2020-10-30 10:46:40,MCD,211.34,6,BID
2020-10-30 10:46:40,MCD,211.51,2,ASK
2020-10-30 10:46:40,MCD,211.34,6,BID
2020-10-30 10:46:41,MCD,211.51,3,ASK
2020-10-30 10:46:40,MCD,211.34,6,BID
2020-10-30 10:46:41,MCD,211.51,3,ASK
2020-10-30 10:46:41,MCD,211.34,4,BID
2020-10-30 10:46:41,MCD,211.51,4,ASK
2020-10-30 10:46:41,MCD,211.34,4,BID
2020-10-30 10:46:41,MCD,211.51,4,ASK
2020-10-30 10:46:41,MCD,211.34,4,BID
2020-10-30 10:46:41,MCD,211.51,4,ASK
2020-10-30 10:46:41,MCD,211.34,4,BID
2020-10-30 10:46:41,MCD,211.51,4,ASK
2020-10-30 10:46:47,MCD,211.42,1,BID
2020-10-30 10:46:47,MCD,211.54,2,ASK
2020-10-30 10:46:48,MCD,211.44,2,BID
2020-10-30 10:46:48,MCD,211.66,2,ASK
2020-10-30 10:46:49,MCD,211.44,2,BID
2020-10-30 10:46:49,MCD,211.66,3,ASK
2020-10-30 10:46:50,MCD,211.44,1,BID
2020-10-30 10:46:50,MCD,211.64,4,ASK
2020-10-30 10:46:51,MCD,211.44,3,BID
2020-10-30 10:46:51,MCD,211.63,4,ASK
2020-10-30 10:46:51,MCD,211.44,3,BID
2020-10-30 10:46:51,MCD,211.63,3,ASK
2020-10-30 10:46:51,MCD,211.44,3,BID
2020-10-30 10:46:51,MCD,211.63,3,ASK
2020-10-30 10:46:51,MCD,211.44,3,BID
2020-10-30 10:46:51,MCD,211.63,3,ASK
2020-10-30 10:46:51,MCD,211.44,3,BID
2020-10-30 10:46:51,MCD,211.63,3,ASK
2020-10-30 10:46:51,MCD,211.44,3,BID
2020-10-30 10:46:51,MCD,211.63,3,ASK
2020-10-30 10:46:51,MCD,211.44,3,BID
2020-10-30 10:46:51,MCD,211.63,3,ASK
2020-10-30 10:46:51,MCD,211.44,3,BID
2020-10-30 10:46:51,MCD,211.63,3,ASK
2020-10-30 10:46:51,MCD,211.44,3,BID
2020-10-30 10:46:51,MCD,211.63,3,ASK
2020-10-30 10:46:51,MCD,211.44,3,BID
2020-10-30 10:46:51,MCD,211.63,3,ASK
2020-10-30 10:46:51,MCD,211.44,3,BID
2020-10-30 10:46:51,MCD,211.63,3,ASK
2020-10-30 10:46:51,MCD,211.44,3,BID
2020-10-30 10:46:51,MCD,211.63,3,ASK
2020-10-30 10:46:51,MCD,211.44,3,BID
2020-10-30 10:46:51,MCD,211.63,3,ASK
2020-10-30 10:46:51,MCD,211.44,3,BID
2020-10-30 10:46:51,MCD,211.63,3,ASK
2020-10-30 10:46:51,MCD,211.44,3,BID
2020-10-30 10:46:51,MCD,211.63,3,ASK
2020-10-30 10:46:51,MCD,211.44,3,BID
2020-10-30 10:46:51,MCD,211.63,3,ASK
2020-10-30 10:46:51,MCD,211.44,3,BID
2020-10-30 10:46:51,MCD,211.63,3,ASK
2020-10-30 10:46:51,MCD,211.44,3,BID
2020-10-30 10:46:51,MCD,211.63,3,ASK
2020-10-30 10:46:51,MCD,211.44,3,BID
2020-10-30 10:46:51,MCD,211.63,3,ASK
2020-10-30 10:46:51,MCD,211.44,3,BID
2020-10-30 10:46:51,MCD,211.63,3,ASK
2020-10-30 10:46:51,MCD,211.44,3,BID
2020-10-30 10:46:51,MCD,211.63,3,ASK
2020-10-30 10:46:51,MCD,211.44,3,BID
2020-10-30 10:46:51,MCD,211.63,3,ASK
2020-10-30 10:46:51,MCD,211.44,3,BID
2020-10-30 10:46:51,MCD,211.63,3,ASK
2020-10-30 10:46:51,MCD,211.44,3,BID
2020-10-30 10:46:51,MCD,211.63,3,ASK
2020-10-30 10:46:51,MCD,211.44,3,BID
2020-10-30 10:46:51,MCD,211.63,3,ASK
2020-10-30 10:46:51,MCD,211.44,3,BID
2020-10-30 10:46:51,MCD,211.63,3,ASK
2020-10-30 10:46:51,MCD,211.44,3,BID
2020-10-30 10:46:51,MCD,211.63,3,ASK
2020-10-30 10:46:58,MCD,211.45,5,BID
2020-10-30 10:46:58,MCD,211.58,3,ASK
2020-10-30 10:46:59,MCD,211.46,1,BID
2020-10-30 10:46:59,MCD,211.62,1,ASK
2020-10-30 10:47:00,MCD,211.46,2,BID
2020-10-30 10:47:00,MCD,211.63,3,ASK
2020-10-30 10:47:02,MCD,211.46,4,BID
2020-10-30 10:47:02,MCD,211.63,3,ASK
2020-10-30 10:47:02,MCD,211.46,4,BID
2020-10-30 10:47:02,MCD,211.63,3,ASK
2020-10-30 10:47:02,MCD,211.46,4,BID
2020-10-30 10:47:02,MCD,211.63,3,ASK
2020-10-30 10:47:02,MCD,211.46,4,BID
2020-10-30 10:47:02,MCD,211.63,3,ASK
2020-10-30 10:47:02,MCD,211.46,4,BID
2020-10-30 10:47:02,MCD,211.63,3,ASK
2020-10-30 10:47:02,MCD,211.46,4,BID
2020-10-30 10:47:02,MCD,211.63,3,ASK
2020-10-30 10:47:02,MCD,211.46,4,BID
2020-10-30 10:47:02,MCD,211.63,3,ASK
2020-10-30 10:47:02,MCD,211.46,4,BID
2020-10-30 10:47:02,MCD,211.63,3,ASK
2020-10-30 10:47:07,MCD,211.45,6,BID
2020-10-30 10:47:07,MCD,211.59,1,ASK
2020-10-30 10:47:07,MCD,211.22,2,BID
2020-10-30 10:47:07,MCD,211.44,3,ASK
2020-10-30 10:47:07,MCD,211.25,1,BID
2020-10-30 10:47:07,MCD,211.44,3,ASK
2020-10-30 10:47:08,MCD,211.25,2,BID
2020-10-30 10:47:08,MCD,211.44,2,ASK
2020-10-30 10:47:08,MCD,211.25,2,BID
2020-10-30 10:47:08,MCD,211.46,1,ASK
2020-10-30 10:47:08,MCD,211.25,2,BID
2020-10-30 10:47:08,MCD,211.46,1,ASK
2020-10-30 10:47:08,MCD,211.25,2,BID
2020-10-30 10:47:08,MCD,211.46,1,ASK
2020-10-30 10:47:08,MCD,211.25,2,BID
2020-10-30 10:47:08,MCD,211.46,1,ASK
2020-10-30 10:47:08,MCD,211.25,2,BID
2020-10-30 10:47:08,MCD,211.46,1,ASK
2020-10-30 10:47:09,MCD,211.25,1,BID
2020-10-30 10:47:09,MCD,211.46,1,ASK
2020-10-30 10:47:09,MCD,211.25,1,BID
2020-10-30 10:47:09,MCD,211.46,1,ASK
2020-10-30 10:47:09,MCD,211.25,1,BID
2020-10-30 10:47:09,MCD,211.46,1,ASK
2020-10-30 10:47:10,MCD,211.25,3,BID
2020-10-30 10:47:10,MCD,211.46,1,ASK
2020-10-30 10:47:11,MCD,211.25,3,BID
2020-10-30 10:47:11,MCD,211.48,3,ASK
2020-10-30 10:47:12,MCD,211.25,5,BID
2020-10-30 10:47:12,MCD,211.46,1,ASK
2020-10-30 10:47:12,MCD,211.25,5,BID
2020-10-30 10:47:13,MCD,211.48,5,ASK
2020-10-30 10:47:13,MCD,211.25,5,BID
2020-10-30 10:47:13,MCD,211.46,3,ASK
2020-10-30 10:47:13,MCD,211.25,5,BID
2020-10-30 10:47:14,MCD,211.46,3,ASK
2020-10-30 10:47:16,MCD,211.25,6,BID
2020-10-30 10:47:16,MCD,211.4,1,ASK
2020-10-30 10:47:18,MCD,211.25,5,BID
2020-10-30 10:47:18,MCD,211.4,1,ASK
2020-10-30 10:47:19,MCD,211.25,5,BID
2020-10-30 10:47:19,MCD,211.4,5,ASK
2020-10-30 10:47:19,MCD,211.25,5,BID
2020-10-30 10:47:19,MCD,211.4,5,ASK
2020-10-30 10:47:21,MCD,211.1,1,BID
2020-10-30 10:47:21,MCD,211.29,4,ASK
2020-10-30 10:47:23,MCD,211.06,3,BID
2020-10-30 10:47:23,MCD,211.25,4,ASK
2020-10-30 10:47:23,MCD,211.06,3,BID
2020-10-30 10:47:23,MCD,211.25,4,ASK
2020-10-30 10:47:24,MCD,211.14,1,BID
2020-10-30 10:47:24,MCD,211.25,4,ASK
2020-10-30 10:47:24,MCD,211.14,1,BID
2020-10-30 10:47:24,MCD,211.25,3,ASK
2020-10-30 10:47:25,MCD,211.14,1,BID
2020-10-30 10:47:25,MCD,211.29,2,ASK
2020-10-30 10:47:27,MCD,211.14,1,BID
2020-10-30 10:47:27,MCD,211.29,2,ASK
2020-10-30 10:47:27,MCD,211.14,1,BID
2020-10-30 10:47:27,MCD,211.29,2,ASK
2020-10-30 10:47:29,MCD,211.11,1,BID
2020-10-30 10:47:29,MCD,211.29,4,ASK
2020-10-30 10:47:30,MCD,211.1,1,BID
2020-10-30 10:47:29,MCD,211.29,4,ASK
2020-10-30 10:47:32,MCD,211.11,2,BID
2020-10-30 10:47:32,MCD,211.29,3,ASK
2020-10-30 10:47:33,MCD,211.11,2,BID
2020-10-30 10:47:33,MCD,211.29,4,ASK
2020-10-30 10:47:34,MCD,211.11,2,BID
2020-10-30 10:47:34,MCD,211.29,4,ASK
2020-10-30 10:47:36,MCD,211.11,1,BID
2020-10-30 10:47:35,MCD,211.29,8,ASK
2020-10-30 10:47:37,MCD,211.09,1,BID
2020-10-30 10:47:35,MCD,211.29,8,ASK
2020-10-30 10:47:37,MCD,210.96,4,BID
2020-10-30 10:47:37,MCD,211.24,6,ASK
2020-10-30 10:47:37,MCD,210.96,4,BID
2020-10-30 10:47:37,MCD,211.24,6,ASK
2020-10-30 10:47:38,MCD,211.0,1,BID
2020-10-30 10:47:38,MCD,211.24,6,ASK
2020-10-30 10:47:40,MCD,211.01,2,BID
2020-10-30 10:47:40,MCD,211.24,5,ASK
2020-10-30 10:47:41,MCD,211.01,2,BID
2020-10-30 10:47:41,MCD,211.24,5,ASK
2020-10-30 10:47:41,MCD,211.01,2,BID
2020-10-30 10:47:41,MCD,211.24,5,ASK
2020-10-30 10:47:42,MCD,211.03,2,BID
2020-10-30 10:47:41,MCD,211.24,5,ASK
2020-10-30 10:47:42,MCD,211.03,2,BID
2020-10-30 10:47:41,MCD,211.24,5,ASK
2020-10-30 10:47:44,MCD,211.03,2,BID
2020-10-30 10:47:41,MCD,211.24,5,ASK
2020-10-30 10:47:45,MCD,211.03,3,BID
2020-10-30 10:47:41,MCD,211.24,5,ASK
2020-10-30 10:47:46,MCD,211.02,1,BID
2020-10-30 10:47:41,MCD,211.24,5,ASK
2020-10-30 10:47:46,MCD,211.03,1,BID
2020-10-30 10:47:41,MCD,211.24,6,ASK
2020-10-30 10:47:48,MCD,211.04,2,BID
2020-10-30 10:47:41,MCD,211.24,5,ASK
2020-10-30 10:47:48,MCD,211.04,2,BID
2020-10-30 10:47:41,MCD,211.24,5,ASK
2020-10-30 10:47:50,MCD,211.04,2,BID
2020-10-30 10:47:41,MCD,211.24,5,ASK
2020-10-30 10:47:51,MCD,211.04,2,BID
2020-10-30 10:47:41,MCD,211.24,9,ASK
2020-10-30 10:47:52,MCD,211.01,2,BID
2020-10-30 10:47:52,MCD,211.14,1,ASK
2020-10-30 10:47:52,MCD,210.9,2,BID
2020-10-30 10:47:52,MCD,211.14,4,ASK
2020-10-30 10:47:53,MCD,210.9,1,BID
2020-10-30 10:47:53,MCD,211.07,3,ASK
2020-10-30 10:47:54,MCD,210.87,1,BID
2020-10-30 10:47:54,MCD,210.98,3,ASK
2020-10-30 10:47:55,MCD,210.87,1,BID
2020-10-30 10:47:55,MCD,210.98,5,ASK
2020-10-30 10:47:55,MCD,210.87,1,BID
2020-10-30 10:47:55,MCD,210.98,5,ASK
2020-10-30 10:47:55,MCD,210.87,1,BID
2020-10-30 10:47:55,MCD,210.98,5,ASK
2020-10-30 10:47:58,MCD,210.87,2,BID
2020-10-30 10:47:58,MCD,210.98,4,ASK
2020-10-30 10:47:58,MCD,210.87,2,BID
2020-10-30 10:47:58,MCD,210.98,3,ASK
2020-10-30 10:47:58,MCD,210.87,2,BID
2020-10-30 10:47:58,MCD,210.98,3,ASK
2020-10-30 10:47:52,MCD,210.81,7,BID
2020-10-30 10:48:00,MCD,210.97,3,ASK
2020-10-30 10:47:52,MCD,210.81,7,BID
2020-10-30 10:48:00,MCD,210.97,3,ASK
2020-10-30 10:48:01,MCD,210.82,1,BID
2020-10-30 10:48:00,MCD,210.97,3,ASK
2020-10-30 10:48:01,MCD,210.82,1,BID
2020-10-30 10:48:00,MCD,210.97,3,ASK
2020-10-30 10:48:04,MCD,210.83,3,BID
2020-10-30 10:48:00,MCD,210.97,3,ASK
2020-10-30 10:48:04,MCD,210.83,3,BID
2020-10-30 10:48:00,MCD,210.97,3,ASK
2020-10-30 10:48:06,MCD,210.83,4,BID
2020-10-30 10:48:06,MCD,210.97,4,ASK
2020-10-30 10:48:08,MCD,210.83,4,BID
2020-10-30 10:48:08,MCD,210.97,4,ASK
2020-10-30 10:48:08,MCD,210.83,4,BID
2020-10-30 10:48:08,MCD,210.97,4,ASK
2020-10-30 10:48:09,MCD,210.83,4,BID
2020-10-30 10:48:09,MCD,210.96,1,ASK
2020-10-30 10:48:10,MCD,210.83,4,BID
2020-10-30 10:48:10,MCD,210.96,2,ASK
2020-10-30 10:48:10,MCD,210.83,4,BID
2020-10-30 10:48:10,MCD,210.96,2,ASK
2020-10-30 10:48:13,MCD,210.83,4,BID
2020-10-30 10:48:13,MCD,210.94,1,ASK
2020-10-30 10:48:13,MCD,210.83,3,BID
2020-10-30 10:48:15,MCD,210.94,1,ASK
2020-10-30 10:48:13,MCD,210.83,3,BID
2020-10-30 10:48:15,MCD,210.94,2,ASK
2020-10-30 10:48:13,MCD,210.83,3,BID
2020-10-30 10:48:15,MCD,210.94,2,ASK
2020-10-30 10:48:13,MCD,210.83,3,BID
2020-10-30 10:48:15,MCD,210.94,2,ASK
2020-10-30 10:48:13,MCD,210.83,3,BID
2020-10-30 10:48:15,MCD,210.94,2,ASK
2020-10-30 10:48:13,MCD,210.83,3,BID
2020-10-30 10:48:15,MCD,210.94,2,ASK
2020-10-30 10:48:13,MCD,210.83,3,BID
2020-10-30 10:48:20,MCD,210.94,2,ASK
2020-10-30 10:48:22,MCD,210.83,4,BID
2020-10-30 10:48:22,MCD,210.94,2,ASK
2020-10-30 10:47:52,MCD,210.81,7,BID
2020-10-30 10:48:23,MCD,210.87,3,ASK
2020-10-30 10:47:52,MCD,210.81,7,BID
2020-10-30 10:48:24,MCD,210.94,4,ASK
2020-10-30 10:47:52,MCD,210.81,7,BID
2020-10-30 10:48:24,MCD,210.94,4,ASK
2020-10-30 10:48:26,MCD,210.85,1,BID
2020-10-30 10:48:26,MCD,210.94,4,ASK
2020-10-30 10:48:26,MCD,210.85,1,BID
2020-10-30 10:48:26,MCD,210.94,4,ASK
2020-10-30 10:47:52,MCD,210.81,7,BID
2020-10-30 10:48:30,MCD,210.92,1,ASK
2020-10-30 10:48:31,MCD,210.87,2,BID
2020-10-30 10:48:31,MCD,210.96,1,ASK
2020-10-30 10:48:32,MCD,210.87,2,BID
2020-10-30 10:48:32,MCD,211.0,1,ASK
2020-10-30 10:48:33,MCD,210.87,2,BID
2020-10-30 10:48:33,MCD,211.0,1,ASK
2020-10-30 10:48:35,MCD,210.87,3,BID
2020-10-30 10:48:35,MCD,211.0,2,ASK
2020-10-30 10:48:37,MCD,210.87,3,BID
2020-10-30 10:48:37,MCD,211.01,1,ASK
2020-10-30 10:48:39,MCD,210.87,4,BID
2020-10-30 10:48:39,MCD,211.01,1,ASK
2020-10-30 10:48:41,MCD,210.87,6,BID
2020-10-30 10:48:41,MCD,211.1,1,ASK
2020-10-30 10:48:43,MCD,210.87,7,BID
2020-10-30 10:48:43,MCD,211.0,1,ASK
2020-10-30 10:48:43,MCD,210.87,6,BID
2020-10-30 10:48:43,MCD,211.0,1,ASK
2020-10-30 10:48:43,MCD,210.87,6,BID
2020-10-30 10:48:45,MCD,211.0,2,ASK
2020-10-30 10:48:46,MCD,210.72,1,BID
2020-10-30 10:48:46,MCD,210.99,1,ASK
2020-10-30 10:48:47,MCD,210.72,1,BID
2020-10-30 10:48:47,MCD,210.99,2,ASK
2020-10-30 10:48:49,MCD,210.72,1,BID
2020-10-30 10:48:46,MCD,211.0,4,ASK
2020-10-30 10:48:51,MCD,210.73,1,BID
2020-10-30 10:48:46,MCD,211.0,6,ASK
2020-10-30 10:48:51,MCD,210.72,1,BID
2020-10-30 10:48:46,MCD,211.0,6,ASK
2020-10-30 10:48:51,MCD,210.72,1,BID
2020-10-30 10:48:46,MCD,211.0,6,ASK
2020-10-30 10:48:54,MCD,210.72,1,BID
2020-10-30 10:48:46,MCD,211.0,6,ASK
2020-10-30 10:48:55,MCD,210.71,1,BID
2020-10-30 10:48:46,MCD,211.0,6,ASK
2020-10-30 10:48:57,MCD,210.71,1,BID
2020-10-30 10:48:46,MCD,211.0,6,ASK
2020-10-30 10:48:58,MCD,210.71,1,BID
2020-10-30 10:48:46,MCD,211.0,7,ASK
2020-10-30 10:49:00,MCD,210.69,3,BID
2020-10-30 10:49:00,MCD,211.0,21,ASK
2020-10-30 10:49:01,MCD,210.68,3,BID
2020-10-30 10:49:01,MCD,210.8,1,ASK
2020-10-30 10:49:01,MCD,210.68,4,BID
2020-10-30 10:49:01,MCD,210.8,1,ASK
2020-10-30 10:49:01,MCD,210.68,4,BID
2020-10-30 10:49:01,MCD,210.8,1,ASK
2020-10-30 10:49:01,MCD,210.68,4,BID
2020-10-30 10:49:01,MCD,210.8,1,ASK
2020-10-30 10:49:01,MCD,210.68,4,BID
2020-10-30 10:49:01,MCD,210.8,1,ASK
2020-10-30 10:49:01,MCD,210.68,4,BID
2020-10-30 10:49:01,MCD,210.8,1,ASK
2020-10-30 10:49:01,MCD,210.68,4,BID
2020-10-30 10:49:01,MCD,210.8,1,ASK
2020-10-30 10:49:01,MCD,210.68,4,BID
2020-10-30 10:49:01,MCD,210.8,1,ASK
2020-10-30 10:49:01,MCD,210.68,4,BID
2020-10-30 10:49:01,MCD,210.8,1,ASK
2020-10-30 10:49:01,MCD,210.68,4,BID
2020-10-30 10:49:01,MCD,210.8,1,ASK
2020-10-30 10:49:01,MCD,210.68,4,BID
2020-10-30 10:49:01,MCD,210.8,1,ASK
2020-10-30 10:49:01,MCD,210.68,4,BID
2020-10-30 10:49:01,MCD,210.8,1,ASK
2020-10-30 10:49:01,MCD,210.68,4,BID
2020-10-30 10:49:01,MCD,210.8,1,ASK
2020-10-30 10:49:01,MCD,210.68,4,BID
2020-10-30 10:49:01,MCD,210.8,1,ASK
2020-10-30 10:49:01,MCD,210.68,4,BID
2020-10-30 10:49:01,MCD,210.8,1,ASK
2020-10-30 10:49:01,MCD,210.68,4,BID
2020-10-30 10:49:01,MCD,210.8,1,ASK
2020-10-30 10:49:01,MCD,210.68,4,BID
2020-10-30 10:49:01,MCD,210.8,1,ASK
2020-10-30 10:49:01,MCD,210.68,4,BID
2020-10-30 10:49:01,MCD,210.8,1,ASK
2020-10-30 10:49:01,MCD,210.68,4,BID
2020-10-30 10:49:01,MCD,210.8,1,ASK
2020-10-30 10:49:01,MCD,210.68,4,BID
2020-10-30 10:49:01,MCD,210.8,1,ASK
2020-10-30 10:49:01,MCD,210.68,4,BID
2020-10-30 10:49:01,MCD,210.8,1,ASK
2020-10-30 10:49:01,MCD,210.68,4,BID
2020-10-30 10:49:01,MCD,210.8,1,ASK
2020-10-30 10:49:01,MCD,210.68,4,BID
2020-10-30 10:49:01,MCD,210.8,1,ASK
2020-10-30 10:49:01,MCD,210.68,4,BID
2020-10-30 10:49:01,MCD,210.8,1,ASK
2020-10-30 10:49:01,MCD,210.68,4,BID
2020-10-30 10:49:01,MCD,210.8,1,ASK
2020-10-30 10:49:01,MCD,210.68,4,BID
2020-10-30 10:49:01,MCD,210.8,1,ASK
2020-10-30 10:49:01,MCD,210.68,4,BID
2020-10-30 10:49:01,MCD,210.8,1,ASK
2020-10-30 10:49:01,MCD,210.68,4,BID
2020-10-30 10:49:01,MCD,210.8,1,ASK
2020-10-30 10:49:01,MCD,210.68,4,BID
2020-10-30 10:49:01,MCD,210.8,1,ASK
2020-10-30 10:49:01,MCD,210.68,4,BID
2020-10-30 10:49:01,MCD,210.8,1,ASK
2020-10-30 10:49:12,MCD,210.74,2,BID
2020-10-30 10:49:12,MCD,210.9,5,ASK
2020-10-30 10:49:12,MCD,210.74,2,BID
2020-10-30 10:49:12,MCD,210.9,5,ASK
2020-10-30 10:49:12,MCD,210.74,2,BID
2020-10-30 10:49:12,MCD,210.9,5,ASK
2020-10-30 10:49:12,MCD,210.74,2,BID
2020-10-30 10:49:12,MCD,210.9,5,ASK
2020-10-30 10:49:16,MCD,210.71,3,BID
2020-10-30 10:49:16,MCD,210.9,5,ASK
2020-10-30 10:49:16,MCD,210.71,3,BID
2020-10-30 10:49:16,MCD,210.9,5,ASK
2020-10-30 10:49:16,MCD,210.71,3,BID
2020-10-30 10:49:16,MCD,210.9,5,ASK
2020-10-30 10:49:16,MCD,210.71,3,BID
2020-10-30 10:49:19,MCD,210.9,5,ASK
2020-10-30 10:49:20,MCD,210.71,3,BID
2020-10-30 10:49:20,MCD,210.9,5,ASK
2020-10-30 10:49:21,MCD,210.75,3,BID
2020-10-30 10:49:21,MCD,210.9,5,ASK
2020-10-30 10:49:21,MCD,210.75,3,BID
2020-10-30 10:49:21,MCD,210.9,5,ASK
2020-10-30 10:49:23,MCD,210.78,3,BID
2020-10-30 10:49:24,MCD,210.9,5,ASK
2020-10-30 10:49:26,MCD,210.78,3,BID
2020-10-30 10:49:26,MCD,210.9,5,ASK
2020-10-30 10:49:27,MCD,210.9,4,BID
2020-10-30 10:49:27,MCD,211.0,16,ASK
2020-10-30 10:49:27,MCD,210.9,4,BID
2020-10-30 10:49:27,MCD,211.0,16,ASK
2020-10-30 10:49:31,MCD,210.91,1,BID
2020-10-30 10:49:31,MCD,211.1,4,ASK
2020-10-30 10:49:32,MCD,210.92,3,BID
2020-10-30 10:49:31,MCD,211.1,3,ASK
2020-10-30 10:49:32,MCD,210.92,3,BID
2020-10-30 10:49:31,MCD,211.1,3,ASK
2020-10-30 10:49:32,MCD,210.92,3,BID
2020-10-30 10:49:31,MCD,211.1,3,ASK
2020-10-30 10:49:32,MCD,210.92,3,BID
2020-10-30 10:49:31,MCD,211.1,3,ASK
2020-10-30 10:49:32,MCD,210.92,2,BID
2020-10-30 10:49:32,MCD,211.1,3,ASK
2020-10-30 10:49:32,MCD,210.92,2,BID
2020-10-30 10:49:32,MCD,211.1,3,ASK
2020-10-30 10:49:32,MCD,210.92,2,BID
2020-10-30 10:49:32,MCD,211.1,3,ASK
2020-10-30 10:49:37,MCD,210.9,6,BID
2020-10-30 10:49:37,MCD,211.1,3,ASK
2020-10-30 10:49:37,MCD,210.9,6,BID
2020-10-30 10:49:37,MCD,211.1,3,ASK
2020-10-30 10:49:37,MCD,210.9,6,BID
2020-10-30 10:49:37,MCD,211.1,3,ASK
2020-10-30 10:49:37,MCD,210.9,6,BID
2020-10-30 10:49:37,MCD,211.1,3,ASK
2020-10-30 10:49:39,MCD,210.9,6,BID
2020-10-30 10:49:38,MCD,211.06,2,ASK
2020-10-30 10:49:40,MCD,210.9,6,BID
2020-10-30 10:49:40,MCD,211.06,2,ASK
2020-10-30 10:49:41,MCD,210.9,6,BID
2020-10-30 10:49:41,MCD,211.06,4,ASK
2020-10-30 10:49:44,MCD,210.76,3,BID
2020-10-30 10:49:44,MCD,210.93,3,ASK
2020-10-30 10:49:46,MCD,210.79,3,BID
2020-10-30 10:49:46,MCD,210.96,1,ASK
2020-10-30 10:49:48,MCD,210.82,1,BID
2020-10-30 10:49:48,MCD,210.96,2,ASK
2020-10-30 10:49:49,MCD,210.82,2,BID
2020-10-30 10:49:48,MCD,210.96,2,ASK
2020-10-30 10:49:49,MCD,210.82,6,BID
2020-10-30 10:49:44,MCD,211.0,4,ASK
2020-10-30 10:49:51,MCD,210.82,7,BID
2020-10-30 10:49:44,MCD,211.0,4,ASK
2020-10-30 10:49:51,MCD,210.82,7,BID
2020-10-30 10:49:44,MCD,211.0,4,ASK
2020-10-30 10:49:53,MCD,210.82,5,BID
2020-10-30 10:49:44,MCD,211.0,4,ASK
2020-10-30 10:49:54,MCD,210.82,5,BID
2020-10-30 10:49:44,MCD,211.0,4,ASK
2020-10-30 10:49:55,MCD,210.82,5,BID
2020-10-30 10:49:44,MCD,211.0,6,ASK
2020-10-30 10:49:56,MCD,210.82,4,BID
2020-10-30 10:49:58,MCD,210.99,2,ASK
2020-10-30 10:49:56,MCD,210.82,4,BID
2020-10-30 10:49:58,MCD,210.99,2,ASK
2020-10-30 10:49:32,MCD,210.75,2,BID
2020-10-30 10:50:00,MCD,210.96,2,ASK
2020-10-30 10:49:32,MCD,210.75,2,BID
2020-10-30 10:50:00,MCD,210.94,4,ASK
2020-10-30 10:49:32,MCD,210.75,4,BID
2020-10-30 10:50:01,MCD,210.94,4,ASK
2020-10-30 10:49:32,MCD,210.75,4,BID
2020-10-30 10:50:01,MCD,210.94,4,ASK
2020-10-30 10:49:32,MCD,210.75,4,BID
2020-10-30 10:50:01,MCD,210.94,4,ASK
2020-10-30 10:50:04,MCD,210.66,3,BID
2020-10-30 10:50:04,MCD,210.83,2,ASK
2020-10-30 10:50:04,MCD,210.62,3,BID
2020-10-30 10:50:04,MCD,210.83,2,ASK
2020-10-30 10:50:05,MCD,210.62,3,BID
2020-10-30 10:50:05,MCD,210.82,1,ASK
2020-10-30 10:50:05,MCD,210.62,3,BID
2020-10-30 10:50:05,MCD,210.82,1,ASK
2020-10-30 10:50:05,MCD,210.62,3,BID
2020-10-30 10:50:05,MCD,210.82,1,ASK
2020-10-30 10:50:05,MCD,210.62,3,BID
2020-10-30 10:50:05,MCD,210.82,1,ASK
2020-10-30 10:50:05,MCD,210.62,3,BID
2020-10-30 10:50:05,MCD,210.82,1,ASK
2020-10-30 10:50:05,MCD,210.62,3,BID
2020-10-30 10:50:05,MCD,210.82,1,ASK
2020-10-30 10:50:05,MCD,210.62,3,BID
2020-10-30 10:50:05,MCD,210.82,1,ASK
2020-10-30 10:50:05,MCD,210.62,3,BID
2020-10-30 10:50:05,MCD,210.82,1,ASK
2020-10-30 10:50:12,MCD,210.62,3,BID
2020-10-30 10:50:12,MCD,210.82,1,ASK
2020-10-30 10:50:14,MCD,210.6,3,BID
2020-10-30 10:50:14,MCD,210.82,3,ASK
2020-10-30 10:50:14,MCD,210.62,1,BID
2020-10-30 10:50:14,MCD,210.81,2,ASK
2020-10-30 10:50:16,MCD,210.62,4,BID
2020-10-30 10:50:16,MCD,210.81,4,ASK
2020-10-30 10:50:16,MCD,210.62,4,BID
2020-10-30 10:50:16,MCD,210.81,4,ASK
2020-10-30 10:50:17,MCD,210.63,1,BID
2020-10-30 10:50:17,MCD,210.8,4,ASK
2020-10-30 10:50:18,MCD,210.63,1,BID
2020-10-30 10:50:18,MCD,210.8,4,ASK
2020-10-30 10:50:18,MCD,210.63,1,BID
2020-10-30 10:50:18,MCD,210.8,4,ASK
2020-10-30 10:50:22,MCD,210.63,1,BID
2020-10-30 10:50:22,MCD,210.79,3,ASK
2020-10-30 10:50:22,MCD,210.63,1,BID
2020-10-30 10:50:24,MCD,210.79,4,ASK
2020-10-30 10:50:25,MCD,210.63,1,BID
2020-10-30 10:50:25,MCD,210.81,1,ASK
2020-10-30 10:50:26,MCD,210.6,2,BID
2020-10-30 10:50:26,MCD,210.74,1,ASK
2020-10-30 10:50:26,MCD,210.6,2,BID
2020-10-30 10:50:26,MCD,210.74,1,ASK
2020-10-30 10:50:26,MCD,210.6,2,BID
2020-10-30 10:50:26,MCD,210.74,1,ASK
2020-10-30 10:50:29,MCD,210.6,2,BID
2020-10-30 10:50:29,MCD,210.74,3,ASK
2020-10-30 10:50:30,MCD,210.6,3,BID
2020-10-30 10:50:30,MCD,210.74,5,ASK
2020-10-30 10:50:30,MCD,210.6,3,BID
2020-10-30 10:50:30,MCD,210.74,5,ASK
2020-10-30 10:50:33,MCD,210.67,2,BID
2020-10-30 10:50:33,MCD,210.79,1,ASK
2020-10-30 10:50:34,MCD,210.69,1,BID
2020-10-30 10:50:34,MCD,210.83,5,ASK
2020-10-30 10:50:35,MCD,210.7,1,BID
2020-10-30 10:50:35,MCD,210.86,2,ASK
2020-10-30 10:50:36,MCD,210.74,1,BID
2020-10-30 10:50:36,MCD,210.86,2,ASK
2020-10-30 10:50:36,MCD,210.77,1,BID
2020-10-30 10:50:36,MCD,210.86,1,ASK
2020-10-30 10:50:36,MCD,210.77,1,BID
2020-10-30 10:50:36,MCD,210.86,1,ASK
2020-10-30 10:50:38,MCD,210.71,3,BID
2020-10-30 10:50:39,MCD,210.82,1,ASK
2020-10-30 10:50:41,MCD,210.71,3,BID
2020-10-30 10:50:41,MCD,210.82,1,ASK
2020-10-30 10:50:43,MCD,210.71,2,BID
2020-10-30 10:50:43,MCD,210.82,2,ASK
2020-10-30 10:50:43,MCD,210.71,2,BID
2020-10-30 10:50:43,MCD,210.82,2,ASK
2020-10-30 10:50:44,MCD,210.71,5,BID
2020-10-30 10:50:44,MCD,210.86,1,ASK
2020-10-30 10:50:44,MCD,210.71,5,BID
2020-10-30 10:50:44,MCD,210.86,1,ASK
2020-10-30 10:50:44,MCD,210.71,5,BID
2020-10-30 10:50:44,MCD,210.86,1,ASK
2020-10-30 10:50:44,MCD,210.71,4,BID
2020-10-30 10:50:51,MCD,210.86,3,ASK
2020-10-30 10:50:44,MCD,210.71,5,BID
2020-10-30 10:50:52,MCD,210.86,3,ASK
2020-10-30 10:50:44,MCD,210.71,5,BID
2020-10-30 10:50:54,MCD,210.82,3,ASK
2020-10-30 10:50:56,MCD,210.77,2,BID
2020-10-30 10:50:56,MCD,210.86,6,ASK
2020-10-30 10:50:56,MCD,210.77,2,BID
2020-10-30 10:50:56,MCD,210.86,6,ASK
2020-10-30 10:50:56,MCD,210.77,2,BID
2020-10-30 10:50:56,MCD,210.86,6,ASK
2020-10-30 10:50:56,MCD,210.77,2,BID
2020-10-30 10:50:56,MCD,210.86,6,ASK
2020-10-30 10:50:56,MCD,210.77,2,BID
2020-10-30 10:50:56,MCD,210.86,6,ASK
2020-10-30 10:51:00,MCD,210.77,2,BID
2020-10-30 10:51:00,MCD,210.86,6,ASK
2020-10-30 10:51:01,MCD,210.77,1,BID
2020-10-30 10:51:01,MCD,210.9,5,ASK
2020-10-30 10:51:01,MCD,210.77,1,BID
2020-10-30 10:51:01,MCD,210.9,5,ASK
2020-10-30 10:51:03,MCD,210.77,2,BID
2020-10-30 10:51:03,MCD,210.9,5,ASK
2020-10-30 10:51:03,MCD,210.77,2,BID
2020-10-30 10:51:03,MCD,210.9,5,ASK
2020-10-30 10:51:03,MCD,210.77,2,BID
2020-10-30 10:51:03,MCD,210.9,5,ASK
2020-10-30 10:51:03,MCD,210.77,2,BID
2020-10-30 10:51:03,MCD,210.9,5,ASK
2020-10-30 10:51:03,MCD,210.77,2,BID
2020-10-30 10:51:03,MCD,210.9,5,ASK
2020-10-30 10:51:03,MCD,210.77,2,BID
2020-10-30 10:51:03,MCD,210.9,5,ASK
2020-10-30 10:51:07,MCD,210.77,3,BID
2020-10-30 10:51:07,MCD,210.9,5,ASK
2020-10-30 10:51:09,MCD,210.76,2,BID
2020-10-30 10:51:09,MCD,210.9,7,ASK
2020-10-30 10:51:09,MCD,210.76,2,BID
2020-10-30 10:51:09,MCD,210.9,7,ASK
2020-10-30 10:51:09,MCD,210.76,2,BID
2020-10-30 10:51:09,MCD,210.9,7,ASK
2020-10-30 10:51:09,MCD,210.76,2,BID
2020-10-30 10:51:09,MCD,210.9,7,ASK
2020-10-30 10:51:15,MCD,210.76,3,BID
2020-10-30 10:51:15,MCD,210.9,7,ASK
2020-10-30 10:51:17,MCD,210.76,3,BID
2020-10-30 10:51:17,MCD,210.84,1,ASK
2020-10-30 10:51:19,MCD,210.76,4,BID
2020-10-30 10:51:19,MCD,210.9,7,ASK
2020-10-30 10:51:19,MCD,210.86,1,BID
2020-10-30 10:51:19,MCD,211.0,5,ASK
2020-10-30 10:51:19,MCD,210.85,2,BID
2020-10-30 10:51:19,MCD,211.0,5,ASK
2020-10-30 10:51:20,MCD,210.86,3,BID
2020-10-30 10:51:20,MCD,211.0,5,ASK
2020-10-30 10:51:20,MCD,210.97,2,BID
2020-10-30 10:51:20,MCD,211.14,3,ASK
2020-10-30 10:51:20,MCD,210.97,4,BID
2020-10-30 10:51:20,MCD,211.14,6,ASK
2020-10-30 10:51:21,MCD,210.97,3,BID
2020-10-30 10:51:21,MCD,211.14,5,ASK
2020-10-30 10:51:21,MCD,210.97,2,BID
2020-10-30 10:51:21,MCD,211.14,5,ASK
2020-10-30 10:51:22,MCD,210.96,4,BID
