timestamp,ticker,price,volume,bid_ask
2020-10-30 10:31:26,MMM,157.84,1,BID
2020-10-30 10:31:11,MMM,158.1,4,ASK
2020-10-30 10:31:27,MMM,157.84,3,BID
2020-10-30 10:31:11,MMM,158.1,4,ASK
2020-10-30 10:31:27,MMM,157.84,3,BID
2020-10-30 10:31:11,MMM,158.1,4,ASK
2020-10-30 10:31:30,MMM,157.84,3,BID
2020-10-30 10:31:11,MMM,158.1,4,ASK
2020-10-30 10:31:30,MMM,157.84,3,BID
2020-10-30 10:31:11,MMM,158.1,4,ASK
2020-10-30 10:31:30,MMM,157.84,3,BID
2020-10-30 10:31:11,MMM,158.1,4,ASK
2020-10-30 10:31:30,MMM,157.84,3,BID
2020-10-30 10:31:11,MMM,158.1,4,ASK
2020-10-30 10:31:30,MMM,157.84,3,BID
2020-10-30 10:31:11,MMM,158.1,4,ASK
2020-10-30 10:31:30,MMM,157.84,3,BID
2020-10-30 10:31:11,MMM,158.1,4,ASK
2020-10-30 10:31:30,MMM,157.84,3,BID
2020-10-30 10:31:11,MMM,158.1,4,ASK
2020-10-30 10:31:30,MMM,157.84,3,BID
2020-10-30 10:31:11,MMM,158.1,4,ASK
2020-10-30 10:31:30,MMM,157.84,3,BID
2020-10-30 10:31:11,MMM,158.1,4,ASK
2020-10-30 10:31:30,MMM,157.84,3,BID
2020-10-30 10:31:11,MMM,158.1,4,ASK
2020-10-30 10:31:30,MMM,157.84,3,BID
2020-10-30 10:31:11,MMM,158.1,4,ASK
2020-10-30 10:31:40,MMM,157.84,4,BID
2020-10-30 10:31:11,MMM,158.1,4,ASK
2020-10-30 10:31:41,MMM,157.84,4,BID
2020-10-30 10:31:11,MMM,158.1,4,ASK
2020-10-30 10:31:42,MMM,157.84,4,BID
2020-10-30 10:31:11,MMM,158.1,4,ASK
2020-10-30 10:31:42,MMM,157.84,4,BID
2020-10-30 10:31:11,MMM,158.1,4,ASK
2020-10-30 10:31:44,MMM,157.84,4,BID
2020-10-30 10:31:11,MMM,158.1,4,ASK
2020-10-30 10:31:44,MMM,157.84,4,BID
2020-10-30 10:31:11,MMM,158.1,4,ASK
2020-10-30 10:31:44,MMM,157.84,4,BID
2020-10-30 10:31:11,MMM,158.1,4,ASK
2020-10-30 10:31:47,MMM,157.84,4,BID
2020-10-30 10:31:47,MMM,158.09,4,ASK
2020-10-30 10:31:48,MMM,157.84,1,BID
2020-10-30 10:31:47,MMM,158.09,6,ASK
2020-10-30 10:31:48,MMM,157.84,1,BID
2020-10-30 10:31:47,MMM,158.09,6,ASK
2020-10-30 10:31:48,MMM,157.84,1,BID
2020-10-30 10:31:47,MMM,158.09,6,ASK
2020-10-30 10:31:51,MMM,157.84,1,BID
2020-10-30 10:31:47,MMM,158.09,5,ASK
2020-10-30 10:31:52,MMM,157.84,1,BID
2020-10-30 10:31:47,MMM,158.09,5,ASK
2020-10-30 10:31:53,MMM,157.84,1,BID
2020-10-30 10:31:47,MMM,158.09,5,ASK
2020-10-30 10:31:53,MMM,157.84,1,BID
2020-10-30 10:31:47,MMM,158.09,5,ASK
2020-10-30 10:31:53,MMM,157.84,1,BID
2020-10-30 10:31:47,MMM,158.09,5,ASK
2020-10-30 10:31:53,MMM,157.84,1,BID
2020-10-30 10:31:47,MMM,158.09,5,ASK
2020-10-30 10:31:53,MMM,157.84,1,BID
2020-10-30 10:31:47,MMM,158.09,5,ASK
2020-10-30 10:31:53,MMM,157.84,1,BID
2020-10-30 10:31:47,MMM,158.09,5,ASK
2020-10-30 10:32:00,MMM,157.8,1,BID
2020-10-30 10:32:00,MMM,158.08,1,ASK
2020-10-30 10:32:00,MMM,157.8,1,BID
2020-10-30 10:32:00,MMM,157.97,2,ASK
2020-10-30 10:32:00,MMM,157.8,1,BID
2020-10-30 10:32:00,MMM,157.97,2,ASK
2020-10-30 10:32:00,MMM,157.73,3,BID
2020-10-30 10:32:00,MMM,157.87,1,ASK
2020-10-30 10:32:01,MMM,157.74,1,BID
2020-10-30 10:32:01,MMM,157.87,1,ASK
2020-10-30 10:32:01,MMM,157.68,2,BID
2020-10-30 10:32:01,MMM,157.84,3,ASK
2020-10-30 10:32:01,MMM,157.68,2,BID
2020-10-30 10:32:01,MMM,157.84,3,ASK
2020-10-30 10:32:01,MMM,157.68,2,BID
2020-10-30 10:32:01,MMM,157.84,3,ASK
2020-10-30 10:32:01,MMM,157.68,2,BID
2020-10-30 10:32:01,MMM,157.84,3,ASK
2020-10-30 10:32:04,MMM,157.68,3,BID
2020-10-30 10:32:04,MMM,157.84,3,ASK
2020-10-30 10:32:04,MMM,157.68,3,BID
2020-10-30 10:32:04,MMM,157.84,3,ASK
2020-10-30 10:32:04,MMM,157.68,3,BID
2020-10-30 10:32:04,MMM,157.84,3,ASK
2020-10-30 10:32:04,MMM,157.68,3,BID
2020-10-30 10:32:04,MMM,157.84,3,ASK
2020-10-30 10:32:04,MMM,157.68,3,BID
2020-10-30 10:32:04,MMM,157.84,3,ASK
2020-10-30 10:32:04,MMM,157.68,4,BID
2020-10-30 10:32:09,MMM,157.84,3,ASK
2020-10-30 10:32:04,MMM,157.68,4,BID
2020-10-30 10:32:09,MMM,157.84,3,ASK
2020-10-30 10:32:04,MMM,157.68,4,BID
2020-10-30 10:32:11,MMM,157.8,1,ASK
2020-10-30 10:32:04,MMM,157.68,4,BID
2020-10-30 10:32:09,MMM,157.84,3,ASK
2020-10-30 10:32:13,MMM,157.7,1,BID
2020-10-30 10:32:13,MMM,157.87,4,ASK
2020-10-30 10:32:13,MMM,157.7,1,BID
2020-10-30 10:32:13,MMM,157.92,2,ASK
2020-10-30 10:32:13,MMM,157.7,1,BID
2020-10-30 10:32:13,MMM,157.92,2,ASK
2020-10-30 10:32:13,MMM,157.7,1,BID
2020-10-30 10:32:13,MMM,157.92,2,ASK
2020-10-30 10:32:04,MMM,157.68,3,BID
2020-10-30 10:32:19,MMM,157.92,2,ASK
2020-10-30 10:32:04,MMM,157.68,3,BID
2020-10-30 10:32:19,MMM,157.92,2,ASK
2020-10-30 10:32:04,MMM,157.68,3,BID
2020-10-30 10:32:19,MMM,157.92,2,ASK
2020-10-30 10:32:20,MMM,157.72,1,BID
2020-10-30 10:32:20,MMM,157.82,3,ASK
2020-10-30 10:32:20,MMM,157.72,1,BID
2020-10-30 10:32:20,MMM,157.82,3,ASK
2020-10-30 10:32:20,MMM,157.72,1,BID
2020-10-30 10:32:20,MMM,157.82,3,ASK
2020-10-30 10:32:21,MMM,157.64,2,BID
2020-10-30 10:32:21,MMM,157.82,3,ASK
2020-10-30 10:32:21,MMM,157.64,2,BID
2020-10-30 10:32:21,MMM,157.82,3,ASK
2020-10-30 10:32:21,MMM,157.64,2,BID
2020-10-30 10:32:21,MMM,157.82,3,ASK
2020-10-30 10:32:23,MMM,157.64,2,BID
2020-10-30 10:32:23,MMM,157.82,3,ASK
2020-10-30 10:32:24,MMM,157.63,1,BID
2020-10-30 10:32:24,MMM,157.73,1,ASK
2020-10-30 10:32:24,MMM,157.56,2,BID
2020-10-30 10:32:24,MMM,157.79,1,ASK
2020-10-30 10:32:24,MMM,157.65,1,BID
2020-10-30 10:32:24,MMM,157.79,1,ASK
2020-10-30 10:32:25,MMM,157.65,1,BID
2020-10-30 10:32:24,MMM,157.82,4,ASK
2020-10-30 10:32:25,MMM,157.65,1,BID
2020-10-30 10:32:25,MMM,157.83,4,ASK
2020-10-30 10:32:26,MMM,157.56,2,BID
2020-10-30 10:32:26,MMM,157.82,4,ASK
2020-10-30 10:32:26,MMM,157.52,1,BID
2020-10-30 10:32:26,MMM,157.69,3,ASK
2020-10-30 10:32:27,MMM,157.52,1,BID
2020-10-30 10:32:27,MMM,157.69,3,ASK
2020-10-30 10:32:27,MMM,157.52,1,BID
2020-10-30 10:32:27,MMM,157.69,3,ASK
2020-10-30 10:32:27,MMM,157.52,1,BID
2020-10-30 10:32:27,MMM,157.69,3,ASK
2020-10-30 10:32:27,MMM,157.52,1,BID
2020-10-30 10:32:27,MMM,157.69,3,ASK
2020-10-30 10:32:29,MMM,157.55,1,BID
2020-10-30 10:32:29,MMM,157.75,4,ASK
2020-10-30 10:32:31,MMM,157.55,1,BID
2020-10-30 10:32:30,MMM,157.81,3,ASK
2020-10-30 10:32:31,MMM,157.55,1,BID
2020-10-30 10:32:30,MMM,157.81,3,ASK
2020-10-30 10:32:31,MMM,157.55,1,BID
2020-10-30 10:32:31,MMM,157.83,3,ASK
2020-10-30 10:32:31,MMM,157.55,1,BID
2020-10-30 10:32:31,MMM,157.82,1,ASK
2020-10-30 10:32:32,MMM,157.55,1,BID
2020-10-30 10:32:32,MMM,157.81,1,ASK
2020-10-30 10:32:32,MMM,157.55,1,BID
2020-10-30 10:32:32,MMM,157.81,1,ASK
2020-10-30 10:32:32,MMM,157.55,1,BID
2020-10-30 10:32:32,MMM,157.81,1,ASK
2020-10-30 10:32:35,MMM,157.55,1,BID
2020-10-30 10:32:35,MMM,157.82,1,ASK
2020-10-30 10:32:35,MMM,157.55,1,BID
2020-10-30 10:32:35,MMM,157.82,1,ASK
2020-10-30 10:32:35,MMM,157.55,1,BID
2020-10-30 10:32:35,MMM,157.82,1,ASK
2020-10-30 10:32:38,MMM,157.55,1,BID
2020-10-30 10:32:38,MMM,157.82,2,ASK
2020-10-30 10:32:39,MMM,157.5,1,BID
2020-10-30 10:32:39,MMM,157.82,3,ASK
2020-10-30 10:32:39,MMM,157.52,1,BID
2020-10-30 10:32:39,MMM,157.8,1,ASK
2020-10-30 10:32:39,MMM,157.52,1,BID
2020-10-30 10:32:39,MMM,157.81,1,ASK
2020-10-30 10:32:41,MMM,157.52,1,BID
2020-10-30 10:32:41,MMM,157.82,2,ASK
2020-10-30 10:32:42,MMM,157.55,1,BID
2020-10-30 10:32:42,MMM,157.82,2,ASK
2020-10-30 10:32:44,MMM,157.52,2,BID
2020-10-30 10:32:44,MMM,157.81,1,ASK
2020-10-30 10:32:44,MMM,157.55,1,BID
2020-10-30 10:32:44,MMM,157.81,1,ASK
2020-10-30 10:32:44,MMM,157.55,1,BID
2020-10-30 10:32:44,MMM,157.81,1,ASK
2020-10-30 10:32:45,MMM,157.55,1,BID
2020-10-30 10:32:45,MMM,157.82,2,ASK
2020-10-30 10:32:46,MMM,157.55,1,BID
2020-10-30 10:32:46,MMM,157.82,2,ASK
2020-10-30 10:32:46,MMM,157.55,1,BID
2020-10-30 10:32:46,MMM,157.81,1,ASK
2020-10-30 10:32:49,MMM,157.55,1,BID
2020-10-30 10:32:49,MMM,157.82,3,ASK
2020-10-30 10:32:50,MMM,157.55,1,BID
2020-10-30 10:32:50,MMM,157.86,1,ASK
2020-10-30 10:32:52,MMM,157.55,1,BID
2020-10-30 10:32:52,MMM,157.86,3,ASK
2020-10-30 10:32:52,MMM,157.55,1,BID
2020-10-30 10:32:52,MMM,157.86,3,ASK
2020-10-30 10:32:56,MMM,157.52,2,BID
2020-10-30 10:32:56,MMM,157.85,3,ASK
2020-10-30 10:32:57,MMM,157.55,1,BID
2020-10-30 10:32:57,MMM,157.85,5,ASK
2020-10-30 10:32:57,MMM,157.55,1,BID
2020-10-30 10:32:57,MMM,157.85,6,ASK
2020-10-30 10:32:57,MMM,157.55,1,BID
2020-10-30 10:32:57,MMM,157.85,6,ASK
2020-10-30 10:32:58,MMM,157.55,3,BID
2020-10-30 10:32:58,MMM,157.85,6,ASK
2020-10-30 10:32:58,MMM,157.55,3,BID
2020-10-30 10:32:58,MMM,157.85,6,ASK
2020-10-30 10:33:00,MMM,157.57,2,BID
2020-10-30 10:33:00,MMM,157.84,1,ASK
2020-10-30 10:33:01,MMM,157.57,2,BID
2020-10-30 10:33:01,MMM,157.84,1,ASK
2020-10-30 10:33:02,MMM,157.58,4,BID
2020-10-30 10:33:02,MMM,157.85,5,ASK
2020-10-30 10:33:02,MMM,157.58,6,BID
2020-10-30 10:33:02,MMM,157.85,5,ASK
2020-10-30 10:33:03,MMM,157.58,10,BID
2020-10-30 10:33:03,MMM,157.85,5,ASK
2020-10-30 10:33:03,MMM,157.58,10,BID
2020-10-30 10:33:03,MMM,157.85,5,ASK
2020-10-30 10:33:05,MMM,157.59,1,BID
2020-10-30 10:33:05,MMM,157.85,5,ASK
2020-10-30 10:33:07,MMM,157.59,2,BID
2020-10-30 10:33:05,MMM,157.85,5,ASK
2020-10-30 10:33:07,MMM,157.59,2,BID
2020-10-30 10:33:05,MMM,157.85,5,ASK
2020-10-30 10:33:07,MMM,157.59,2,BID
2020-10-30 10:33:05,MMM,157.85,5,ASK
2020-10-30 10:33:07,MMM,157.59,2,BID
2020-10-30 10:33:05,MMM,157.85,5,ASK
2020-10-30 10:33:07,MMM,157.59,2,BID
2020-10-30 10:33:05,MMM,157.85,5,ASK
2020-10-30 10:33:07,MMM,157.59,2,BID
2020-10-30 10:33:05,MMM,157.85,5,ASK
2020-10-30 10:33:07,MMM,157.59,2,BID
2020-10-30 10:33:05,MMM,157.85,5,ASK
2020-10-30 10:33:14,MMM,157.59,2,BID
2020-10-30 10:33:14,MMM,157.84,1,ASK
2020-10-30 10:33:14,MMM,157.59,2,BID
2020-10-30 10:33:14,MMM,157.85,6,ASK
2020-10-30 10:33:15,MMM,157.59,2,BID
2020-10-30 10:33:15,MMM,157.85,6,ASK
2020-10-30 10:33:15,MMM,157.59,2,BID
2020-10-30 10:33:15,MMM,157.85,6,ASK
2020-10-30 10:33:17,MMM,157.59,2,BID
2020-10-30 10:33:17,MMM,157.85,7,ASK
2020-10-30 10:33:17,MMM,157.59,2,BID
2020-10-30 10:33:17,MMM,157.85,7,ASK
2020-10-30 10:33:17,MMM,157.59,2,BID
2020-10-30 10:33:17,MMM,157.85,7,ASK
2020-10-30 10:33:21,MMM,157.59,3,BID
2020-10-30 10:33:20,MMM,157.85,6,ASK
2020-10-30 10:33:21,MMM,157.59,3,BID
2020-10-30 10:33:20,MMM,157.85,6,ASK
2020-10-30 10:33:21,MMM,157.59,3,BID
2020-10-30 10:33:20,MMM,157.85,6,ASK
2020-10-30 10:33:24,MMM,157.6,3,BID
2020-10-30 10:33:20,MMM,157.85,6,ASK
2020-10-30 10:33:25,MMM,157.6,2,BID
2020-10-30 10:33:20,MMM,157.85,6,ASK
2020-10-30 10:33:26,MMM,157.6,3,BID
2020-10-30 10:33:20,MMM,157.85,6,ASK
2020-10-30 10:33:27,MMM,157.6,5,BID
2020-10-30 10:33:20,MMM,157.85,6,ASK
2020-10-30 10:33:27,MMM,157.6,5,BID
2020-10-30 10:33:30,MMM,157.84,2,ASK
2020-10-30 10:33:27,MMM,157.6,5,BID
2020-10-30 10:33:30,MMM,157.84,2,ASK
2020-10-30 10:33:27,MMM,157.6,5,BID
2020-10-30 10:33:30,MMM,157.84,2,ASK
2020-10-30 10:33:27,MMM,157.6,6,BID
2020-10-30 10:33:33,MMM,157.84,2,ASK
2020-10-30 10:33:33,MMM,157.73,1,BID
2020-10-30 10:33:33,MMM,157.84,4,ASK
2020-10-30 10:33:34,MMM,157.73,2,BID
2020-10-30 10:33:34,MMM,157.84,4,ASK
2020-10-30 10:33:34,MMM,157.73,2,BID
2020-10-30 10:33:34,MMM,157.84,4,ASK
2020-10-30 10:33:34,MMM,157.73,2,BID
2020-10-30 10:33:34,MMM,157.84,4,ASK
2020-10-30 10:33:36,MMM,157.67,1,BID
2020-10-30 10:33:36,MMM,157.84,5,ASK
2020-10-30 10:33:36,MMM,157.67,1,BID
2020-10-30 10:33:36,MMM,157.84,5,ASK
2020-10-30 10:33:36,MMM,157.67,1,BID
2020-10-30 10:33:36,MMM,157.84,5,ASK
2020-10-30 10:33:39,MMM,157.67,3,BID
2020-10-30 10:33:39,MMM,157.84,1,ASK
2020-10-30 10:33:39,MMM,157.67,4,BID
2020-10-30 10:33:40,MMM,157.84,1,ASK
2020-10-30 10:33:40,MMM,157.67,6,BID
2020-10-30 10:33:40,MMM,157.84,1,ASK
2020-10-30 10:33:40,MMM,157.67,5,BID
2020-10-30 10:33:42,MMM,157.84,1,ASK
2020-10-30 10:33:40,MMM,157.67,5,BID
2020-10-30 10:33:43,MMM,157.84,1,ASK
2020-10-30 10:33:40,MMM,157.67,5,BID
2020-10-30 10:33:43,MMM,157.84,1,ASK
2020-10-30 10:33:40,MMM,157.67,5,BID
2020-10-30 10:33:43,MMM,157.84,1,ASK
2020-10-30 10:33:40,MMM,157.67,5,BID
2020-10-30 10:33:43,MMM,157.84,1,ASK
2020-10-30 10:33:40,MMM,157.67,5,BID
2020-10-30 10:33:43,MMM,157.84,1,ASK
2020-10-30 10:33:40,MMM,157.67,5,BID
2020-10-30 10:33:43,MMM,157.84,1,ASK
2020-10-30 10:33:40,MMM,157.67,5,BID
2020-10-30 10:33:43,MMM,157.84,1,ASK
2020-10-30 10:33:40,MMM,157.67,5,BID
2020-10-30 10:33:48,MMM,157.84,1,ASK
2020-10-30 10:33:40,MMM,157.67,5,BID
2020-10-30 10:33:48,MMM,157.84,1,ASK
2020-10-30 10:33:40,MMM,157.67,5,BID
2020-10-30 10:33:48,MMM,157.84,1,ASK
2020-10-30 10:33:40,MMM,157.67,5,BID
2020-10-30 10:33:48,MMM,157.84,1,ASK
2020-10-30 10:33:40,MMM,157.67,5,BID
2020-10-30 10:33:48,MMM,157.84,1,ASK
2020-10-30 10:33:40,MMM,157.67,5,BID
2020-10-30 10:33:48,MMM,157.84,1,ASK
2020-10-30 10:33:40,MMM,157.67,5,BID
2020-10-30 10:33:48,MMM,157.84,1,ASK
2020-10-30 10:33:40,MMM,157.67,5,BID
2020-10-30 10:33:48,MMM,157.84,1,ASK
2020-10-30 10:33:40,MMM,157.67,5,BID
2020-10-30 10:33:48,MMM,157.84,1,ASK
2020-10-30 10:34:00,MMM,157.67,5,BID
2020-10-30 10:34:00,MMM,157.84,1,ASK
2020-10-30 10:34:00,MMM,157.67,6,BID
2020-10-30 10:34:00,MMM,157.84,1,ASK
2020-10-30 10:34:01,MMM,157.69,4,BID
2020-10-30 10:34:01,MMM,157.84,1,ASK
2020-10-30 10:34:01,MMM,157.69,4,BID
2020-10-30 10:34:01,MMM,157.84,1,ASK
2020-10-30 10:34:02,MMM,157.69,5,BID
2020-10-30 10:34:02,MMM,157.84,1,ASK
2020-10-30 10:34:02,MMM,157.69,4,BID
2020-10-30 10:34:03,MMM,157.84,1,ASK
2020-10-30 10:34:02,MMM,157.69,3,BID
2020-10-30 10:34:04,MMM,157.84,2,ASK
2020-10-30 10:34:02,MMM,157.69,3,BID
2020-10-30 10:34:04,MMM,157.84,2,ASK
2020-10-30 10:34:02,MMM,157.69,4,BID
2020-10-30 10:34:04,MMM,157.84,2,ASK
2020-10-30 10:34:07,MMM,157.7,5,BID
2020-10-30 10:34:07,MMM,157.96,4,ASK
2020-10-30 10:34:07,MMM,157.7,5,BID
2020-10-30 10:34:07,MMM,157.96,4,ASK
2020-10-30 10:34:07,MMM,157.7,5,BID
2020-10-30 10:34:07,MMM,157.96,4,ASK
2020-10-30 10:34:07,MMM,157.7,5,BID
2020-10-30 10:34:07,MMM,157.96,4,ASK
2020-10-30 10:34:10,MMM,157.7,5,BID
2020-10-30 10:34:10,MMM,157.95,2,ASK
2020-10-30 10:34:10,MMM,157.7,5,BID
2020-10-30 10:34:10,MMM,157.95,2,ASK
2020-10-30 10:34:10,MMM,157.71,1,BID
2020-10-30 10:34:10,MMM,157.95,2,ASK
2020-10-30 10:34:11,MMM,157.71,2,BID
2020-10-30 10:34:11,MMM,157.95,2,ASK
2020-10-30 10:34:12,MMM,157.71,3,BID
2020-10-30 10:34:13,MMM,157.95,2,ASK
2020-10-30 10:34:02,MMM,157.69,4,BID
2020-10-30 10:34:13,MMM,157.83,2,ASK
2020-10-30 10:34:14,MMM,157.7,1,BID
2020-10-30 10:34:14,MMM,157.83,2,ASK
2020-10-30 10:34:14,MMM,157.7,1,BID
2020-10-30 10:34:14,MMM,157.83,2,ASK
2020-10-30 10:34:14,MMM,157.7,1,BID
2020-10-30 10:34:14,MMM,157.83,2,ASK
2020-10-30 10:34:14,MMM,157.7,1,BID
2020-10-30 10:34:14,MMM,157.83,2,ASK
2020-10-30 10:34:17,MMM,157.7,2,BID
2020-10-30 10:34:17,MMM,157.83,2,ASK
2020-10-30 10:34:19,MMM,157.7,3,BID
2020-10-30 10:34:19,MMM,157.89,1,ASK
2020-10-30 10:34:20,MMM,157.7,5,BID
2020-10-30 10:34:20,MMM,157.88,1,ASK
2020-10-30 10:34:20,MMM,157.7,5,BID
2020-10-30 10:34:20,MMM,157.88,1,ASK
2020-10-30 10:34:23,MMM,157.7,5,BID
2020-10-30 10:34:23,MMM,157.84,1,ASK
2020-10-30 10:34:23,MMM,157.7,5,BID
2020-10-30 10:34:23,MMM,157.84,1,ASK
2020-10-30 10:34:24,MMM,157.7,5,BID
2020-10-30 10:34:24,MMM,157.87,1,ASK
2020-10-30 10:34:24,MMM,157.7,5,BID
2020-10-30 10:34:24,MMM,157.87,1,ASK
2020-10-30 10:34:26,MMM,157.7,6,BID
2020-10-30 10:34:26,MMM,157.89,2,ASK
2020-10-30 10:34:27,MMM,157.7,6,BID
2020-10-30 10:34:27,MMM,157.88,1,ASK
2020-10-30 10:34:27,MMM,157.7,6,BID
2020-10-30 10:34:27,MMM,157.88,1,ASK
2020-10-30 10:34:30,MMM,157.7,6,BID
2020-10-30 10:34:30,MMM,157.88,1,ASK
2020-10-30 10:34:31,MMM,157.7,6,BID
2020-10-30 10:34:31,MMM,157.89,2,ASK
2020-10-30 10:34:31,MMM,157.7,6,BID
2020-10-30 10:34:31,MMM,157.89,2,ASK
2020-10-30 10:34:31,MMM,157.7,6,BID
2020-10-30 10:34:31,MMM,157.89,2,ASK
2020-10-30 10:34:31,MMM,157.7,6,BID
2020-10-30 10:34:36,MMM,157.89,2,ASK
2020-10-30 10:34:37,MMM,157.7,8,BID
2020-10-30 10:34:37,MMM,157.89,2,ASK
2020-10-30 10:34:39,MMM,157.7,9,BID
2020-10-30 10:34:39,MMM,157.89,3,ASK
2020-10-30 10:34:39,MMM,157.7,13,BID
2020-10-30 10:34:40,MMM,157.88,1,ASK
2020-10-30 10:34:39,MMM,157.7,13,BID
2020-10-30 10:34:40,MMM,157.88,1,ASK
2020-10-30 10:34:39,MMM,157.7,13,BID
2020-10-30 10:34:40,MMM,157.88,1,ASK
2020-10-30 10:34:39,MMM,157.7,13,BID
2020-10-30 10:34:40,MMM,157.88,1,ASK
2020-10-30 10:34:39,MMM,157.7,13,BID
2020-10-30 10:34:40,MMM,157.88,1,ASK
2020-10-30 10:34:39,MMM,157.7,13,BID
2020-10-30 10:34:48,MMM,157.88,3,ASK
2020-10-30 10:34:39,MMM,157.7,13,BID
2020-10-30 10:34:48,MMM,157.88,3,ASK
2020-10-30 10:34:39,MMM,157.7,13,BID
2020-10-30 10:34:48,MMM,157.88,3,ASK
2020-10-30 10:34:50,MMM,157.7,17,BID
2020-10-30 10:34:50,MMM,157.84,1,ASK
2020-10-30 10:34:50,MMM,157.7,17,BID
2020-10-30 10:34:50,MMM,157.84,1,ASK
2020-10-30 10:34:51,MMM,157.69,5,BID
2020-10-30 10:34:51,MMM,157.79,1,ASK
2020-10-30 10:34:52,MMM,157.69,5,BID
2020-10-30 10:34:52,MMM,157.79,2,ASK
2020-10-30 10:34:52,MMM,157.69,5,BID
2020-10-30 10:34:52,MMM,157.79,2,ASK
2020-10-30 10:34:53,MMM,157.63,2,BID
2020-10-30 10:34:53,MMM,157.76,1,ASK
2020-10-30 10:34:53,MMM,157.63,2,BID
2020-10-30 10:34:53,MMM,157.76,1,ASK
2020-10-30 10:34:53,MMM,157.6,7,BID
2020-10-30 10:34:53,MMM,157.76,1,ASK
2020-10-30 10:34:53,MMM,157.6,7,BID
2020-10-30 10:34:53,MMM,157.76,1,ASK
2020-10-30 10:34:53,MMM,157.6,7,BID
2020-10-30 10:34:53,MMM,157.69,2,ASK
2020-10-30 10:34:53,MMM,157.6,8,BID
2020-10-30 10:34:53,MMM,157.69,3,ASK
2020-10-30 10:34:55,MMM,157.6,7,BID
2020-10-30 10:34:55,MMM,157.69,3,ASK
2020-10-30 10:34:58,MMM,157.57,3,BID
2020-10-30 10:34:55,MMM,157.69,4,ASK
2020-10-30 10:35:00,MMM,157.51,1,BID
2020-10-30 10:35:00,MMM,157.63,2,ASK
2020-10-30 10:35:02,MMM,157.51,3,BID
2020-10-30 10:35:02,MMM,157.63,4,ASK
2020-10-30 10:35:02,MMM,157.51,3,BID
2020-10-30 10:35:02,MMM,157.63,4,ASK
2020-10-30 10:35:02,MMM,157.51,3,BID
2020-10-30 10:35:02,MMM,157.63,4,ASK
2020-10-30 10:35:02,MMM,157.51,3,BID
2020-10-30 10:35:02,MMM,157.63,4,ASK
2020-10-30 10:35:02,MMM,157.51,3,BID
2020-10-30 10:35:02,MMM,157.63,4,ASK
2020-10-30 10:35:02,MMM,157.51,3,BID
2020-10-30 10:35:05,MMM,157.58,1,ASK
2020-10-30 10:35:05,MMM,157.46,1,BID
2020-10-30 10:35:05,MMM,157.61,2,ASK
2020-10-30 10:35:05,MMM,157.46,1,BID
2020-10-30 10:35:05,MMM,157.61,2,ASK
2020-10-30 10:35:05,MMM,157.46,1,BID
2020-10-30 10:35:05,MMM,157.61,2,ASK
2020-10-30 10:35:05,MMM,157.46,1,BID
2020-10-30 10:35:05,MMM,157.61,2,ASK
2020-10-30 10:35:05,MMM,157.46,1,BID
2020-10-30 10:35:05,MMM,157.61,2,ASK
2020-10-30 10:35:05,MMM,157.46,1,BID
2020-10-30 10:35:05,MMM,157.61,2,ASK
2020-10-30 10:35:05,MMM,157.46,1,BID
2020-10-30 10:35:05,MMM,157.61,2,ASK
2020-10-30 10:35:05,MMM,157.46,1,BID
2020-10-30 10:35:05,MMM,157.61,2,ASK
2020-10-30 10:35:05,MMM,157.46,1,BID
2020-10-30 10:35:05,MMM,157.61,2,ASK
2020-10-30 10:35:05,MMM,157.46,1,BID
2020-10-30 10:35:05,MMM,157.55,1,ASK
2020-10-30 10:35:08,MMM,157.46,1,BID
2020-10-30 10:35:06,MMM,157.55,3,ASK
2020-10-30 10:35:08,MMM,157.46,1,BID
2020-10-30 10:35:06,MMM,157.55,3,ASK
2020-10-30 10:35:08,MMM,157.46,1,BID
2020-10-30 10:35:06,MMM,157.55,3,ASK
2020-10-30 10:35:08,MMM,157.46,1,BID
2020-10-30 10:35:06,MMM,157.55,3,ASK
2020-10-30 10:35:08,MMM,157.46,1,BID
2020-10-30 10:35:06,MMM,157.55,3,ASK
2020-10-30 10:35:08,MMM,157.46,1,BID
2020-10-30 10:35:06,MMM,157.55,3,ASK
2020-10-30 10:35:08,MMM,157.46,1,BID
2020-10-30 10:35:06,MMM,157.55,3,ASK
2020-10-30 10:35:12,MMM,157.46,2,BID
2020-10-30 10:35:12,MMM,157.56,1,ASK
2020-10-30 10:35:15,MMM,157.51,1,BID
2020-10-30 10:35:15,MMM,157.61,3,ASK
2020-10-30 10:35:15,MMM,157.51,1,BID
2020-10-30 10:35:15,MMM,157.61,3,ASK
2020-10-30 10:35:15,MMM,157.46,2,BID
2020-10-30 10:35:20,MMM,157.56,1,ASK
2020-10-30 10:35:15,MMM,157.46,2,BID
2020-10-30 10:35:20,MMM,157.56,1,ASK
2020-10-30 10:35:15,MMM,157.46,2,BID
2020-10-30 10:35:20,MMM,157.56,1,ASK
2020-10-30 10:35:15,MMM,157.46,2,BID
2020-10-30 10:35:20,MMM,157.56,1,ASK
2020-10-30 10:35:21,MMM,157.4,4,BID
2020-10-30 10:35:21,MMM,157.54,1,ASK
2020-10-30 10:35:21,MMM,157.4,3,BID
2020-10-30 10:35:21,MMM,157.57,1,ASK
2020-10-30 10:35:21,MMM,157.4,3,BID
2020-10-30 10:35:21,MMM,157.57,1,ASK
2020-10-30 10:35:21,MMM,157.4,3,BID
2020-10-30 10:35:21,MMM,157.57,1,ASK
2020-10-30 10:35:21,MMM,157.4,3,BID
2020-10-30 10:35:21,MMM,157.57,1,ASK
2020-10-30 10:35:21,MMM,157.4,3,BID
2020-10-30 10:35:21,MMM,157.57,1,ASK
2020-10-30 10:35:21,MMM,157.4,3,BID
2020-10-30 10:35:21,MMM,157.57,1,ASK
2020-10-30 10:35:21,MMM,157.4,3,BID
2020-10-30 10:35:21,MMM,157.57,1,ASK
2020-10-30 10:35:25,MMM,157.42,1,BID
2020-10-30 10:35:25,MMM,157.57,1,ASK
2020-10-30 10:35:25,MMM,157.42,1,BID
2020-10-30 10:35:25,MMM,157.6,1,ASK
2020-10-30 10:35:26,MMM,157.4,2,BID
2020-10-30 10:35:26,MMM,157.57,1,ASK
2020-10-30 10:35:26,MMM,157.4,2,BID
2020-10-30 10:35:26,MMM,157.57,1,ASK
2020-10-30 10:35:26,MMM,157.4,2,BID
2020-10-30 10:35:26,MMM,157.57,1,ASK
2020-10-30 10:35:26,MMM,157.4,2,BID
2020-10-30 10:35:26,MMM,157.57,1,ASK
2020-10-30 10:35:26,MMM,157.4,2,BID
2020-10-30 10:35:26,MMM,157.57,1,ASK
2020-10-30 10:35:30,MMM,157.4,2,BID
2020-10-30 10:35:30,MMM,157.57,1,ASK
2020-10-30 10:35:30,MMM,157.31,2,BID
2020-10-30 10:35:30,MMM,157.53,4,ASK
2020-10-30 10:35:30,MMM,157.31,2,BID
2020-10-30 10:35:30,MMM,157.53,4,ASK
2020-10-30 10:35:32,MMM,157.31,2,BID
2020-10-30 10:35:32,MMM,157.54,1,ASK
2020-10-30 10:35:32,MMM,157.31,2,BID
2020-10-30 10:35:32,MMM,157.54,2,ASK
2020-10-30 10:35:32,MMM,157.31,2,BID
2020-10-30 10:35:32,MMM,157.54,2,ASK
2020-10-30 10:35:33,MMM,157.31,2,BID
2020-10-30 10:35:33,MMM,157.54,2,ASK
2020-10-30 10:35:33,MMM,157.31,2,BID
2020-10-30 10:35:33,MMM,157.54,2,ASK
2020-10-30 10:35:33,MMM,157.31,2,BID
2020-10-30 10:35:33,MMM,157.54,2,ASK
2020-10-30 10:35:37,MMM,157.31,3,BID
2020-10-30 10:35:37,MMM,157.54,2,ASK
2020-10-30 10:35:39,MMM,157.31,3,BID
2020-10-30 10:35:39,MMM,157.54,2,ASK
2020-10-30 10:35:39,MMM,157.31,3,BID
2020-10-30 10:35:39,MMM,157.54,2,ASK
2020-10-30 10:35:42,MMM,157.31,3,BID
2020-10-30 10:35:42,MMM,157.53,1,ASK
2020-10-30 10:35:42,MMM,157.31,4,BID
2020-10-30 10:35:42,MMM,157.54,2,ASK
2020-10-30 10:35:42,MMM,157.31,4,BID
2020-10-30 10:35:42,MMM,157.54,2,ASK
2020-10-30 10:35:44,MMM,157.31,5,BID
2020-10-30 10:35:44,MMM,157.54,3,ASK
2020-10-30 10:35:44,MMM,157.44,6,BID
2020-10-30 10:35:44,MMM,157.61,3,ASK
2020-10-30 10:35:44,MMM,157.44,6,BID
2020-10-30 10:35:44,MMM,157.61,3,ASK
2020-10-30 10:35:44,MMM,157.44,6,BID
2020-10-30 10:35:44,MMM,157.61,3,ASK
2020-10-30 10:35:45,MMM,157.44,2,BID
2020-10-30 10:35:44,MMM,157.61,3,ASK
2020-10-30 10:35:45,MMM,157.44,2,BID
2020-10-30 10:35:20,MMM,157.61,3,ASK
2020-10-30 10:35:46,MMM,157.44,3,BID
2020-10-30 10:35:20,MMM,157.61,3,ASK
2020-10-30 10:35:47,MMM,157.44,4,BID
2020-10-30 10:35:47,MMM,157.61,4,ASK
2020-10-30 10:35:49,MMM,157.51,1,BID
2020-10-30 10:35:48,MMM,157.61,4,ASK
2020-10-30 10:35:49,MMM,157.51,1,BID
2020-10-30 10:35:48,MMM,157.61,4,ASK
2020-10-30 10:35:52,MMM,157.45,1,BID
2020-10-30 10:35:48,MMM,157.61,4,ASK
2020-10-30 10:35:52,MMM,157.45,1,BID
2020-10-30 10:35:48,MMM,157.61,4,ASK
2020-10-30 10:35:53,MMM,157.45,1,BID
2020-10-30 10:35:48,MMM,157.61,4,ASK
2020-10-30 10:35:53,MMM,157.45,1,BID
2020-10-30 10:35:48,MMM,157.61,4,ASK
2020-10-30 10:35:53,MMM,157.45,1,BID
2020-10-30 10:35:48,MMM,157.61,4,ASK
2020-10-30 10:35:56,MMM,157.45,3,BID
2020-10-30 10:35:48,MMM,157.61,4,ASK
2020-10-30 10:35:57,MMM,157.53,3,BID
2020-10-30 10:35:57,MMM,157.66,2,ASK
2020-10-30 10:35:57,MMM,157.53,3,BID
2020-10-30 10:35:57,MMM,157.66,2,ASK
2020-10-30 10:35:57,MMM,157.53,3,BID
2020-10-30 10:35:57,MMM,157.66,2,ASK
2020-10-30 10:35:57,MMM,157.53,3,BID
2020-10-30 10:35:57,MMM,157.66,2,ASK
2020-10-30 10:35:57,MMM,157.53,3,BID
2020-10-30 10:35:57,MMM,157.66,2,ASK
2020-10-30 10:35:58,MMM,157.53,3,BID
2020-10-30 10:35:58,MMM,157.72,6,ASK
2020-10-30 10:36:01,MMM,157.53,5,BID
2020-10-30 10:35:58,MMM,157.72,4,ASK
2020-10-30 10:36:01,MMM,157.53,5,BID
2020-10-30 10:35:58,MMM,157.72,4,ASK
2020-10-30 10:36:01,MMM,157.53,5,BID
2020-10-30 10:35:58,MMM,157.72,4,ASK
2020-10-30 10:36:01,MMM,157.53,5,BID
2020-10-30 10:35:58,MMM,157.72,4,ASK
2020-10-30 10:36:05,MMM,157.54,4,BID
2020-10-30 10:35:58,MMM,157.72,4,ASK
2020-10-30 10:36:05,MMM,157.54,4,BID
2020-10-30 10:35:58,MMM,157.72,4,ASK
2020-10-30 10:36:06,MMM,157.54,4,BID
2020-10-30 10:35:58,MMM,157.72,4,ASK
2020-10-30 10:36:08,MMM,157.59,3,BID
2020-10-30 10:36:08,MMM,157.74,1,ASK
2020-10-30 10:36:08,MMM,157.59,3,BID
2020-10-30 10:36:08,MMM,157.71,1,ASK
2020-10-30 10:36:10,MMM,157.59,3,BID
2020-10-30 10:36:10,MMM,157.74,1,ASK
2020-10-30 10:36:12,MMM,157.6,3,BID
2020-10-30 10:36:12,MMM,157.74,1,ASK
2020-10-30 10:36:12,MMM,157.61,1,BID
2020-10-30 10:36:12,MMM,157.74,1,ASK
2020-10-30 10:36:14,MMM,157.51,1,BID
2020-10-30 10:36:14,MMM,157.69,2,ASK
2020-10-30 10:36:14,MMM,157.51,1,BID
2020-10-30 10:36:14,MMM,157.69,2,ASK
2020-10-30 10:36:16,MMM,157.49,1,BID
2020-10-30 10:36:16,MMM,157.68,1,ASK
2020-10-30 10:36:16,MMM,157.49,1,BID
2020-10-30 10:36:16,MMM,157.69,4,ASK
2020-10-30 10:36:17,MMM,157.49,1,BID
2020-10-30 10:36:17,MMM,157.67,2,ASK
2020-10-30 10:36:18,MMM,157.5,1,BID
2020-10-30 10:36:18,MMM,157.67,2,ASK
2020-10-30 10:36:18,MMM,157.5,1,BID
2020-10-30 10:36:18,MMM,157.67,2,ASK
2020-10-30 10:36:18,MMM,157.5,1,BID
2020-10-30 10:36:18,MMM,157.67,2,ASK
2020-10-30 10:36:18,MMM,157.5,1,BID
2020-10-30 10:36:18,MMM,157.67,2,ASK
2020-10-30 10:36:18,MMM,157.5,1,BID
2020-10-30 10:36:18,MMM,157.67,2,ASK
2020-10-30 10:36:18,MMM,157.5,1,BID
2020-10-30 10:36:18,MMM,157.67,2,ASK
2020-10-30 10:36:22,MMM,157.5,4,BID
2020-10-30 10:36:22,MMM,157.67,2,ASK
2020-10-30 10:36:23,MMM,157.51,1,BID
2020-10-30 10:36:23,MMM,157.67,2,ASK
2020-10-30 10:36:23,MMM,157.51,1,BID
2020-10-30 10:36:23,MMM,157.67,2,ASK
2020-10-30 10:36:23,MMM,157.51,1,BID
2020-10-30 10:36:23,MMM,157.67,2,ASK
2020-10-30 10:36:23,MMM,157.51,1,BID
2020-10-30 10:36:23,MMM,157.67,2,ASK
2020-10-30 10:36:23,MMM,157.51,1,BID
2020-10-30 10:36:23,MMM,157.67,2,ASK
2020-10-30 10:36:23,MMM,157.51,1,BID
2020-10-30 10:36:23,MMM,157.67,2,ASK
2020-10-30 10:36:28,MMM,157.51,2,BID
2020-10-30 10:36:28,MMM,157.73,2,ASK
2020-10-30 10:36:29,MMM,157.56,1,BID
2020-10-30 10:36:29,MMM,157.73,2,ASK
2020-10-30 10:36:30,MMM,157.57,1,BID
2020-10-30 10:36:30,MMM,157.73,2,ASK
2020-10-30 10:36:30,MMM,157.56,3,BID
2020-10-30 10:36:30,MMM,157.73,2,ASK
2020-10-30 10:36:30,MMM,157.56,3,BID
2020-10-30 10:36:31,MMM,157.73,2,ASK
2020-10-30 10:36:30,MMM,157.56,3,BID
2020-10-30 10:36:31,MMM,157.73,2,ASK
2020-10-30 10:36:30,MMM,157.56,3,BID
2020-10-30 10:36:31,MMM,157.73,2,ASK
2020-10-30 10:36:30,MMM,157.56,3,BID
2020-10-30 10:36:31,MMM,157.73,2,ASK
2020-10-30 10:36:30,MMM,157.56,3,BID
2020-10-30 10:36:31,MMM,157.73,2,ASK
2020-10-30 10:36:30,MMM,157.56,3,BID
2020-10-30 10:36:35,MMM,157.73,2,ASK
2020-10-30 10:36:37,MMM,157.56,3,BID
2020-10-30 10:36:37,MMM,157.68,1,ASK
2020-10-30 10:36:37,MMM,157.56,3,BID
2020-10-30 10:36:37,MMM,157.68,1,ASK
2020-10-30 10:36:37,MMM,157.56,3,BID
2020-10-30 10:36:37,MMM,157.68,1,ASK
2020-10-30 10:36:37,MMM,157.56,3,BID
2020-10-30 10:36:37,MMM,157.68,1,ASK
2020-10-30 10:36:37,MMM,157.56,3,BID
2020-10-30 10:36:37,MMM,157.68,1,ASK
2020-10-30 10:36:42,MMM,157.56,3,BID
2020-10-30 10:36:42,MMM,157.68,1,ASK
2020-10-30 10:36:44,MMM,157.56,3,BID
2020-10-30 10:36:44,MMM,157.68,1,ASK
2020-10-30 10:36:44,MMM,157.52,3,BID
2020-10-30 10:36:44,MMM,157.67,2,ASK
2020-10-30 10:36:44,MMM,157.52,3,BID
2020-10-30 10:36:44,MMM,157.67,2,ASK
2020-10-30 10:36:44,MMM,157.52,3,BID
2020-10-30 10:36:44,MMM,157.67,2,ASK
2020-10-30 10:36:46,MMM,157.5,2,BID
2020-10-30 10:36:46,MMM,157.6,1,ASK
2020-10-30 10:36:47,MMM,157.5,2,BID
2020-10-30 10:36:47,MMM,157.6,1,ASK
2020-10-30 10:36:47,MMM,157.51,1,BID
2020-10-30 10:36:47,MMM,157.6,1,ASK
2020-10-30 10:36:48,MMM,157.5,2,BID
2020-10-30 10:36:48,MMM,157.59,1,ASK
2020-10-30 10:36:48,MMM,157.5,2,BID
2020-10-30 10:36:48,MMM,157.59,1,ASK
2020-10-30 10:36:50,MMM,157.53,1,BID
2020-10-30 10:36:50,MMM,157.64,3,ASK
2020-10-30 10:36:51,MMM,157.52,1,BID
2020-10-30 10:36:51,MMM,157.64,3,ASK
2020-10-30 10:36:51,MMM,157.53,1,BID
2020-10-30 10:36:51,MMM,157.64,3,ASK
2020-10-30 10:36:53,MMM,157.5,4,BID
2020-10-30 10:36:53,MMM,157.64,3,ASK
2020-10-30 10:36:53,MMM,157.5,4,BID
2020-10-30 10:36:53,MMM,157.64,3,ASK
2020-10-30 10:36:54,MMM,157.55,1,BID
2020-10-30 10:36:54,MMM,157.64,3,ASK
2020-10-30 10:36:55,MMM,157.5,4,BID
2020-10-30 10:36:55,MMM,157.64,3,ASK
2020-10-30 10:36:55,MMM,157.5,4,BID
2020-10-30 10:36:55,MMM,157.64,3,ASK
2020-10-30 10:36:55,MMM,157.5,4,BID
2020-10-30 10:36:55,MMM,157.64,2,ASK
2020-10-30 10:36:55,MMM,157.5,4,BID
2020-10-30 10:36:55,MMM,157.64,2,ASK
2020-10-30 10:36:57,MMM,157.53,1,BID
2020-10-30 10:36:57,MMM,157.64,3,ASK
2020-10-30 10:36:57,MMM,157.53,1,BID
2020-10-30 10:36:57,MMM,157.64,3,ASK
2020-10-30 10:37:00,MMM,157.53,1,BID
2020-10-30 10:36:57,MMM,157.64,3,ASK
2020-10-30 10:37:01,MMM,157.55,1,BID
2020-10-30 10:37:01,MMM,157.64,4,ASK
2020-10-30 10:37:01,MMM,157.55,3,BID
2020-10-30 10:37:01,MMM,157.64,4,ASK
2020-10-30 10:37:02,MMM,157.55,4,BID
2020-10-30 10:37:02,MMM,157.7,3,ASK
2020-10-30 10:37:03,MMM,157.58,1,BID
2020-10-30 10:37:03,MMM,157.74,3,ASK
2020-10-30 10:37:03,MMM,157.57,1,BID
2020-10-30 10:37:03,MMM,157.74,3,ASK
2020-10-30 10:37:03,MMM,157.57,1,BID
2020-10-30 10:37:03,MMM,157.74,3,ASK
2020-10-30 10:37:05,MMM,157.6,1,BID
2020-10-30 10:37:05,MMM,157.74,5,ASK
2020-10-30 10:37:05,MMM,157.6,1,BID
2020-10-30 10:37:05,MMM,157.74,5,ASK
2020-10-30 10:37:05,MMM,157.6,1,BID
2020-10-30 10:37:05,MMM,157.74,5,ASK
2020-10-30 10:37:08,MMM,157.58,3,BID
2020-10-30 10:37:08,MMM,157.73,5,ASK
2020-10-30 10:37:08,MMM,157.52,2,BID
2020-10-30 10:37:08,MMM,157.68,1,ASK
2020-10-30 10:37:08,MMM,157.52,2,BID
2020-10-30 10:37:08,MMM,157.68,1,ASK
2020-10-30 10:37:08,MMM,157.52,2,BID
2020-10-30 10:37:08,MMM,157.68,1,ASK
2020-10-30 10:37:08,MMM,157.52,2,BID
2020-10-30 10:37:08,MMM,157.68,1,ASK
2020-10-30 10:37:08,MMM,157.52,2,BID
2020-10-30 10:37:08,MMM,157.68,1,ASK
2020-10-30 10:37:08,MMM,157.52,2,BID
2020-10-30 10:37:08,MMM,157.68,1,ASK
2020-10-30 10:37:08,MMM,157.52,2,BID
2020-10-30 10:37:08,MMM,157.68,1,ASK
2020-10-30 10:37:15,MMM,157.52,3,BID
2020-10-30 10:37:15,MMM,157.71,1,ASK
2020-10-30 10:37:16,MMM,157.52,3,BID
2020-10-30 10:37:16,MMM,157.67,2,ASK
2020-10-30 10:37:17,MMM,157.52,4,BID
2020-10-30 10:37:17,MMM,157.67,2,ASK
2020-10-30 10:37:17,MMM,157.52,4,BID
2020-10-30 10:37:17,MMM,157.67,2,ASK
2020-10-30 10:37:17,MMM,157.52,4,BID
2020-10-30 10:37:18,MMM,157.74,5,ASK
2020-10-30 10:37:21,MMM,157.53,2,BID
2020-10-30 10:37:21,MMM,157.67,1,ASK
2020-10-30 10:37:21,MMM,157.53,2,BID
2020-10-30 10:37:21,MMM,157.67,1,ASK
2020-10-30 10:37:22,MMM,157.53,2,BID
2020-10-30 10:37:22,MMM,157.73,4,ASK
2020-10-30 10:37:23,MMM,157.53,2,BID
2020-10-30 10:37:23,MMM,157.73,2,ASK
2020-10-30 10:37:23,MMM,157.53,2,BID
2020-10-30 10:37:23,MMM,157.73,4,ASK
2020-10-30 10:37:23,MMM,157.53,3,BID
2020-10-30 10:37:23,MMM,157.73,4,ASK
2020-10-30 10:37:25,MMM,157.53,3,BID
2020-10-30 10:37:25,MMM,157.74,5,ASK
2020-10-30 10:37:25,MMM,157.53,3,BID
2020-10-30 10:37:25,MMM,157.74,5,ASK
2020-10-30 10:37:25,MMM,157.53,3,BID
2020-10-30 10:37:25,MMM,157.74,5,ASK
2020-10-30 10:37:25,MMM,157.53,3,BID
2020-10-30 10:37:25,MMM,157.74,5,ASK
2020-10-30 10:37:30,MMM,157.53,7,BID
2020-10-30 10:37:25,MMM,157.74,5,ASK
2020-10-30 10:37:30,MMM,157.53,7,BID
2020-10-30 10:37:25,MMM,157.74,5,ASK
2020-10-30 10:37:26,MMM,157.53,7,BID
2020-10-30 10:37:25,MMM,157.74,5,ASK
2020-10-30 10:37:26,MMM,157.53,7,BID
2020-10-30 10:37:25,MMM,157.74,5,ASK
2020-10-30 10:37:26,MMM,157.53,7,BID
2020-10-30 10:37:25,MMM,157.74,5,ASK
2020-10-30 10:37:26,MMM,157.53,7,BID
2020-10-30 10:37:25,MMM,157.74,5,ASK
2020-10-30 10:37:26,MMM,157.53,7,BID
2020-10-30 10:37:25,MMM,157.74,5,ASK
2020-10-30 10:37:35,MMM,157.54,1,BID
2020-10-30 10:37:35,MMM,157.79,6,ASK
2020-10-30 10:37:35,MMM,157.72,2,BID
2020-10-30 10:37:35,MMM,157.85,2,ASK
2020-10-30 10:37:36,MMM,157.72,6,BID
2020-10-30 10:37:36,MMM,157.85,2,ASK
2020-10-30 10:37:37,MMM,157.72,6,BID
2020-10-30 10:37:37,MMM,157.85,1,ASK
2020-10-30 10:37:37,MMM,157.75,2,BID
2020-10-30 10:37:37,MMM,157.9,3,ASK
2020-10-30 10:37:38,MMM,157.75,2,BID
2020-10-30 10:37:38,MMM,157.92,1,ASK
2020-10-30 10:37:38,MMM,157.75,2,BID
2020-10-30 10:37:38,MMM,157.92,1,ASK
2020-10-30 10:37:38,MMM,157.75,2,BID
2020-10-30 10:37:38,MMM,157.92,1,ASK
2020-10-30 10:37:38,MMM,157.75,2,BID
2020-10-30 10:37:38,MMM,157.92,1,ASK
2020-10-30 10:37:41,MMM,157.75,2,BID
2020-10-30 10:37:41,MMM,157.92,4,ASK
2020-10-30 10:37:41,MMM,157.75,2,BID
2020-10-30 10:37:41,MMM,157.92,3,ASK
2020-10-30 10:37:43,MMM,157.75,2,BID
2020-10-30 10:37:43,MMM,157.92,2,ASK
2020-10-30 10:37:43,MMM,157.75,2,BID
2020-10-30 10:37:43,MMM,157.92,2,ASK
2020-10-30 10:37:43,MMM,157.75,2,BID
2020-10-30 10:37:43,MMM,157.92,2,ASK
2020-10-30 10:37:43,MMM,157.75,2,BID
2020-10-30 10:37:43,MMM,157.92,2,ASK
2020-10-30 10:37:43,MMM,157.75,2,BID
2020-10-30 10:37:43,MMM,157.92,2,ASK
2020-10-30 10:37:47,MMM,157.77,2,BID
2020-10-30 10:37:47,MMM,157.96,2,ASK
2020-10-30 10:37:47,MMM,157.77,2,BID
2020-10-30 10:37:47,MMM,157.99,1,ASK
2020-10-30 10:37:48,MMM,157.77,2,BID
2020-10-30 10:37:48,MMM,157.97,1,ASK
2020-10-30 10:37:50,MMM,157.77,2,BID
2020-10-30 10:37:50,MMM,157.97,1,ASK
2020-10-30 10:37:50,MMM,157.77,6,BID
2020-10-30 10:37:50,MMM,157.97,2,ASK
2020-10-30 10:37:52,MMM,157.77,6,BID
2020-10-30 10:37:52,MMM,157.99,2,ASK
2020-10-30 10:37:52,MMM,157.77,6,BID
2020-10-30 10:37:52,MMM,158.0,2,ASK
2020-10-30 10:37:52,MMM,157.77,6,BID
2020-10-30 10:37:52,MMM,158.0,3,ASK
2020-10-30 10:37:52,MMM,157.77,6,BID
2020-10-30 10:37:52,MMM,158.0,3,ASK
2020-10-30 10:37:52,MMM,157.77,6,BID
2020-10-30 10:37:52,MMM,158.0,3,ASK
2020-10-30 10:37:54,MMM,157.77,6,BID
2020-10-30 10:37:54,MMM,158.0,3,ASK
2020-10-30 10:37:55,MMM,157.77,6,BID
2020-10-30 10:37:54,MMM,158.0,3,ASK
2020-10-30 10:37:55,MMM,157.77,6,BID
2020-10-30 10:37:54,MMM,158.0,3,ASK
2020-10-30 10:37:56,MMM,157.78,3,BID
2020-10-30 10:37:56,MMM,158.0,3,ASK
2020-10-30 10:37:56,MMM,157.78,2,BID
2020-10-30 10:37:57,MMM,158.0,3,ASK
2020-10-30 10:37:58,MMM,157.78,3,BID
2020-10-30 10:37:58,MMM,158.0,5,ASK
2020-10-30 10:38:00,MMM,157.78,3,BID
2020-10-30 10:38:00,MMM,158.0,5,ASK
2020-10-30 10:38:00,MMM,157.77,5,BID
2020-10-30 10:38:00,MMM,157.99,2,ASK
2020-10-30 10:38:01,MMM,157.77,5,BID
2020-10-30 10:38:01,MMM,157.99,3,ASK
2020-10-30 10:38:01,MMM,157.77,5,BID
2020-10-30 10:38:01,MMM,157.99,3,ASK
2020-10-30 10:38:02,MMM,157.77,5,BID
2020-10-30 10:38:02,MMM,157.99,3,ASK
2020-10-30 10:38:03,MMM,157.77,5,BID
2020-10-30 10:38:03,MMM,157.99,3,ASK
2020-10-30 10:38:03,MMM,157.77,5,BID
2020-10-30 10:38:03,MMM,157.99,4,ASK
2020-10-30 10:38:04,MMM,157.77,5,BID
2020-10-30 10:38:03,MMM,157.99,4,ASK
2020-10-30 10:38:05,MMM,157.78,2,BID
2020-10-30 10:38:05,MMM,157.99,4,ASK
2020-10-30 10:38:06,MMM,157.78,5,BID
2020-10-30 10:38:06,MMM,157.99,4,ASK
2020-10-30 10:38:07,MMM,157.75,3,BID
2020-10-30 10:38:07,MMM,157.89,5,ASK
2020-10-30 10:38:07,MMM,157.75,3,BID
2020-10-30 10:38:07,MMM,157.89,6,ASK
2020-10-30 10:38:08,MMM,157.75,4,BID
2020-10-30 10:38:08,MMM,157.89,6,ASK
2020-10-30 10:38:08,MMM,157.75,4,BID
2020-10-30 10:38:08,MMM,157.89,6,ASK
2020-10-30 10:38:12,MMM,157.75,6,BID
2020-10-30 10:38:12,MMM,157.89,6,ASK
2020-10-30 10:38:12,MMM,157.75,6,BID
2020-10-30 10:38:12,MMM,157.89,6,ASK
2020-10-30 10:38:13,MMM,157.65,3,BID
2020-10-30 10:38:13,MMM,157.8,1,ASK
2020-10-30 10:38:13,MMM,157.65,3,BID
2020-10-30 10:38:13,MMM,157.8,1,ASK
2020-10-30 10:38:13,MMM,157.65,2,BID
2020-10-30 10:38:14,MMM,157.8,2,ASK
2020-10-30 10:38:15,MMM,157.65,2,BID
2020-10-30 10:38:15,MMM,157.8,4,ASK
2020-10-30 10:38:15,MMM,157.65,2,BID
2020-10-30 10:38:17,MMM,157.8,4,ASK
2020-10-30 10:38:17,MMM,157.57,2,BID
2020-10-30 10:38:17,MMM,157.73,2,ASK
2020-10-30 10:38:17,MMM,157.57,2,BID
2020-10-30 10:38:17,MMM,157.73,2,ASK
2020-10-30 10:38:19,MMM,157.59,1,BID
2020-10-30 10:38:19,MMM,157.74,3,ASK
2020-10-30 10:38:19,MMM,157.59,1,BID
2020-10-30 10:38:19,MMM,157.74,3,ASK
2020-10-30 10:38:21,MMM,157.59,1,BID
2020-10-30 10:38:21,MMM,157.74,3,ASK
2020-10-30 10:38:21,MMM,157.59,1,BID
2020-10-30 10:38:21,MMM,157.74,3,ASK
2020-10-30 10:38:24,MMM,157.59,2,BID
2020-10-30 10:38:21,MMM,157.74,4,ASK
2020-10-30 10:38:24,MMM,157.59,2,BID
2020-10-30 10:38:21,MMM,157.74,4,ASK
2020-10-30 10:38:24,MMM,157.59,2,BID
2020-10-30 10:38:21,MMM,157.74,4,ASK
2020-10-30 10:38:28,MMM,157.57,3,BID
2020-10-30 10:38:28,MMM,157.71,1,ASK
2020-10-30 10:38:28,MMM,157.57,3,BID
2020-10-30 10:38:28,MMM,157.71,1,ASK
2020-10-30 10:38:30,MMM,157.57,3,BID
2020-10-30 10:38:30,MMM,157.71,1,ASK
2020-10-30 10:38:30,MMM,157.57,3,BID
2020-10-30 10:38:30,MMM,157.71,1,ASK
2020-10-30 10:38:30,MMM,157.57,3,BID
2020-10-30 10:38:30,MMM,157.71,1,ASK
2020-10-30 10:38:30,MMM,157.57,3,BID
2020-10-30 10:38:30,MMM,157.71,1,ASK
2020-10-30 10:38:30,MMM,157.57,3,BID
2020-10-30 10:38:30,MMM,157.71,1,ASK
2020-10-30 10:38:35,MMM,157.51,4,BID
2020-10-30 10:38:35,MMM,157.64,2,ASK
2020-10-30 10:38:36,MMM,157.5,3,BID
2020-10-30 10:38:36,MMM,157.68,4,ASK
2020-10-30 10:38:36,MMM,157.5,3,BID
2020-10-30 10:38:36,MMM,157.68,4,ASK
2020-10-30 10:38:36,MMM,157.5,3,BID
2020-10-30 10:38:36,MMM,157.68,4,ASK
2020-10-30 10:38:38,MMM,157.51,2,BID
2020-10-30 10:38:38,MMM,157.68,3,ASK
2020-10-30 10:38:38,MMM,157.51,2,BID
2020-10-30 10:38:38,MMM,157.68,3,ASK
2020-10-30 10:38:40,MMM,157.51,5,BID
2020-10-30 10:38:40,MMM,157.68,3,ASK
2020-10-30 10:38:40,MMM,157.51,5,BID
2020-10-30 10:38:40,MMM,157.68,3,ASK
2020-10-30 10:38:40,MMM,157.51,5,BID
2020-10-30 10:38:40,MMM,157.68,3,ASK
2020-10-30 10:38:40,MMM,157.51,5,BID
2020-10-30 10:38:40,MMM,157.68,3,ASK
2020-10-30 10:38:40,MMM,157.51,5,BID
2020-10-30 10:38:40,MMM,157.68,3,ASK
2020-10-30 10:38:46,MMM,157.51,5,BID
2020-10-30 10:38:46,MMM,157.68,3,ASK
2020-10-30 10:38:46,MMM,157.51,5,BID
2020-10-30 10:38:46,MMM,157.68,3,ASK
2020-10-30 10:38:46,MMM,157.51,5,BID
2020-10-30 10:38:46,MMM,157.68,3,ASK
2020-10-30 10:38:50,MMM,157.6,1,BID
2020-10-30 10:38:50,MMM,157.75,2,ASK
2020-10-30 10:38:50,MMM,157.61,1,BID
2020-10-30 10:38:50,MMM,157.75,2,ASK
2020-10-30 10:38:51,MMM,157.68,1,BID
2020-10-30 10:38:51,MMM,157.81,2,ASK
2020-10-30 10:38:51,MMM,157.68,1,BID
2020-10-30 10:38:51,MMM,157.81,2,ASK
2020-10-30 10:38:51,MMM,157.68,1,BID
2020-10-30 10:38:51,MMM,157.81,2,ASK
2020-10-30 10:38:51,MMM,157.68,1,BID
2020-10-30 10:38:51,MMM,157.81,2,ASK
2020-10-30 10:38:51,MMM,157.68,1,BID
2020-10-30 10:38:51,MMM,157.81,2,ASK
2020-10-30 10:38:51,MMM,157.68,1,BID
2020-10-30 10:38:51,MMM,157.81,2,ASK
2020-10-30 10:38:51,MMM,157.68,1,BID
2020-10-30 10:38:51,MMM,157.81,2,ASK
2020-10-30 10:38:51,MMM,157.68,1,BID
2020-10-30 10:38:51,MMM,157.81,2,ASK
2020-10-30 10:38:57,MMM,157.68,2,BID
2020-10-30 10:38:51,MMM,157.81,2,ASK
2020-10-30 10:38:58,MMM,157.68,3,BID
2020-10-30 10:38:51,MMM,157.81,2,ASK
2020-10-30 10:39:00,MMM,157.68,3,BID
2020-10-30 10:38:51,MMM,157.81,2,ASK
2020-10-30 10:39:00,MMM,157.68,3,BID
2020-10-30 10:38:51,MMM,157.81,2,ASK
2020-10-30 10:39:00,MMM,157.68,3,BID
2020-10-30 10:38:51,MMM,157.81,2,ASK
2020-10-30 10:39:00,MMM,157.68,3,BID
2020-10-30 10:38:51,MMM,157.81,2,ASK
2020-10-30 10:39:00,MMM,157.68,3,BID
2020-10-30 10:38:51,MMM,157.81,2,ASK
2020-10-30 10:39:03,MMM,157.66,1,BID
2020-10-30 10:38:51,MMM,157.81,2,ASK
2020-10-30 10:39:04,MMM,157.66,2,BID
2020-10-30 10:38:51,MMM,157.81,2,ASK
2020-10-30 10:39:04,MMM,157.66,3,BID
2020-10-30 10:38:51,MMM,157.81,2,ASK
2020-10-30 10:39:04,MMM,157.66,3,BID
2020-10-30 10:38:51,MMM,157.81,2,ASK
2020-10-30 10:39:04,MMM,157.66,3,BID
2020-10-30 10:38:51,MMM,157.81,2,ASK
2020-10-30 10:39:04,MMM,157.66,3,BID
2020-10-30 10:38:51,MMM,157.81,2,ASK
2020-10-30 10:39:04,MMM,157.66,3,BID
2020-10-30 10:38:51,MMM,157.81,2,ASK
2020-10-30 10:39:04,MMM,157.66,3,BID
2020-10-30 10:38:51,MMM,157.81,2,ASK
2020-10-30 10:39:10,MMM,157.66,3,BID
2020-10-30 10:39:10,MMM,157.77,1,ASK
2020-10-30 10:39:10,MMM,157.66,3,BID
2020-10-30 10:39:10,MMM,157.77,1,ASK
2020-10-30 10:39:10,MMM,157.66,3,BID
2020-10-30 10:39:10,MMM,157.77,1,ASK
2020-10-30 10:39:10,MMM,157.66,3,BID
2020-10-30 10:39:10,MMM,157.77,1,ASK
2020-10-30 10:39:10,MMM,157.66,4,BID
2020-10-30 10:39:15,MMM,157.77,1,ASK
2020-10-30 10:39:10,MMM,157.66,4,BID
2020-10-30 10:39:17,MMM,157.77,2,ASK
2020-10-30 10:39:20,MMM,157.7,2,BID
2020-10-30 10:39:20,MMM,157.83,1,ASK
2020-10-30 10:39:22,MMM,157.7,2,BID
2020-10-30 10:39:22,MMM,157.87,5,ASK
2020-10-30 10:39:23,MMM,157.71,2,BID
2020-10-30 10:39:24,MMM,157.87,5,ASK
2020-10-30 10:39:26,MMM,157.75,1,BID
2020-10-30 10:39:26,MMM,157.87,5,ASK
2020-10-30 10:39:27,MMM,157.71,2,BID
2020-10-30 10:39:27,MMM,157.86,1,ASK
2020-10-30 10:39:27,MMM,157.71,2,BID
2020-10-30 10:39:27,MMM,157.86,1,ASK
2020-10-30 10:39:27,MMM,157.71,2,BID
2020-10-30 10:39:27,MMM,157.86,1,ASK
2020-10-30 10:39:30,MMM,157.71,2,BID
2020-10-30 10:39:30,MMM,157.84,4,ASK
2020-10-30 10:39:31,MMM,157.71,3,BID
2020-10-30 10:39:31,MMM,157.84,4,ASK
2020-10-30 10:39:31,MMM,157.71,3,BID
2020-10-30 10:39:31,MMM,157.84,4,ASK
2020-10-30 10:39:31,MMM,157.71,3,BID
2020-10-30 10:39:31,MMM,157.84,4,ASK
2020-10-30 10:39:33,MMM,157.71,4,BID
2020-10-30 10:39:33,MMM,157.86,1,ASK
2020-10-30 10:39:34,MMM,157.71,4,BID
2020-10-30 10:39:36,MMM,157.86,1,ASK
2020-10-30 10:39:34,MMM,157.71,4,BID
2020-10-30 10:39:36,MMM,157.86,1,ASK
2020-10-30 10:39:34,MMM,157.71,4,BID
2020-10-30 10:39:37,MMM,157.86,1,ASK
2020-10-30 10:39:34,MMM,157.71,4,BID
2020-10-30 10:39:37,MMM,157.86,1,ASK
2020-10-30 10:39:34,MMM,157.71,4,BID
2020-10-30 10:39:41,MMM,157.86,2,ASK
2020-10-30 10:39:34,MMM,157.71,4,BID
2020-10-30 10:39:41,MMM,157.86,2,ASK
2020-10-30 10:39:34,MMM,157.71,4,BID
2020-10-30 10:39:41,MMM,157.86,2,ASK
2020-10-30 10:39:34,MMM,157.71,4,BID
2020-10-30 10:39:41,MMM,157.86,2,ASK
2020-10-30 10:39:34,MMM,157.71,4,BID
2020-10-30 10:39:41,MMM,157.86,2,ASK
2020-10-30 10:39:34,MMM,157.71,4,BID
2020-10-30 10:39:41,MMM,157.86,2,ASK
2020-10-30 10:39:34,MMM,157.71,4,BID
2020-10-30 10:39:41,MMM,157.86,2,ASK
2020-10-30 10:39:34,MMM,157.71,4,BID
2020-10-30 10:39:41,MMM,157.86,2,ASK
2020-10-30 10:39:34,MMM,157.71,4,BID
2020-10-30 10:39:41,MMM,157.86,2,ASK
2020-10-30 10:39:34,MMM,157.71,4,BID
2020-10-30 10:39:49,MMM,157.86,3,ASK
2020-10-30 10:39:34,MMM,157.71,4,BID
2020-10-30 10:39:49,MMM,157.86,3,ASK
2020-10-30 10:39:34,MMM,157.71,4,BID
2020-10-30 10:39:49,MMM,157.86,3,ASK
2020-10-30 10:39:34,MMM,157.71,4,BID
2020-10-30 10:39:55,MMM,157.86,2,ASK
2020-10-30 10:39:34,MMM,157.71,4,BID
2020-10-30 10:39:55,MMM,157.86,2,ASK
2020-10-30 10:39:34,MMM,157.71,4,BID
2020-10-30 10:39:55,MMM,157.86,2,ASK
2020-10-30 10:39:34,MMM,157.71,4,BID
2020-10-30 10:39:55,MMM,157.86,2,ASK
2020-10-30 10:40:00,MMM,157.71,5,BID
2020-10-30 10:40:00,MMM,157.86,2,ASK
2020-10-30 10:40:00,MMM,157.71,5,BID
2020-10-30 10:40:00,MMM,157.86,2,ASK
2020-10-30 10:40:00,MMM,157.71,5,BID
2020-10-30 10:40:00,MMM,157.86,2,ASK
2020-10-30 10:40:00,MMM,157.71,5,BID
2020-10-30 10:40:00,MMM,157.86,2,ASK
2020-10-30 10:40:00,MMM,157.71,5,BID
2020-10-30 10:40:00,MMM,157.86,2,ASK
2020-10-30 10:40:00,MMM,157.71,5,BID
2020-10-30 10:40:00,MMM,157.86,2,ASK
2020-10-30 10:40:00,MMM,157.71,5,BID
2020-10-30 10:40:00,MMM,157.86,3,ASK
2020-10-30 10:40:00,MMM,157.71,5,BID
2020-10-30 10:40:00,MMM,157.86,3,ASK
2020-10-30 10:40:01,MMM,157.65,2,BID
2020-10-30 10:40:01,MMM,157.75,1,ASK
2020-10-30 10:40:01,MMM,157.58,1,BID
2020-10-30 10:40:01,MMM,157.75,2,ASK
2020-10-30 10:40:02,MMM,157.58,1,BID
2020-10-30 10:40:01,MMM,157.75,3,ASK
2020-10-30 10:40:03,MMM,157.56,1,BID
2020-10-30 10:40:03,MMM,157.74,2,ASK
2020-10-30 10:40:03,MMM,157.5,3,BID
2020-10-30 10:40:03,MMM,157.73,3,ASK
2020-10-30 10:40:05,MMM,157.5,3,BID
2020-10-30 10:40:05,MMM,157.66,4,ASK
2020-10-30 10:40:06,MMM,157.45,5,BID
2020-10-30 10:40:06,MMM,157.58,2,ASK
2020-10-30 10:40:06,MMM,157.45,5,BID
2020-10-30 10:40:06,MMM,157.58,2,ASK
2020-10-30 10:40:06,MMM,157.45,5,BID
2020-10-30 10:40:06,MMM,157.58,2,ASK
2020-10-30 10:40:06,MMM,157.45,5,BID
2020-10-30 10:40:06,MMM,157.58,2,ASK
2020-10-30 10:40:06,MMM,157.45,5,BID
2020-10-30 10:40:06,MMM,157.58,2,ASK
2020-10-30 10:40:06,MMM,157.45,5,BID
2020-10-30 10:40:06,MMM,157.58,2,ASK
2020-10-30 10:40:06,MMM,157.45,5,BID
2020-10-30 10:40:06,MMM,157.58,2,ASK
2020-10-30 10:40:13,MMM,157.34,4,BID
2020-10-30 10:40:13,MMM,157.49,1,ASK
2020-10-30 10:40:13,MMM,157.34,4,BID
2020-10-30 10:40:13,MMM,157.49,1,ASK
2020-10-30 10:40:14,MMM,157.33,2,BID
2020-10-30 10:40:14,MMM,157.49,1,ASK
2020-10-30 10:40:14,MMM,157.33,2,BID
2020-10-30 10:40:14,MMM,157.49,3,ASK
2020-10-30 10:40:17,MMM,157.35,1,BID
2020-10-30 10:40:17,MMM,157.58,4,ASK
2020-10-30 10:40:17,MMM,157.35,1,BID
2020-10-30 10:40:17,MMM,157.58,4,ASK
2020-10-30 10:40:17,MMM,157.35,1,BID
2020-10-30 10:40:17,MMM,157.58,4,ASK
2020-10-30 10:40:17,MMM,157.35,1,BID
2020-10-30 10:40:17,MMM,157.58,4,ASK
2020-10-30 10:40:17,MMM,157.34,2,BID
2020-10-30 10:40:17,MMM,157.58,4,ASK
2020-10-30 10:40:17,MMM,157.34,2,BID
2020-10-30 10:40:17,MMM,157.58,4,ASK
2020-10-30 10:40:17,MMM,157.34,2,BID
2020-10-30 10:40:17,MMM,157.58,4,ASK
2020-10-30 10:40:17,MMM,157.34,2,BID
2020-10-30 10:40:17,MMM,157.58,4,ASK
2020-10-30 10:40:17,MMM,157.34,2,BID
2020-10-30 10:40:17,MMM,157.58,4,ASK
2020-10-30 10:40:17,MMM,157.34,2,BID
2020-10-30 10:40:17,MMM,157.58,4,ASK
2020-10-30 10:40:28,MMM,157.44,1,BID
2020-10-30 10:40:28,MMM,157.65,1,ASK
2020-10-30 10:40:30,MMM,157.43,1,BID
2020-10-30 10:40:30,MMM,157.65,2,ASK
2020-10-30 10:40:26,MMM,157.37,9,BID
2020-10-30 10:40:31,MMM,157.65,4,ASK
2020-10-30 10:40:31,MMM,157.37,10,BID
2020-10-30 10:40:32,MMM,157.65,7,ASK
2020-10-30 10:40:31,MMM,157.37,10,BID
2020-10-30 10:40:32,MMM,157.65,7,ASK
2020-10-30 10:40:31,MMM,157.37,10,BID
2020-10-30 10:40:32,MMM,157.65,7,ASK
2020-10-30 10:40:34,MMM,157.37,11,BID
2020-10-30 10:40:34,MMM,157.65,8,ASK
2020-10-30 10:40:34,MMM,157.37,8,BID
2020-10-30 10:40:34,MMM,157.65,8,ASK
2020-10-30 10:40:36,MMM,157.38,1,BID
2020-10-30 10:40:35,MMM,157.55,3,ASK
2020-10-30 10:40:35,MMM,157.37,8,BID
2020-10-30 10:40:37,MMM,157.55,2,ASK
2020-10-30 10:40:38,MMM,157.4,1,BID
2020-10-30 10:40:38,MMM,157.55,2,ASK
2020-10-30 10:40:38,MMM,157.4,1,BID
2020-10-30 10:40:38,MMM,157.55,2,ASK
2020-10-30 10:40:38,MMM,157.4,1,BID
2020-10-30 10:40:38,MMM,157.55,2,ASK
2020-10-30 10:40:38,MMM,157.4,1,BID
2020-10-30 10:40:38,MMM,157.55,2,ASK
2020-10-30 10:40:38,MMM,157.4,1,BID
2020-10-30 10:40:38,MMM,157.55,2,ASK
2020-10-30 10:40:38,MMM,157.4,1,BID
2020-10-30 10:40:38,MMM,157.55,2,ASK
2020-10-30 10:40:38,MMM,157.4,1,BID
2020-10-30 10:40:38,MMM,157.55,2,ASK
2020-10-30 10:40:38,MMM,157.4,1,BID
2020-10-30 10:40:38,MMM,157.55,2,ASK
2020-10-30 10:40:48,MMM,157.47,3,BID
2020-10-30 10:40:48,MMM,157.64,4,ASK
2020-10-30 10:40:50,MMM,157.48,1,BID
2020-10-30 10:40:50,MMM,157.64,4,ASK
2020-10-30 10:40:48,MMM,157.47,2,BID
2020-10-30 10:40:51,MMM,157.64,5,ASK
2020-10-30 10:40:48,MMM,157.47,2,BID
2020-10-30 10:40:51,MMM,157.64,6,ASK
2020-10-30 10:40:53,MMM,157.48,1,BID
2020-10-30 10:40:53,MMM,157.64,6,ASK
2020-10-30 10:40:53,MMM,157.48,1,BID
2020-10-30 10:40:53,MMM,157.64,6,ASK
2020-10-30 10:40:53,MMM,157.48,1,BID
2020-10-30 10:40:53,MMM,157.64,6,ASK
2020-10-30 10:40:53,MMM,157.48,1,BID
2020-10-30 10:40:53,MMM,157.64,6,ASK
2020-10-30 10:40:53,MMM,157.48,1,BID
2020-10-30 10:40:53,MMM,157.64,6,ASK
2020-10-30 10:40:53,MMM,157.48,1,BID
2020-10-30 10:40:53,MMM,157.64,6,ASK
2020-10-30 10:40:58,MMM,157.48,3,BID
2020-10-30 10:40:58,MMM,157.64,6,ASK
2020-10-30 10:40:58,MMM,157.48,3,BID
2020-10-30 10:40:58,MMM,157.64,6,ASK
2020-10-30 10:41:00,MMM,157.48,3,BID
2020-10-30 10:41:00,MMM,157.64,6,ASK
2020-10-30 10:41:00,MMM,157.48,3,BID
2020-10-30 10:41:00,MMM,157.64,6,ASK
2020-10-30 10:41:00,MMM,157.48,3,BID
2020-10-30 10:41:00,MMM,157.64,6,ASK
2020-10-30 10:41:00,MMM,157.48,3,BID
2020-10-30 10:41:00,MMM,157.64,6,ASK
2020-10-30 10:41:00,MMM,157.48,3,BID
2020-10-30 10:41:00,MMM,157.64,6,ASK
2020-10-30 10:41:00,MMM,157.48,3,BID
2020-10-30 10:41:00,MMM,157.64,6,ASK
2020-10-30 10:41:00,MMM,157.48,3,BID
2020-10-30 10:41:00,MMM,157.64,6,ASK
2020-10-30 10:41:07,MMM,157.59,1,BID
2020-10-30 10:40:03,MMM,157.74,2,ASK
2020-10-30 10:41:08,MMM,157.61,1,BID
2020-10-30 10:41:08,MMM,157.8,2,ASK
2020-10-30 10:41:10,MMM,157.61,2,BID
2020-10-30 10:41:10,MMM,157.74,1,ASK
2020-10-30 10:41:10,MMM,157.59,2,BID
2020-10-30 10:41:10,MMM,157.75,1,ASK
2020-10-30 10:41:12,MMM,157.59,3,BID
2020-10-30 10:41:12,MMM,157.81,4,ASK
2020-10-30 10:41:12,MMM,157.59,3,BID
2020-10-30 10:41:12,MMM,157.81,6,ASK
2020-10-30 10:41:14,MMM,157.59,3,BID
2020-10-30 10:41:14,MMM,157.81,5,ASK
2020-10-30 10:41:14,MMM,157.59,3,BID
2020-10-30 10:41:15,MMM,157.81,7,ASK
2020-10-30 10:41:16,MMM,157.59,3,BID
2020-10-30 10:41:16,MMM,157.81,8,ASK
2020-10-30 10:41:17,MMM,157.57,1,BID
2020-10-30 10:41:17,MMM,157.81,8,ASK
2020-10-30 10:41:18,MMM,157.57,3,BID
2020-10-30 10:41:18,MMM,157.81,8,ASK
2020-10-30 10:41:18,MMM,157.57,3,BID
2020-10-30 10:41:18,MMM,157.81,8,ASK
2020-10-30 10:41:18,MMM,157.57,3,BID
2020-10-30 10:41:18,MMM,157.81,8,ASK
2020-10-30 10:41:18,MMM,157.57,3,BID
2020-10-30 10:41:18,MMM,157.81,8,ASK
2020-10-30 10:41:22,MMM,157.48,4,BID
2020-10-30 10:41:22,MMM,157.68,1,ASK
2020-10-30 10:41:22,MMM,157.46,4,BID
2020-10-30 10:41:22,MMM,157.62,1,ASK
2020-10-30 10:41:22,MMM,157.46,4,BID
2020-10-30 10:41:22,MMM,157.62,1,ASK
2020-10-30 10:41:22,MMM,157.46,4,BID
2020-10-30 10:41:22,MMM,157.62,1,ASK
2020-10-30 10:41:22,MMM,157.46,4,BID
2020-10-30 10:41:22,MMM,157.62,1,ASK
2020-10-30 10:41:22,MMM,157.46,4,BID
2020-10-30 10:41:23,MMM,157.58,2,ASK
2020-10-30 10:41:22,MMM,157.46,4,BID
2020-10-30 10:41:23,MMM,157.58,2,ASK
2020-10-30 10:41:22,MMM,157.46,4,BID
2020-10-30 10:41:25,MMM,157.58,3,ASK
2020-10-30 10:41:22,MMM,157.46,4,BID
2020-10-30 10:41:25,MMM,157.58,3,ASK
2020-10-30 10:41:22,MMM,157.46,4,BID
2020-10-30 10:41:27,MMM,157.58,3,ASK
2020-10-30 10:41:22,MMM,157.46,4,BID
2020-10-30 10:41:27,MMM,157.58,3,ASK
2020-10-30 10:41:22,MMM,157.46,4,BID
2020-10-30 10:41:27,MMM,157.58,3,ASK
2020-10-30 10:41:22,MMM,157.46,4,BID
2020-10-30 10:41:27,MMM,157.58,3,ASK
2020-10-30 10:41:31,MMM,157.52,2,BID
2020-10-30 10:41:31,MMM,157.64,2,ASK
2020-10-30 10:41:31,MMM,157.52,2,BID
2020-10-30 10:41:31,MMM,157.67,1,ASK
2020-10-30 10:41:31,MMM,157.52,2,BID
2020-10-30 10:41:31,MMM,157.67,1,ASK
2020-10-30 10:41:31,MMM,157.52,2,BID
2020-10-30 10:41:31,MMM,157.67,1,ASK
2020-10-30 10:41:31,MMM,157.52,2,BID
2020-10-30 10:41:31,MMM,157.67,1,ASK
2020-10-30 10:41:31,MMM,157.52,2,BID
2020-10-30 10:41:31,MMM,157.67,1,ASK
2020-10-30 10:41:31,MMM,157.52,2,BID
2020-10-30 10:41:38,MMM,157.72,4,ASK
2020-10-30 10:41:40,MMM,157.53,1,BID
2020-10-30 10:41:39,MMM,157.72,7,ASK
2020-10-30 10:41:41,MMM,157.53,1,BID
2020-10-30 10:41:41,MMM,157.65,3,ASK
2020-10-30 10:41:41,MMM,157.46,4,BID
2020-10-30 10:41:41,MMM,157.62,2,ASK
2020-10-30 10:41:42,MMM,157.46,4,BID
2020-10-30 10:41:42,MMM,157.62,4,ASK
2020-10-30 10:41:42,MMM,157.47,1,BID
2020-10-30 10:41:42,MMM,157.62,4,ASK
2020-10-30 10:41:44,MMM,157.47,2,BID
2020-10-30 10:41:42,MMM,157.62,5,ASK
2020-10-30 10:41:44,MMM,157.47,2,BID
2020-10-30 10:41:42,MMM,157.62,5,ASK
2020-10-30 10:41:45,MMM,157.5,2,BID
2020-10-30 10:41:45,MMM,157.67,2,ASK
2020-10-30 10:41:45,MMM,157.5,2,BID
2020-10-30 10:41:45,MMM,157.67,2,ASK
2020-10-30 10:41:47,MMM,157.5,3,BID
2020-10-30 10:41:47,MMM,157.72,9,ASK
2020-10-30 10:41:47,MMM,157.5,3,BID
2020-10-30 10:41:47,MMM,157.72,9,ASK
2020-10-30 10:41:48,MMM,157.5,3,BID
2020-10-30 10:41:48,MMM,157.72,10,ASK
2020-10-30 10:41:50,MMM,157.52,2,BID
2020-10-30 10:41:50,MMM,157.73,1,ASK
2020-10-30 10:41:50,MMM,157.52,3,BID
2020-10-30 10:41:50,MMM,157.73,1,ASK
2020-10-30 10:41:50,MMM,157.52,3,BID
2020-10-30 10:41:50,MMM,157.73,1,ASK
2020-10-30 10:41:50,MMM,157.52,3,BID
2020-10-30 10:41:50,MMM,157.73,1,ASK
2020-10-30 10:41:51,MMM,157.52,3,BID
2020-10-30 10:41:51,MMM,157.73,3,ASK
2020-10-30 10:41:51,MMM,157.52,3,BID
2020-10-30 10:41:51,MMM,157.73,3,ASK
2020-10-30 10:41:54,MMM,157.52,3,BID
2020-10-30 10:41:54,MMM,157.73,3,ASK
2020-10-30 10:41:54,MMM,157.52,4,BID
2020-10-30 10:41:54,MMM,157.73,3,ASK
2020-10-30 10:41:55,MMM,157.52,4,BID
2020-10-30 10:41:55,MMM,157.73,3,ASK
2020-10-30 10:41:56,MMM,157.52,4,BID
2020-10-30 10:41:56,MMM,157.73,3,ASK
2020-10-30 10:41:56,MMM,157.52,4,BID
2020-10-30 10:41:56,MMM,157.73,3,ASK
2020-10-30 10:41:58,MMM,157.52,5,BID
2020-10-30 10:41:56,MMM,157.73,2,ASK
2020-10-30 10:41:58,MMM,157.52,4,BID
2020-10-30 10:41:56,MMM,157.73,2,ASK
2020-10-30 10:42:00,MMM,157.52,5,BID
2020-10-30 10:41:56,MMM,157.73,2,ASK
2020-10-30 10:42:00,MMM,157.52,5,BID
2020-10-30 10:41:56,MMM,157.73,2,ASK
2020-10-30 10:42:00,MMM,157.52,5,BID
2020-10-30 10:41:56,MMM,157.73,2,ASK
2020-10-30 10:42:00,MMM,157.52,5,BID
2020-10-30 10:41:56,MMM,157.73,2,ASK
2020-10-30 10:42:00,MMM,157.52,5,BID
2020-10-30 10:41:56,MMM,157.73,2,ASK
2020-10-30 10:42:03,MMM,157.52,5,BID
2020-10-30 10:41:56,MMM,157.73,3,ASK
2020-10-30 10:42:03,MMM,157.52,5,BID
2020-10-30 10:41:56,MMM,157.73,3,ASK
2020-10-30 10:42:03,MMM,157.52,5,BID
2020-10-30 10:41:56,MMM,157.73,3,ASK
2020-10-30 10:42:03,MMM,157.52,5,BID
2020-10-30 10:41:56,MMM,157.73,3,ASK
2020-10-30 10:42:03,MMM,157.52,5,BID
2020-10-30 10:41:56,MMM,157.73,3,ASK
2020-10-30 10:42:03,MMM,157.52,5,BID
2020-10-30 10:41:56,MMM,157.73,3,ASK
2020-10-30 10:42:06,MMM,157.52,5,BID
2020-10-30 10:42:06,MMM,157.72,11,ASK
2020-10-30 10:42:06,MMM,157.52,5,BID
2020-10-30 10:42:08,MMM,157.67,2,ASK
2020-10-30 10:42:06,MMM,157.52,5,BID
2020-10-30 10:42:08,MMM,157.67,2,ASK
2020-10-30 10:42:10,MMM,157.52,5,BID
2020-10-30 10:42:10,MMM,157.67,3,ASK
2020-10-30 10:42:10,MMM,157.52,5,BID
2020-10-30 10:42:10,MMM,157.67,3,ASK
2020-10-30 10:42:12,MMM,157.52,5,BID
2020-10-30 10:42:11,MMM,157.67,3,ASK
2020-10-30 10:42:12,MMM,157.52,5,BID
2020-10-30 10:42:11,MMM,157.67,3,ASK
2020-10-30 10:42:10,MMM,157.52,5,BID
2020-10-30 10:42:11,MMM,157.67,3,ASK
2020-10-30 10:42:10,MMM,157.52,5,BID
2020-10-30 10:42:11,MMM,157.67,3,ASK
2020-10-30 10:42:10,MMM,157.52,5,BID
2020-10-30 10:42:11,MMM,157.67,3,ASK
2020-10-30 10:42:10,MMM,157.52,5,BID
2020-10-30 10:42:11,MMM,157.67,3,ASK
2020-10-30 10:42:10,MMM,157.52,5,BID
2020-10-30 10:42:11,MMM,157.67,3,ASK
2020-10-30 10:42:10,MMM,157.52,5,BID
2020-10-30 10:42:11,MMM,157.67,3,ASK
2020-10-30 10:42:10,MMM,157.52,5,BID
2020-10-30 10:42:11,MMM,157.67,3,ASK
2020-10-30 10:42:10,MMM,157.52,5,BID
2020-10-30 10:42:11,MMM,157.67,3,ASK
2020-10-30 10:42:10,MMM,157.52,5,BID
2020-10-30 10:42:11,MMM,157.67,3,ASK
2020-10-30 10:42:10,MMM,157.52,5,BID
2020-10-30 10:42:11,MMM,157.67,3,ASK
2020-10-30 10:42:10,MMM,157.52,5,BID
2020-10-30 10:42:11,MMM,157.67,3,ASK
2020-10-30 10:42:10,MMM,157.52,5,BID
2020-10-30 10:42:11,MMM,157.67,3,ASK
2020-10-30 10:42:10,MMM,157.52,5,BID
2020-10-30 10:42:11,MMM,157.67,3,ASK
2020-10-30 10:42:10,MMM,157.52,5,BID
2020-10-30 10:42:11,MMM,157.67,3,ASK
2020-10-30 10:42:10,MMM,157.52,5,BID
2020-10-30 10:42:11,MMM,157.67,3,ASK
2020-10-30 10:42:10,MMM,157.52,5,BID
2020-10-30 10:42:11,MMM,157.67,3,ASK
2020-10-30 10:42:10,MMM,157.52,5,BID
2020-10-30 10:42:11,MMM,157.67,4,ASK
2020-10-30 10:42:33,MMM,157.5,4,BID
2020-10-30 10:42:11,MMM,157.67,4,ASK
2020-10-30 10:42:35,MMM,157.5,4,BID
2020-10-30 10:42:11,MMM,157.67,4,ASK
2020-10-30 10:42:35,MMM,157.43,2,BID
2020-10-30 10:42:35,MMM,157.6,1,ASK
2020-10-30 10:42:37,MMM,157.43,4,BID
2020-10-30 10:42:37,MMM,157.62,1,ASK
2020-10-30 10:42:38,MMM,157.43,4,BID
2020-10-30 10:42:38,MMM,157.61,1,ASK
2020-10-30 10:42:38,MMM,157.43,4,BID
2020-10-30 10:42:38,MMM,157.52,1,ASK
2020-10-30 10:42:38,MMM,157.43,4,BID
2020-10-30 10:42:38,MMM,157.52,1,ASK
2020-10-30 10:42:40,MMM,157.35,1,BID
2020-10-30 10:42:40,MMM,157.46,2,ASK
2020-10-30 10:42:42,MMM,157.35,1,BID
2020-10-30 10:42:42,MMM,157.52,4,ASK
2020-10-30 10:42:42,MMM,157.35,1,BID
2020-10-30 10:42:42,MMM,157.52,4,ASK
2020-10-30 10:42:44,MMM,157.35,1,BID
2020-10-30 10:42:42,MMM,157.52,4,ASK
2020-10-30 10:42:44,MMM,157.35,1,BID
2020-10-30 10:42:42,MMM,157.52,4,ASK
2020-10-30 10:42:46,MMM,157.35,2,BID
2020-10-30 10:42:42,MMM,157.52,4,ASK
2020-10-30 10:42:47,MMM,157.35,2,BID
2020-10-30 10:42:47,MMM,157.51,2,ASK
2020-10-30 10:42:47,MMM,157.35,2,BID
2020-10-30 10:42:47,MMM,157.51,2,ASK
2020-10-30 10:42:51,MMM,157.35,2,BID
2020-10-30 10:42:50,MMM,157.51,4,ASK
2020-10-30 10:42:51,MMM,157.35,2,BID
2020-10-30 10:42:50,MMM,157.51,4,ASK
2020-10-30 10:42:52,MMM,157.35,2,BID
2020-10-30 10:42:52,MMM,157.51,7,ASK
2020-10-30 10:42:53,MMM,157.35,2,BID
2020-10-30 10:42:52,MMM,157.51,7,ASK
2020-10-30 10:42:53,MMM,157.35,2,BID
2020-10-30 10:42:52,MMM,157.51,7,ASK
2020-10-30 10:42:53,MMM,157.35,2,BID
2020-10-30 10:42:52,MMM,157.51,7,ASK
2020-10-30 10:42:53,MMM,157.35,2,BID
2020-10-30 10:42:52,MMM,157.51,7,ASK
2020-10-30 10:42:56,MMM,157.35,2,BID
2020-10-30 10:42:52,MMM,157.51,7,ASK
2020-10-30 10:42:56,MMM,157.35,2,BID
2020-10-30 10:42:52,MMM,157.51,7,ASK
2020-10-30 10:42:56,MMM,157.35,2,BID
2020-10-30 10:42:52,MMM,157.51,7,ASK
2020-10-30 10:42:56,MMM,157.35,2,BID
2020-10-30 10:42:52,MMM,157.51,7,ASK
2020-10-30 10:43:00,MMM,157.35,2,BID
2020-10-30 10:43:00,MMM,157.5,2,ASK
2020-10-30 10:43:00,MMM,157.35,2,BID
2020-10-30 10:43:00,MMM,157.5,2,ASK
2020-10-30 10:43:00,MMM,157.41,1,BID
2020-10-30 10:43:00,MMM,157.52,5,ASK
2020-10-30 10:43:01,MMM,157.43,2,BID
2020-10-30 10:43:01,MMM,157.59,2,ASK
2020-10-30 10:43:01,MMM,157.43,2,BID
2020-10-30 10:43:01,MMM,157.59,2,ASK
2020-10-30 10:43:01,MMM,157.46,1,BID
2020-10-30 10:43:01,MMM,157.59,2,ASK
2020-10-30 10:43:01,MMM,157.46,1,BID
2020-10-30 10:43:01,MMM,157.59,2,ASK
2020-10-30 10:43:01,MMM,157.46,1,BID
2020-10-30 10:43:01,MMM,157.59,2,ASK
2020-10-30 10:43:03,MMM,157.47,1,BID
2020-10-30 10:43:03,MMM,157.65,3,ASK
2020-10-30 10:43:03,MMM,157.47,1,BID
2020-10-30 10:43:03,MMM,157.69,3,ASK
2020-10-30 10:43:03,MMM,157.47,1,BID
2020-10-30 10:43:03,MMM,157.72,8,ASK
2020-10-30 10:43:04,MMM,157.47,1,BID
2020-10-30 10:43:04,MMM,157.72,8,ASK
2020-10-30 10:43:04,MMM,157.47,1,BID
2020-10-30 10:43:04,MMM,157.7,1,ASK
2020-10-30 10:43:04,MMM,157.47,2,BID
2020-10-30 10:43:04,MMM,157.7,2,ASK
2020-10-30 10:43:05,MMM,157.43,3,BID
2020-10-30 10:43:04,MMM,157.7,2,ASK
2020-10-30 10:43:05,MMM,157.43,3,BID
2020-10-30 10:43:05,MMM,157.7,2,ASK
2020-10-30 10:43:06,MMM,157.47,1,BID
2020-10-30 10:43:06,MMM,157.7,2,ASK
2020-10-30 10:43:06,MMM,157.47,1,BID
2020-10-30 10:43:06,MMM,157.7,2,ASK
2020-10-30 10:43:06,MMM,157.47,1,BID
2020-10-30 10:43:06,MMM,157.7,2,ASK
2020-10-30 10:43:08,MMM,157.47,2,BID
2020-10-30 10:43:08,MMM,157.7,2,ASK
2020-10-30 10:43:08,MMM,157.47,2,BID
2020-10-30 10:43:09,MMM,157.7,2,ASK
2020-10-30 10:43:09,MMM,157.47,2,BID
2020-10-30 10:43:09,MMM,157.7,2,ASK
2020-10-30 10:43:09,MMM,157.47,2,BID
2020-10-30 10:43:10,MMM,157.7,2,ASK
2020-10-30 10:43:09,MMM,157.47,2,BID
2020-10-30 10:43:10,MMM,157.7,2,ASK
2020-10-30 10:43:09,MMM,157.47,2,BID
2020-10-30 10:43:10,MMM,157.7,2,ASK
2020-10-30 10:43:09,MMM,157.47,2,BID
2020-10-30 10:43:10,MMM,157.7,2,ASK
2020-10-30 10:43:09,MMM,157.47,2,BID
2020-10-30 10:43:10,MMM,157.7,2,ASK
2020-10-30 10:43:09,MMM,157.47,2,BID
2020-10-30 10:43:14,MMM,157.7,2,ASK
2020-10-30 10:43:09,MMM,157.47,2,BID
2020-10-30 10:43:14,MMM,157.7,2,ASK
2020-10-30 10:43:09,MMM,157.47,2,BID
2020-10-30 10:43:14,MMM,157.7,2,ASK
2020-10-30 10:43:09,MMM,157.47,2,BID
2020-10-30 10:43:16,MMM,157.7,5,ASK
2020-10-30 10:43:09,MMM,157.47,2,BID
2020-10-30 10:43:18,MMM,157.7,4,ASK
2020-10-30 10:43:09,MMM,157.47,2,BID
2020-10-30 10:43:18,MMM,157.7,7,ASK
2020-10-30 10:43:09,MMM,157.47,2,BID
2020-10-30 10:43:18,MMM,157.7,7,ASK
2020-10-30 10:43:09,MMM,157.47,2,BID
2020-10-30 10:43:18,MMM,157.7,8,ASK
2020-10-30 10:43:09,MMM,157.47,2,BID
2020-10-30 10:43:18,MMM,157.7,8,ASK
2020-10-30 10:43:21,MMM,157.41,1,BID
2020-10-30 10:43:21,MMM,157.66,5,ASK
2020-10-30 10:43:21,MMM,157.41,1,BID
2020-10-30 10:43:21,MMM,157.66,5,ASK
2020-10-30 10:43:22,MMM,157.35,3,BID
2020-10-30 10:43:22,MMM,157.66,6,ASK
2020-10-30 10:43:22,MMM,157.35,3,BID
2020-10-30 10:43:22,MMM,157.66,6,ASK
2020-10-30 10:43:22,MMM,157.35,3,BID
2020-10-30 10:43:23,MMM,157.66,6,ASK
2020-10-30 10:43:22,MMM,157.35,3,BID
2020-10-30 10:43:23,MMM,157.66,6,ASK
2020-10-30 10:43:22,MMM,157.35,3,BID
2020-10-30 10:43:23,MMM,157.66,6,ASK
2020-10-30 10:43:22,MMM,157.35,3,BID
2020-10-30 10:43:24,MMM,157.65,7,ASK
2020-10-30 10:43:24,MMM,157.38,1,BID
2020-10-30 10:43:24,MMM,157.65,7,ASK
2020-10-30 10:43:25,MMM,157.38,1,BID
2020-10-30 10:43:25,MMM,157.64,6,ASK
2020-10-30 10:43:26,MMM,157.38,2,BID
2020-10-30 10:43:26,MMM,157.62,5,ASK
2020-10-30 10:43:27,MMM,157.38,5,BID
2020-10-30 10:43:27,MMM,157.6,2,ASK
2020-10-30 10:43:27,MMM,157.38,4,BID
2020-10-30 10:43:28,MMM,157.59,3,ASK
2020-10-30 10:43:27,MMM,157.38,4,BID
2020-10-30 10:43:30,MMM,157.59,4,ASK
2020-10-30 10:43:27,MMM,157.38,4,BID
2020-10-30 10:43:30,MMM,157.59,4,ASK
2020-10-30 10:43:27,MMM,157.38,4,BID
2020-10-30 10:43:30,MMM,157.59,4,ASK
2020-10-30 10:43:27,MMM,157.38,4,BID
2020-10-30 10:43:32,MMM,157.58,2,ASK
2020-10-30 10:43:27,MMM,157.38,4,BID
2020-10-30 10:43:33,MMM,157.57,2,ASK
2020-10-30 10:43:27,MMM,157.38,4,BID
2020-10-30 10:43:34,MMM,157.57,4,ASK
2020-10-30 10:43:27,MMM,157.38,4,BID
2020-10-30 10:43:34,MMM,157.57,4,ASK
2020-10-30 10:43:36,MMM,157.32,3,BID
2020-10-30 10:43:36,MMM,157.48,1,ASK
2020-10-30 10:43:36,MMM,157.32,3,BID
2020-10-30 10:43:36,MMM,157.48,1,ASK
2020-10-30 10:43:39,MMM,157.25,1,BID
2020-10-30 10:43:39,MMM,157.43,1,ASK
2020-10-30 10:43:40,MMM,157.25,2,BID
2020-10-30 10:43:40,MMM,157.35,1,ASK
2020-10-30 10:43:40,MMM,157.23,1,BID
2020-10-30 10:43:40,MMM,157.35,1,ASK
2020-10-30 10:43:41,MMM,157.23,3,BID
2020-10-30 10:43:41,MMM,157.42,1,ASK
2020-10-30 10:43:42,MMM,157.3,1,BID
2020-10-30 10:43:42,MMM,157.42,2,ASK
2020-10-30 10:43:44,MMM,157.3,1,BID
2020-10-30 10:43:44,MMM,157.42,4,ASK
2020-10-30 10:43:45,MMM,157.17,2,BID
2020-10-30 10:43:45,MMM,157.32,1,ASK
2020-10-30 10:43:45,MMM,157.17,2,BID
2020-10-30 10:43:45,MMM,157.32,1,ASK
2020-10-30 10:43:46,MMM,157.16,2,BID
2020-10-30 10:43:46,MMM,157.32,1,ASK
2020-10-30 10:43:47,MMM,157.16,2,BID
2020-10-30 10:43:47,MMM,157.27,2,ASK
2020-10-30 10:43:47,MMM,157.1,3,BID
2020-10-30 10:43:47,MMM,157.24,1,ASK
2020-10-30 10:43:47,MMM,157.1,3,BID
2020-10-30 10:43:47,MMM,157.27,1,ASK
2020-10-30 10:43:48,MMM,157.1,3,BID
2020-10-30 10:43:48,MMM,157.24,1,ASK
2020-10-30 10:43:48,MMM,157.1,3,BID
2020-10-30 10:43:48,MMM,157.24,1,ASK
2020-10-30 10:43:48,MMM,157.1,3,BID
2020-10-30 10:43:48,MMM,157.24,1,ASK
2020-10-30 10:43:48,MMM,157.1,3,BID
2020-10-30 10:43:48,MMM,157.24,1,ASK
2020-10-30 10:43:48,MMM,157.1,3,BID
2020-10-30 10:43:48,MMM,157.24,1,ASK
2020-10-30 10:43:49,MMM,157.1,3,BID
2020-10-30 10:43:49,MMM,157.21,3,ASK
2020-10-30 10:43:49,MMM,157.1,3,BID
2020-10-30 10:43:49,MMM,157.21,3,ASK
2020-10-30 10:43:50,MMM,157.1,3,BID
2020-10-30 10:43:50,MMM,157.15,2,ASK
2020-10-30 10:43:50,MMM,157.0,5,BID
2020-10-30 10:43:50,MMM,157.21,3,ASK
2020-10-30 10:43:51,MMM,157.0,11,BID
2020-10-30 10:43:51,MMM,157.14,1,ASK
2020-10-30 10:43:51,MMM,156.94,1,BID
2020-10-30 10:43:51,MMM,157.11,4,ASK
2020-10-30 10:43:51,MMM,157.0,1,BID
2020-10-30 10:43:51,MMM,157.18,2,ASK
2020-10-30 10:43:52,MMM,157.01,1,BID
2020-10-30 10:43:52,MMM,157.18,1,ASK
2020-10-30 10:43:52,MMM,157.01,6,BID
2020-10-30 10:43:52,MMM,157.18,2,ASK
2020-10-30 10:43:52,MMM,157.01,6,BID
2020-10-30 10:43:52,MMM,157.21,1,ASK
2020-10-30 10:43:52,MMM,157.01,6,BID
2020-10-30 10:43:52,MMM,157.21,1,ASK
2020-10-30 10:43:53,MMM,157.0,4,BID
2020-10-30 10:43:53,MMM,157.19,2,ASK
2020-10-30 10:43:53,MMM,157.0,4,BID
2020-10-30 10:43:53,MMM,157.19,2,ASK
2020-10-30 10:43:53,MMM,157.0,4,BID
2020-10-30 10:43:53,MMM,157.19,2,ASK
2020-10-30 10:43:54,MMM,156.94,3,BID
2020-10-30 10:43:54,MMM,157.19,2,ASK
2020-10-30 10:43:54,MMM,156.94,3,BID
2020-10-30 10:43:54,MMM,157.19,2,ASK
2020-10-30 10:43:55,MMM,156.94,3,BID
2020-10-30 10:43:55,MMM,157.19,2,ASK
2020-10-30 10:43:55,MMM,156.94,3,BID
2020-10-30 10:43:55,MMM,157.19,4,ASK
2020-10-30 10:43:55,MMM,156.94,3,BID
2020-10-30 10:43:55,MMM,157.19,4,ASK
2020-10-30 10:43:56,MMM,156.94,3,BID
2020-10-30 10:43:55,MMM,157.19,4,ASK
2020-10-30 10:43:56,MMM,156.94,3,BID
2020-10-30 10:43:55,MMM,157.19,4,ASK
2020-10-30 10:43:56,MMM,156.94,3,BID
2020-10-30 10:43:55,MMM,157.19,4,ASK
2020-10-30 10:43:57,MMM,156.84,4,BID
2020-10-30 10:43:57,MMM,157.14,2,ASK
2020-10-30 10:43:57,MMM,156.84,6,BID
2020-10-30 10:43:57,MMM,157.14,3,ASK
2020-10-30 10:43:58,MMM,156.91,3,BID
2020-10-30 10:43:58,MMM,157.14,3,ASK
2020-10-30 10:43:58,MMM,156.91,3,BID
2020-10-30 10:43:58,MMM,157.14,4,ASK
2020-10-30 10:43:59,MMM,157.0,2,BID
2020-10-30 10:43:58,MMM,157.14,3,ASK
2020-10-30 10:44:00,MMM,157.0,2,BID
2020-10-30 10:43:58,MMM,157.14,3,ASK
2020-10-30 10:44:00,MMM,157.0,5,BID
2020-10-30 10:43:58,MMM,157.14,3,ASK
2020-10-30 10:44:01,MMM,157.0,5,BID
2020-10-30 10:44:01,MMM,157.09,1,ASK
2020-10-30 10:44:02,MMM,157.0,8,BID
2020-10-30 10:43:55,MMM,157.19,4,ASK
2020-10-30 10:44:02,MMM,157.0,8,BID
2020-10-30 10:43:55,MMM,157.19,4,ASK
2020-10-30 10:44:02,MMM,157.0,8,BID
2020-10-30 10:43:55,MMM,157.19,4,ASK
2020-10-30 10:44:03,MMM,157.0,8,BID
2020-10-30 10:43:55,MMM,157.19,4,ASK
2020-10-30 10:44:03,MMM,157.0,8,BID
2020-10-30 10:43:55,MMM,157.19,4,ASK
2020-10-30 10:44:03,MMM,157.0,8,BID
2020-10-30 10:43:55,MMM,157.19,4,ASK
2020-10-30 10:44:03,MMM,157.0,8,BID
2020-10-30 10:43:55,MMM,157.19,4,ASK
2020-10-30 10:44:03,MMM,157.0,8,BID
2020-10-30 10:43:55,MMM,157.19,4,ASK
2020-10-30 10:44:03,MMM,157.0,8,BID
2020-10-30 10:43:55,MMM,157.19,4,ASK
2020-10-30 10:44:03,MMM,157.0,8,BID
2020-10-30 10:43:55,MMM,157.19,4,ASK
2020-10-30 10:44:03,MMM,157.0,8,BID
2020-10-30 10:43:55,MMM,157.19,4,ASK
2020-10-30 10:44:07,MMM,157.0,8,BID
2020-10-30 10:43:55,MMM,157.19,4,ASK
2020-10-30 10:44:07,MMM,157.0,8,BID
2020-10-30 10:43:55,MMM,157.19,4,ASK
2020-10-30 10:44:07,MMM,157.0,8,BID
2020-10-30 10:43:55,MMM,157.19,4,ASK
2020-10-30 10:44:07,MMM,157.0,8,BID
2020-10-30 10:43:55,MMM,157.19,4,ASK
2020-10-30 10:44:07,MMM,157.0,8,BID
2020-10-30 10:43:55,MMM,157.19,4,ASK
2020-10-30 10:44:07,MMM,157.0,8,BID
2020-10-30 10:43:55,MMM,157.19,4,ASK
2020-10-30 10:44:07,MMM,157.0,8,BID
2020-10-30 10:43:55,MMM,157.19,4,ASK
2020-10-30 10:44:07,MMM,157.0,8,BID
2020-10-30 10:43:55,MMM,157.19,4,ASK
2020-10-30 10:44:07,MMM,157.0,8,BID
2020-10-30 10:43:55,MMM,157.19,4,ASK
2020-10-30 10:44:07,MMM,157.0,8,BID
2020-10-30 10:43:55,MMM,157.19,4,ASK
2020-10-30 10:44:07,MMM,157.0,8,BID
2020-10-30 10:43:55,MMM,157.19,4,ASK
2020-10-30 10:44:07,MMM,157.0,8,BID
2020-10-30 10:43:55,MMM,157.19,4,ASK
2020-10-30 10:44:07,MMM,157.0,8,BID
2020-10-30 10:43:55,MMM,157.19,4,ASK
2020-10-30 10:44:07,MMM,157.0,8,BID
2020-10-30 10:43:55,MMM,157.19,4,ASK
2020-10-30 10:44:07,MMM,157.0,8,BID
2020-10-30 10:43:55,MMM,157.19,4,ASK
2020-10-30 10:44:07,MMM,157.0,8,BID
2020-10-30 10:43:55,MMM,157.19,4,ASK
2020-10-30 10:44:23,MMM,157.0,8,BID
2020-10-30 10:43:55,MMM,157.19,4,ASK
2020-10-30 10:44:23,MMM,157.0,8,BID
2020-10-30 10:43:55,MMM,157.19,4,ASK
2020-10-30 10:44:23,MMM,157.0,8,BID
2020-10-30 10:43:55,MMM,157.19,4,ASK
2020-10-30 10:44:23,MMM,157.0,8,BID
2020-10-30 10:43:55,MMM,157.19,4,ASK
2020-10-30 10:44:27,MMM,157.14,6,BID
2020-10-30 10:44:27,MMM,157.32,1,ASK
2020-10-30 10:44:26,MMM,157.14,7,BID
2020-10-30 10:44:28,MMM,157.3,2,ASK
2020-10-30 10:44:26,MMM,157.14,7,BID
2020-10-30 10:44:30,MMM,157.3,2,ASK
2020-10-30 10:44:26,MMM,157.14,7,BID
2020-10-30 10:44:30,MMM,157.3,2,ASK
2020-10-30 10:44:26,MMM,157.14,7,BID
2020-10-30 10:44:30,MMM,157.3,2,ASK
2020-10-30 10:44:34,MMM,157.18,3,BID
2020-10-30 10:44:34,MMM,157.4,1,ASK
2020-10-30 10:44:35,MMM,157.18,5,BID
2020-10-30 10:44:35,MMM,157.37,1,ASK
2020-10-30 10:44:35,MMM,157.18,5,BID
2020-10-30 10:44:35,MMM,157.37,1,ASK
2020-10-30 10:44:38,MMM,157.15,2,BID
2020-10-30 10:44:38,MMM,157.29,3,ASK
2020-10-30 10:44:39,MMM,157.09,2,BID
2020-10-30 10:44:39,MMM,157.29,3,ASK
2020-10-30 10:44:40,MMM,156.94,1,BID
2020-10-30 10:44:39,MMM,157.25,3,ASK
2020-10-30 10:44:40,MMM,156.98,2,BID
2020-10-30 10:44:40,MMM,157.26,6,ASK
2020-10-30 10:44:40,MMM,156.99,1,BID
2020-10-30 10:44:40,MMM,157.26,6,ASK
2020-10-30 10:44:41,MMM,156.99,1,BID
2020-10-30 10:44:41,MMM,157.26,6,ASK
2020-10-30 10:44:41,MMM,156.99,1,BID
2020-10-30 10:44:41,MMM,157.26,6,ASK
2020-10-30 10:44:42,MMM,157.01,1,BID
2020-10-30 10:44:42,MMM,157.25,5,ASK
2020-10-30 10:44:43,MMM,156.99,1,BID
2020-10-30 10:44:43,MMM,157.25,5,ASK
2020-10-30 10:44:44,MMM,157.01,1,BID
2020-10-30 10:44:44,MMM,157.25,5,ASK
2020-10-30 10:44:44,MMM,157.01,1,BID
2020-10-30 10:44:44,MMM,157.25,5,ASK
2020-10-30 10:44:46,MMM,157.0,1,BID
2020-10-30 10:44:46,MMM,157.25,5,ASK
2020-10-30 10:44:47,MMM,157.0,1,BID
2020-10-30 10:44:47,MMM,157.25,5,ASK
2020-10-30 10:44:48,MMM,157.0,1,BID
2020-10-30 10:44:48,MMM,157.25,5,ASK
2020-10-30 10:44:49,MMM,157.04,1,BID
2020-10-30 10:44:49,MMM,157.26,4,ASK
2020-10-30 10:44:50,MMM,157.04,2,BID
2020-10-30 10:44:50,MMM,157.26,5,ASK
2020-10-30 10:44:50,MMM,157.04,2,BID
2020-10-30 10:44:50,MMM,157.26,5,ASK
2020-10-30 10:44:51,MMM,157.0,1,BID
2020-10-30 10:44:51,MMM,157.26,5,ASK
2020-10-30 10:44:52,MMM,157.0,1,BID
2020-10-30 10:44:52,MMM,157.26,5,ASK
2020-10-30 10:44:52,MMM,157.0,1,BID
2020-10-30 10:44:52,MMM,157.26,5,ASK
2020-10-30 10:44:53,MMM,156.98,2,BID
2020-10-30 10:44:53,MMM,157.26,5,ASK
2020-10-30 10:44:53,MMM,156.98,2,BID
2020-10-30 10:44:53,MMM,157.26,5,ASK
2020-10-30 10:44:53,MMM,156.98,2,BID
2020-10-30 10:44:53,MMM,157.26,5,ASK
2020-10-30 10:44:55,MMM,157.0,1,BID
2020-10-30 10:44:55,MMM,157.26,5,ASK
2020-10-30 10:44:55,MMM,157.0,1,BID
2020-10-30 10:44:55,MMM,157.26,5,ASK
2020-10-30 10:44:55,MMM,157.0,1,BID
2020-10-30 10:44:55,MMM,157.26,5,ASK
2020-10-30 10:44:55,MMM,157.0,1,BID
2020-10-30 10:44:55,MMM,157.26,5,ASK
2020-10-30 10:44:55,MMM,157.0,1,BID
2020-10-30 10:44:55,MMM,157.26,5,ASK
2020-10-30 10:44:55,MMM,157.0,1,BID
2020-10-30 10:44:55,MMM,157.26,5,ASK
2020-10-30 10:44:55,MMM,157.0,1,BID
2020-10-30 10:44:55,MMM,157.26,5,ASK
2020-10-30 10:44:55,MMM,157.0,1,BID
2020-10-30 10:44:55,MMM,157.26,5,ASK
2020-10-30 10:44:55,MMM,156.98,2,BID
2020-10-30 10:44:55,MMM,157.26,5,ASK
2020-10-30 10:44:57,MMM,157.0,1,BID
2020-10-30 10:44:57,MMM,157.26,5,ASK
2020-10-30 10:44:57,MMM,157.0,1,BID
2020-10-30 10:44:57,MMM,157.26,5,ASK
2020-10-30 10:45:00,MMM,157.04,1,BID
2020-10-30 10:45:00,MMM,157.26,6,ASK
2020-10-30 10:45:00,MMM,157.04,1,BID
2020-10-30 10:45:00,MMM,157.26,6,ASK
2020-10-30 10:45:01,MMM,157.04,2,BID
2020-10-30 10:45:01,MMM,157.26,6,ASK
2020-10-30 10:45:01,MMM,157.04,2,BID
2020-10-30 10:45:01,MMM,157.26,6,ASK
2020-10-30 10:45:02,MMM,157.0,1,BID
2020-10-30 10:45:02,MMM,157.26,6,ASK
2020-10-30 10:45:02,MMM,157.0,1,BID
2020-10-30 10:45:02,MMM,157.26,6,ASK
2020-10-30 10:45:02,MMM,157.0,1,BID
2020-10-30 10:45:02,MMM,157.26,6,ASK
2020-10-30 10:45:03,MMM,157.0,1,BID
2020-10-30 10:45:03,MMM,157.26,6,ASK
2020-10-30 10:45:03,MMM,157.0,1,BID
2020-10-30 10:45:03,MMM,157.26,6,ASK
2020-10-30 10:45:03,MMM,156.99,1,BID
2020-10-30 10:45:03,MMM,157.26,6,ASK
2020-10-30 10:45:03,MMM,156.99,1,BID
2020-10-30 10:45:03,MMM,157.26,6,ASK
2020-10-30 10:45:04,MMM,157.04,1,BID
2020-10-30 10:45:03,MMM,157.26,6,ASK
2020-10-30 10:45:04,MMM,157.04,1,BID
2020-10-30 10:45:03,MMM,157.26,6,ASK
2020-10-30 10:45:06,MMM,157.04,1,BID
2020-10-30 10:45:06,MMM,157.26,6,ASK
2020-10-30 10:45:07,MMM,157.04,2,BID
2020-10-30 10:45:06,MMM,157.26,6,ASK
2020-10-30 10:45:07,MMM,157.04,2,BID
2020-10-30 10:45:06,MMM,157.26,6,ASK
2020-10-30 10:45:07,MMM,157.04,2,BID
2020-10-30 10:45:06,MMM,157.26,6,ASK
2020-10-30 10:45:07,MMM,157.04,2,BID
2020-10-30 10:45:06,MMM,157.26,6,ASK
2020-10-30 10:45:11,MMM,157.07,1,BID
2020-10-30 10:45:11,MMM,157.2,1,ASK
2020-10-30 10:45:12,MMM,157.07,1,BID
2020-10-30 10:45:12,MMM,157.26,7,ASK
2020-10-30 10:45:12,MMM,157.07,1,BID
2020-10-30 10:45:12,MMM,157.26,7,ASK
2020-10-30 10:45:14,MMM,157.08,1,BID
2020-10-30 10:45:13,MMM,157.26,7,ASK
2020-10-30 10:45:15,MMM,157.08,1,BID
2020-10-30 10:45:15,MMM,157.26,7,ASK
2020-10-30 10:45:15,MMM,157.08,1,BID
2020-10-30 10:45:15,MMM,157.26,7,ASK
2020-10-30 10:45:15,MMM,157.08,1,BID
2020-10-30 10:45:15,MMM,157.26,7,ASK
2020-10-30 10:45:17,MMM,157.08,1,BID
2020-10-30 10:45:17,MMM,157.26,8,ASK
2020-10-30 10:45:17,MMM,157.08,1,BID
2020-10-30 10:45:17,MMM,157.26,8,ASK
2020-10-30 10:45:19,MMM,157.08,1,BID
2020-10-30 10:45:19,MMM,157.26,8,ASK
2020-10-30 10:45:19,MMM,157.08,1,BID
2020-10-30 10:45:19,MMM,157.26,8,ASK
2020-10-30 10:45:21,MMM,157.02,1,BID
2020-10-30 10:45:21,MMM,157.16,2,ASK
2020-10-30 10:45:21,MMM,157.02,1,BID
2020-10-30 10:45:21,MMM,157.16,2,ASK
2020-10-30 10:45:21,MMM,157.02,1,BID
2020-10-30 10:45:21,MMM,157.16,2,ASK
2020-10-30 10:45:21,MMM,157.02,1,BID
2020-10-30 10:45:21,MMM,157.16,2,ASK
2020-10-30 10:45:21,MMM,157.02,1,BID
2020-10-30 10:45:21,MMM,157.16,2,ASK
2020-10-30 10:45:21,MMM,157.02,1,BID
2020-10-30 10:45:21,MMM,157.16,2,ASK
2020-10-30 10:45:21,MMM,157.02,1,BID
2020-10-30 10:45:21,MMM,157.16,2,ASK
2020-10-30 10:45:21,MMM,157.02,1,BID
2020-10-30 10:45:21,MMM,157.16,2,ASK
2020-10-30 10:45:21,MMM,157.02,1,BID
2020-10-30 10:45:21,MMM,157.16,2,ASK
2020-10-30 10:45:29,MMM,157.02,1,BID
2020-10-30 10:45:29,MMM,157.16,6,ASK
2020-10-30 10:45:30,MMM,157.02,1,BID
2020-10-30 10:45:30,MMM,157.16,6,ASK
2020-10-30 10:45:30,MMM,157.02,1,BID
2020-10-30 10:45:30,MMM,157.16,6,ASK
2020-10-30 10:45:30,MMM,157.02,1,BID
2020-10-30 10:45:30,MMM,157.16,6,ASK
2020-10-30 10:45:30,MMM,157.02,1,BID
2020-10-30 10:45:30,MMM,157.16,6,ASK
2020-10-30 10:45:30,MMM,157.02,1,BID
2020-10-30 10:45:30,MMM,157.16,6,ASK
2020-10-30 10:45:30,MMM,157.02,1,BID
2020-10-30 10:45:30,MMM,157.16,6,ASK
2020-10-30 10:45:30,MMM,157.02,1,BID
2020-10-30 10:45:30,MMM,157.16,6,ASK
2020-10-30 10:45:38,MMM,157.02,2,BID
2020-10-30 10:45:38,MMM,157.16,4,ASK
2020-10-30 10:45:38,MMM,157.02,3,BID
2020-10-30 10:45:38,MMM,157.16,4,ASK
2020-10-30 10:45:38,MMM,157.02,3,BID
2020-10-30 10:45:41,MMM,157.16,4,ASK
2020-10-30 10:45:38,MMM,157.02,3,BID
2020-10-30 10:45:41,MMM,157.16,4,ASK
2020-10-30 10:45:38,MMM,157.02,3,BID
2020-10-30 10:45:41,MMM,157.16,4,ASK
2020-10-30 10:45:38,MMM,157.02,3,BID
2020-10-30 10:45:41,MMM,157.16,4,ASK
2020-10-30 10:45:38,MMM,157.02,3,BID
2020-10-30 10:45:41,MMM,157.16,4,ASK
2020-10-30 10:45:45,MMM,157.03,1,BID
2020-10-30 10:45:45,MMM,157.26,8,ASK
2020-10-30 10:45:46,MMM,157.1,1,BID
2020-10-30 10:45:46,MMM,157.26,8,ASK
2020-10-30 10:45:46,MMM,157.1,2,BID
2020-10-30 10:45:46,MMM,157.26,7,ASK
2020-10-30 10:45:47,MMM,157.1,2,BID
2020-10-30 10:45:46,MMM,157.26,7,ASK
2020-10-30 10:45:47,MMM,157.1,2,BID
2020-10-30 10:45:46,MMM,157.26,7,ASK
2020-10-30 10:45:49,MMM,157.1,2,BID
2020-10-30 10:45:46,MMM,157.26,7,ASK
2020-10-30 10:45:50,MMM,157.1,3,BID
2020-10-30 10:45:46,MMM,157.26,7,ASK
2020-10-30 10:45:53,MMM,157.1,3,BID
2020-10-30 10:45:46,MMM,157.26,8,ASK
2020-10-30 10:45:53,MMM,157.1,3,BID
2020-10-30 10:45:46,MMM,157.26,8,ASK
2020-10-30 10:45:53,MMM,157.1,3,BID
2020-10-30 10:45:46,MMM,157.26,8,ASK
2020-10-30 10:45:53,MMM,157.1,3,BID
2020-10-30 10:45:46,MMM,157.26,8,ASK
2020-10-30 10:45:53,MMM,157.1,3,BID
2020-10-30 10:45:46,MMM,157.26,8,ASK
2020-10-30 10:46:00,MMM,157.1,3,BID
2020-10-30 10:45:46,MMM,157.26,8,ASK
2020-10-30 10:46:00,MMM,157.1,3,BID
2020-10-30 10:45:46,MMM,157.26,8,ASK
2020-10-30 10:46:00,MMM,157.1,3,BID
2020-10-30 10:45:46,MMM,157.26,8,ASK
2020-10-30 10:46:03,MMM,157.1,3,BID
2020-10-30 10:45:46,MMM,157.26,8,ASK
2020-10-30 10:46:04,MMM,157.1,3,BID
2020-10-30 10:45:46,MMM,157.26,8,ASK
2020-10-30 10:46:04,MMM,157.1,3,BID
2020-10-30 10:45:46,MMM,157.26,8,ASK
2020-10-30 10:46:04,MMM,157.1,3,BID
2020-10-30 10:45:46,MMM,157.26,8,ASK
2020-10-30 10:46:04,MMM,157.1,3,BID
2020-10-30 10:45:46,MMM,157.26,8,ASK
2020-10-30 10:46:04,MMM,157.1,3,BID
2020-10-30 10:45:46,MMM,157.26,8,ASK
2020-10-30 10:46:10,MMM,157.1,3,BID
2020-10-30 10:45:46,MMM,157.26,8,ASK
2020-10-30 10:46:10,MMM,157.1,3,BID
2020-10-30 10:45:46,MMM,157.26,8,ASK
2020-10-30 10:46:11,MMM,157.1,3,BID
2020-10-30 10:45:46,MMM,157.26,8,ASK
2020-10-30 10:46:11,MMM,157.1,3,BID
2020-10-30 10:45:46,MMM,157.26,8,ASK
2020-10-30 10:46:13,MMM,157.1,3,BID
2020-10-30 10:45:46,MMM,157.26,8,ASK
2020-10-30 10:45:46,MMM,157.1,4,BID
2020-10-30 10:46:14,MMM,157.26,8,ASK
2020-10-30 10:45:46,MMM,157.1,4,BID
2020-10-30 10:46:14,MMM,157.26,8,ASK
2020-10-30 10:45:46,MMM,157.1,4,BID
2020-10-30 10:46:14,MMM,157.26,8,ASK
2020-10-30 10:45:46,MMM,157.1,4,BID
2020-10-30 10:46:14,MMM,157.26,8,ASK
2020-10-30 10:46:17,MMM,157.11,3,BID
2020-10-30 10:46:17,MMM,157.26,7,ASK
2020-10-30 10:46:18,MMM,157.11,3,BID
2020-10-30 10:46:17,MMM,157.26,8,ASK
2020-10-30 10:46:19,MMM,157.11,2,BID
2020-10-30 10:46:17,MMM,157.26,8,ASK
2020-10-30 10:46:19,MMM,157.09,2,BID
2020-10-30 10:46:19,MMM,157.25,1,ASK
2020-10-30 10:46:19,MMM,156.98,3,BID
2020-10-30 10:46:19,MMM,157.14,1,ASK
2020-10-30 10:46:19,MMM,156.96,1,BID
2020-10-30 10:46:19,MMM,157.14,2,ASK
2020-10-30 10:46:19,MMM,156.96,3,BID
2020-10-30 10:46:19,MMM,157.14,2,ASK
2020-10-30 10:46:19,MMM,156.96,3,BID
2020-10-30 10:46:19,MMM,157.14,2,ASK
2020-10-30 10:46:21,MMM,156.96,3,BID
2020-10-30 10:46:21,MMM,157.14,4,ASK
2020-10-30 10:46:23,MMM,156.97,1,BID
2020-10-30 10:46:23,MMM,157.14,4,ASK
2020-10-30 10:46:24,MMM,156.96,3,BID
2020-10-30 10:46:24,MMM,157.14,3,ASK
2020-10-30 10:46:24,MMM,156.96,3,BID
2020-10-30 10:46:24,MMM,157.14,3,ASK
2020-10-30 10:46:25,MMM,156.96,1,BID
2020-10-30 10:46:25,MMM,157.08,1,ASK
2020-10-30 10:46:25,MMM,156.96,1,BID
2020-10-30 10:46:25,MMM,157.08,1,ASK
2020-10-30 10:46:25,MMM,156.96,1,BID
2020-10-30 10:46:25,MMM,157.08,1,ASK
2020-10-30 10:46:28,MMM,156.96,1,BID
2020-10-30 10:46:28,MMM,157.08,1,ASK
2020-10-30 10:46:29,MMM,156.96,2,BID
2020-10-30 10:46:29,MMM,157.09,1,ASK
2020-10-30 10:46:30,MMM,156.9,2,BID
2020-10-30 10:46:30,MMM,157.09,1,ASK
2020-10-30 10:46:30,MMM,156.9,2,BID
2020-10-30 10:46:30,MMM,157.1,1,ASK
2020-10-30 10:46:32,MMM,156.96,1,BID
2020-10-30 10:46:32,MMM,157.13,1,ASK
2020-10-30 10:46:33,MMM,156.96,1,BID
2020-10-30 10:46:33,MMM,157.13,1,ASK
2020-10-30 10:46:35,MMM,156.96,1,BID
2020-10-30 10:46:35,MMM,157.13,1,ASK
2020-10-30 10:46:36,MMM,156.96,1,BID
2020-10-30 10:46:36,MMM,157.13,1,ASK
2020-10-30 10:46:37,MMM,156.96,1,BID
2020-10-30 10:46:37,MMM,157.17,2,ASK
2020-10-30 10:46:37,MMM,156.96,1,BID
2020-10-30 10:46:37,MMM,157.17,2,ASK
2020-10-30 10:46:37,MMM,156.96,1,BID
2020-10-30 10:46:37,MMM,157.17,2,ASK
2020-10-30 10:46:37,MMM,156.96,1,BID
2020-10-30 10:46:37,MMM,157.17,2,ASK
2020-10-30 10:46:41,MMM,157.0,1,BID
2020-10-30 10:46:41,MMM,157.13,1,ASK
2020-10-30 10:46:41,MMM,157.0,1,BID
2020-10-30 10:46:41,MMM,157.14,1,ASK
2020-10-30 10:46:41,MMM,157.0,1,BID
2020-10-30 10:46:41,MMM,157.14,1,ASK
2020-10-30 10:46:44,MMM,156.97,1,BID
2020-10-30 10:46:44,MMM,157.13,2,ASK
2020-10-30 10:46:45,MMM,156.97,1,BID
2020-10-30 10:46:45,MMM,157.16,1,ASK
2020-10-30 10:46:46,MMM,157.0,1,BID
2020-10-30 10:46:46,MMM,157.14,2,ASK
2020-10-30 10:46:47,MMM,157.0,2,BID
2020-10-30 10:46:47,MMM,157.14,2,ASK
2020-10-30 10:46:47,MMM,157.0,2,BID
2020-10-30 10:46:47,MMM,157.14,2,ASK
2020-10-30 10:46:47,MMM,157.0,2,BID
2020-10-30 10:46:47,MMM,157.14,2,ASK
2020-10-30 10:46:47,MMM,157.0,2,BID
2020-10-30 10:46:47,MMM,157.14,2,ASK
2020-10-30 10:46:47,MMM,157.0,2,BID
2020-10-30 10:46:47,MMM,157.14,2,ASK
2020-10-30 10:46:51,MMM,157.0,2,BID
2020-10-30 10:46:51,MMM,157.14,3,ASK
2020-10-30 10:46:51,MMM,157.0,2,BID
2020-10-30 10:46:51,MMM,157.14,3,ASK
2020-10-30 10:46:51,MMM,157.0,2,BID
2020-10-30 10:46:51,MMM,157.14,3,ASK
2020-10-30 10:46:51,MMM,157.0,2,BID
2020-10-30 10:46:51,MMM,157.14,3,ASK
2020-10-30 10:46:51,MMM,157.0,2,BID
2020-10-30 10:46:51,MMM,157.14,3,ASK
2020-10-30 10:46:51,MMM,157.0,2,BID
2020-10-30 10:46:51,MMM,157.14,3,ASK
2020-10-30 10:46:51,MMM,157.0,2,BID
2020-10-30 10:46:51,MMM,157.14,3,ASK
2020-10-30 10:46:51,MMM,157.0,2,BID
2020-10-30 10:46:51,MMM,157.14,3,ASK
2020-10-30 10:46:51,MMM,157.0,2,BID
2020-10-30 10:46:51,MMM,157.14,3,ASK
2020-10-30 10:46:51,MMM,157.0,2,BID
2020-10-30 10:46:51,MMM,157.14,3,ASK
2020-10-30 10:46:51,MMM,157.0,2,BID
2020-10-30 10:46:51,MMM,157.14,3,ASK
2020-10-30 10:46:51,MMM,157.0,2,BID
2020-10-30 10:46:51,MMM,157.14,3,ASK
2020-10-30 10:46:51,MMM,157.0,2,BID
2020-10-30 10:46:51,MMM,157.14,3,ASK
2020-10-30 10:46:51,MMM,157.0,2,BID
2020-10-30 10:46:51,MMM,157.14,3,ASK
2020-10-30 10:46:51,MMM,157.0,2,BID
2020-10-30 10:46:51,MMM,157.14,3,ASK
2020-10-30 10:46:51,MMM,157.0,2,BID
2020-10-30 10:46:51,MMM,157.14,3,ASK
2020-10-30 10:46:51,MMM,157.0,2,BID
2020-10-30 10:46:51,MMM,157.14,3,ASK
2020-10-30 10:46:51,MMM,157.0,2,BID
2020-10-30 10:46:51,MMM,157.14,3,ASK
2020-10-30 10:46:46,MMM,157.0,2,BID
2020-10-30 10:46:47,MMM,157.14,3,ASK
2020-10-30 10:46:46,MMM,157.0,2,BID
2020-10-30 10:46:47,MMM,157.14,3,ASK
2020-10-30 10:46:46,MMM,157.0,2,BID
2020-10-30 10:46:47,MMM,157.14,3,ASK
2020-10-30 10:46:46,MMM,157.0,2,BID
2020-10-30 10:46:47,MMM,157.14,3,ASK
2020-10-30 10:46:46,MMM,157.0,2,BID
2020-10-30 10:46:47,MMM,157.14,3,ASK
2020-10-30 10:46:46,MMM,157.0,2,BID
2020-10-30 10:46:47,MMM,157.14,3,ASK
2020-10-30 10:46:46,MMM,157.0,2,BID
2020-10-30 10:46:47,MMM,157.14,3,ASK
2020-10-30 10:46:46,MMM,157.0,2,BID
2020-10-30 10:46:47,MMM,157.14,3,ASK
2020-10-30 10:46:58,MMM,157.01,2,BID
2020-10-30 10:46:58,MMM,157.13,4,ASK
2020-10-30 10:47:00,MMM,157.08,1,BID
2020-10-30 10:47:00,MMM,157.21,1,ASK
2020-10-30 10:47:01,MMM,157.08,1,BID
2020-10-30 10:47:01,MMM,157.21,1,ASK
2020-10-30 10:47:02,MMM,157.08,1,BID
2020-10-30 10:47:02,MMM,157.21,1,ASK
2020-10-30 10:47:02,MMM,157.08,1,BID
2020-10-30 10:47:02,MMM,157.21,1,ASK
2020-10-30 10:47:02,MMM,157.08,1,BID
2020-10-30 10:47:02,MMM,157.21,1,ASK
2020-10-30 10:47:02,MMM,157.08,3,BID
2020-10-30 10:47:02,MMM,157.21,1,ASK
2020-10-30 10:47:02,MMM,157.08,3,BID
2020-10-30 10:47:02,MMM,157.21,1,ASK
2020-10-30 10:47:02,MMM,157.08,3,BID
2020-10-30 10:47:02,MMM,157.21,1,ASK
2020-10-30 10:47:02,MMM,157.08,3,BID
2020-10-30 10:47:02,MMM,157.21,1,ASK
2020-10-30 10:47:02,MMM,157.08,3,BID
2020-10-30 10:47:02,MMM,157.21,1,ASK
2020-10-30 10:47:07,MMM,157.1,1,BID
2020-10-30 10:47:07,MMM,157.21,1,ASK
2020-10-30 10:47:07,MMM,157.1,1,BID
2020-10-30 10:47:07,MMM,157.21,1,ASK
2020-10-30 10:47:07,MMM,157.1,1,BID
2020-10-30 10:47:07,MMM,157.21,1,ASK
2020-10-30 10:47:07,MMM,157.1,1,BID
2020-10-30 10:47:07,MMM,157.21,1,ASK
2020-10-30 10:47:07,MMM,157.1,1,BID
2020-10-30 10:47:07,MMM,157.21,1,ASK
2020-10-30 10:47:07,MMM,157.1,1,BID
2020-10-30 10:47:07,MMM,157.21,1,ASK
2020-10-30 10:47:07,MMM,157.1,1,BID
2020-10-30 10:47:07,MMM,157.21,1,ASK
2020-10-30 10:47:07,MMM,157.1,1,BID
2020-10-30 10:47:07,MMM,157.21,1,ASK
2020-10-30 10:47:07,MMM,157.1,1,BID
2020-10-30 10:47:07,MMM,157.21,1,ASK
2020-10-30 10:47:07,MMM,157.1,1,BID
2020-10-30 10:47:07,MMM,157.21,1,ASK
2020-10-30 10:47:07,MMM,157.1,1,BID
2020-10-30 10:47:07,MMM,157.21,1,ASK
2020-10-30 10:47:07,MMM,157.1,1,BID
2020-10-30 10:47:07,MMM,157.21,1,ASK
2020-10-30 10:47:07,MMM,157.1,1,BID
2020-10-30 10:47:07,MMM,157.21,1,ASK
2020-10-30 10:47:11,MMM,157.1,1,BID
2020-10-30 10:47:11,MMM,157.21,3,ASK
2020-10-30 10:47:11,MMM,157.1,1,BID
2020-10-30 10:47:11,MMM,157.21,3,ASK
2020-10-30 10:47:11,MMM,157.1,1,BID
2020-10-30 10:47:11,MMM,157.21,3,ASK
2020-10-30 10:47:13,MMM,157.1,2,BID
2020-10-30 10:47:13,MMM,157.25,3,ASK
2020-10-30 10:47:13,MMM,157.1,2,BID
2020-10-30 10:47:13,MMM,157.25,3,ASK
2020-10-30 10:47:16,MMM,157.1,2,BID
2020-10-30 10:47:16,MMM,157.24,1,ASK
2020-10-30 10:47:16,MMM,157.1,2,BID
2020-10-30 10:47:16,MMM,157.24,1,ASK
2020-10-30 10:47:20,MMM,157.1,4,BID
2020-10-30 10:47:20,MMM,157.24,1,ASK
2020-10-30 10:47:21,MMM,157.1,7,BID
2020-10-30 10:47:21,MMM,157.24,2,ASK
2020-10-30 10:47:21,MMM,157.1,7,BID
2020-10-30 10:47:21,MMM,157.24,2,ASK
2020-10-30 10:47:21,MMM,157.1,7,BID
2020-10-30 10:47:21,MMM,157.24,2,ASK
2020-10-30 10:47:21,MMM,157.1,7,BID
2020-10-30 10:47:21,MMM,157.24,2,ASK
2020-10-30 10:47:21,MMM,157.1,7,BID
2020-10-30 10:47:21,MMM,157.24,2,ASK
2020-10-30 10:47:24,MMM,157.18,3,BID
2020-10-30 10:47:24,MMM,157.33,2,ASK
2020-10-30 10:47:24,MMM,157.18,3,BID
2020-10-30 10:47:24,MMM,157.33,2,ASK
2020-10-30 10:47:24,MMM,157.18,3,BID
2020-10-30 10:47:24,MMM,157.33,2,ASK
2020-10-30 10:47:24,MMM,157.18,3,BID
2020-10-30 10:47:24,MMM,157.33,2,ASK
2020-10-30 10:47:30,MMM,157.18,3,BID
2020-10-30 10:47:30,MMM,157.33,2,ASK
2020-10-30 10:47:30,MMM,157.18,3,BID
2020-10-30 10:47:30,MMM,157.33,2,ASK
2020-10-30 10:47:30,MMM,157.18,3,BID
2020-10-30 10:47:30,MMM,157.33,2,ASK
2020-10-30 10:47:30,MMM,157.18,3,BID
2020-10-30 10:47:30,MMM,157.33,2,ASK
2020-10-30 10:47:30,MMM,157.18,3,BID
2020-10-30 10:47:30,MMM,157.33,2,ASK
2020-10-30 10:47:30,MMM,157.18,3,BID
2020-10-30 10:47:30,MMM,157.33,2,ASK
2020-10-30 10:47:30,MMM,157.18,3,BID
2020-10-30 10:47:30,MMM,157.33,2,ASK
2020-10-30 10:47:37,MMM,157.18,5,BID
2020-10-30 10:47:37,MMM,157.32,1,ASK
2020-10-30 10:47:38,MMM,157.18,5,BID
2020-10-30 10:47:38,MMM,157.33,2,ASK
2020-10-30 10:47:39,MMM,157.18,5,BID
2020-10-30 10:47:39,MMM,157.33,2,ASK
2020-10-30 10:47:40,MMM,157.18,5,BID
2020-10-30 10:47:40,MMM,157.33,2,ASK
2020-10-30 10:47:40,MMM,157.18,5,BID
2020-10-30 10:47:40,MMM,157.33,2,ASK
2020-10-30 10:47:40,MMM,157.18,5,BID
2020-10-30 10:47:40,MMM,157.33,2,ASK
2020-10-30 10:47:40,MMM,157.18,5,BID
2020-10-30 10:47:40,MMM,157.33,2,ASK
2020-10-30 10:47:40,MMM,157.18,5,BID
2020-10-30 10:47:40,MMM,157.33,2,ASK
2020-10-30 10:47:40,MMM,157.18,5,BID
2020-10-30 10:47:40,MMM,157.33,2,ASK
2020-10-30 10:47:40,MMM,157.18,5,BID
2020-10-30 10:47:40,MMM,157.33,2,ASK
2020-10-30 10:47:40,MMM,157.18,5,BID
2020-10-30 10:47:40,MMM,157.33,2,ASK
2020-10-30 10:47:40,MMM,157.18,5,BID
2020-10-30 10:47:47,MMM,157.33,2,ASK
2020-10-30 10:47:40,MMM,157.18,5,BID
2020-10-30 10:47:47,MMM,157.33,2,ASK
2020-10-30 10:47:40,MMM,157.18,5,BID
2020-10-30 10:47:47,MMM,157.33,2,ASK
2020-10-30 10:47:40,MMM,157.18,5,BID
2020-10-30 10:47:47,MMM,157.33,2,ASK
2020-10-30 10:47:51,MMM,157.18,5,BID
2020-10-30 10:47:51,MMM,157.32,2,ASK
2020-10-30 10:47:52,MMM,157.04,2,BID
2020-10-30 10:47:52,MMM,157.24,3,ASK
2020-10-30 10:47:52,MMM,156.97,4,BID
2020-10-30 10:47:52,MMM,157.14,1,ASK
2020-10-30 10:47:52,MMM,156.97,6,BID
2020-10-30 10:47:52,MMM,157.14,1,ASK
2020-10-30 10:47:52,MMM,156.97,6,BID
2020-10-30 10:47:52,MMM,157.14,1,ASK
2020-10-30 10:47:55,MMM,156.97,6,BID
2020-10-30 10:47:55,MMM,157.14,2,ASK
2020-10-30 10:47:55,MMM,156.97,6,BID
2020-10-30 10:47:55,MMM,157.14,2,ASK
2020-10-30 10:47:57,MMM,156.97,7,BID
2020-10-30 10:47:57,MMM,157.14,2,ASK
2020-10-30 10:47:57,MMM,156.97,7,BID
2020-10-30 10:47:57,MMM,157.14,2,ASK
2020-10-30 10:47:57,MMM,156.97,7,BID
2020-10-30 10:47:57,MMM,157.14,2,ASK
2020-10-30 10:47:57,MMM,156.97,7,BID
2020-10-30 10:47:57,MMM,157.14,2,ASK
2020-10-30 10:48:00,MMM,156.92,2,BID
2020-10-30 10:48:00,MMM,157.07,1,ASK
2020-10-30 10:48:00,MMM,156.92,2,BID
2020-10-30 10:48:00,MMM,157.07,1,ASK
2020-10-30 10:48:00,MMM,156.92,2,BID
2020-10-30 10:48:00,MMM,157.07,1,ASK
2020-10-30 10:48:00,MMM,156.92,2,BID
2020-10-30 10:48:00,MMM,157.07,1,ASK
2020-10-30 10:48:04,MMM,156.92,2,BID
2020-10-30 10:48:04,MMM,157.07,2,ASK
2020-10-30 10:48:05,MMM,156.96,1,BID
2020-10-30 10:48:05,MMM,157.07,2,ASK
2020-10-30 10:48:05,MMM,156.96,1,BID
2020-10-30 10:48:05,MMM,157.07,2,ASK
2020-10-30 10:48:08,MMM,156.98,1,BID
2020-10-30 10:48:08,MMM,157.14,4,ASK
2020-10-30 10:48:08,MMM,156.99,2,BID
2020-10-30 10:48:08,MMM,157.14,4,ASK
2020-10-30 10:48:10,MMM,157.04,1,BID
2020-10-30 10:48:10,MMM,157.17,1,ASK
2020-10-30 10:48:10,MMM,156.98,4,BID
2020-10-30 10:48:10,MMM,157.17,2,ASK
2020-10-30 10:48:12,MMM,157.01,2,BID
2020-10-30 10:48:12,MMM,157.18,1,ASK
2020-10-30 10:48:13,MMM,157.01,4,BID
2020-10-30 10:48:13,MMM,157.18,2,ASK
2020-10-30 10:48:15,MMM,157.01,4,BID
2020-10-30 10:48:13,MMM,157.18,2,ASK
2020-10-30 10:48:15,MMM,157.01,4,BID
2020-10-30 10:48:13,MMM,157.18,2,ASK
2020-10-30 10:48:15,MMM,157.01,4,BID
2020-10-30 10:48:13,MMM,157.18,2,ASK
2020-10-30 10:48:15,MMM,157.01,4,BID
2020-10-30 10:48:13,MMM,157.18,2,ASK
2020-10-30 10:48:15,MMM,157.01,4,BID
2020-10-30 10:48:13,MMM,157.18,2,ASK
2020-10-30 10:48:15,MMM,157.01,4,BID
2020-10-30 10:48:13,MMM,157.18,2,ASK
2020-10-30 10:48:21,MMM,157.02,1,BID
2020-10-30 10:48:13,MMM,157.18,2,ASK
2020-10-30 10:48:22,MMM,157.11,1,BID
2020-10-30 10:48:22,MMM,157.29,4,ASK
2020-10-30 10:48:22,MMM,157.11,1,BID
2020-10-30 10:48:22,MMM,157.29,4,ASK
2020-10-30 10:48:25,MMM,157.11,1,BID
2020-10-30 10:48:24,MMM,157.29,6,ASK
2020-10-30 10:48:25,MMM,157.11,1,BID
2020-10-30 10:48:24,MMM,157.29,6,ASK
2020-10-30 10:48:26,MMM,157.12,2,BID
2020-10-30 10:48:26,MMM,157.29,7,ASK
2020-10-30 10:48:26,MMM,157.12,2,BID
2020-10-30 10:48:26,MMM,157.29,7,ASK
2020-10-30 10:48:30,MMM,157.13,2,BID
2020-10-30 10:48:26,MMM,157.29,6,ASK
2020-10-30 10:48:31,MMM,157.13,2,BID
2020-10-30 10:48:31,MMM,157.29,6,ASK
2020-10-30 10:48:31,MMM,157.13,2,BID
2020-10-30 10:48:31,MMM,157.29,6,ASK
2020-10-30 10:48:31,MMM,157.13,2,BID
2020-10-30 10:48:31,MMM,157.29,6,ASK
2020-10-30 10:48:31,MMM,157.13,2,BID
2020-10-30 10:48:31,MMM,157.29,6,ASK
2020-10-30 10:48:31,MMM,157.13,2,BID
2020-10-30 10:48:31,MMM,157.29,6,ASK
2020-10-30 10:48:40,MMM,157.13,2,BID
2020-10-30 10:48:40,MMM,157.29,6,ASK
2020-10-30 10:48:40,MMM,157.13,2,BID
2020-10-30 10:48:40,MMM,157.29,6,ASK
2020-10-30 10:48:43,MMM,157.13,3,BID
2020-10-30 10:48:43,MMM,157.29,6,ASK
2020-10-30 10:48:43,MMM,157.13,3,BID
2020-10-30 10:48:43,MMM,157.29,6,ASK
2020-10-30 10:48:43,MMM,157.13,3,BID
2020-10-30 10:48:43,MMM,157.29,6,ASK
2020-10-30 10:48:40,MMM,157.13,3,BID
2020-10-30 10:48:31,MMM,157.29,6,ASK
2020-10-30 10:48:40,MMM,157.13,3,BID
2020-10-30 10:48:31,MMM,157.29,6,ASK
2020-10-30 10:48:40,MMM,157.13,3,BID
2020-10-30 10:48:31,MMM,157.29,7,ASK
2020-10-30 10:48:51,MMM,157.14,3,BID
2020-10-30 10:48:50,MMM,157.28,2,ASK
2020-10-30 10:48:51,MMM,157.14,3,BID
2020-10-30 10:48:50,MMM,157.28,2,ASK
2020-10-30 10:48:51,MMM,157.14,3,BID
2020-10-30 10:48:50,MMM,157.28,2,ASK
2020-10-30 10:48:51,MMM,157.14,3,BID
2020-10-30 10:48:50,MMM,157.28,2,ASK
2020-10-30 10:48:51,MMM,157.14,3,BID
2020-10-30 10:48:50,MMM,157.28,2,ASK
2020-10-30 10:48:25,MMM,157.11,2,BID
2020-10-30 10:48:58,MMM,157.19,2,ASK
2020-10-30 10:48:59,MMM,157.03,1,BID
2020-10-30 10:48:59,MMM,157.24,2,ASK
2020-10-30 10:49:00,MMM,157.03,1,BID
2020-10-30 10:49:00,MMM,157.21,1,ASK
2020-10-30 10:49:00,MMM,157.03,1,BID
2020-10-30 10:49:00,MMM,157.21,1,ASK
2020-10-30 10:49:00,MMM,157.03,1,BID
2020-10-30 10:49:00,MMM,157.21,1,ASK
2020-10-30 10:49:00,MMM,157.03,1,BID
2020-10-30 10:49:00,MMM,157.21,1,ASK
2020-10-30 10:49:00,MMM,157.03,1,BID
2020-10-30 10:49:00,MMM,157.21,1,ASK
2020-10-30 10:49:00,MMM,157.03,1,BID
2020-10-30 10:49:00,MMM,157.21,1,ASK
2020-10-30 10:49:00,MMM,157.03,1,BID
2020-10-30 10:49:00,MMM,157.21,1,ASK
2020-10-30 10:49:00,MMM,157.03,1,BID
2020-10-30 10:49:00,MMM,157.21,1,ASK
2020-10-30 10:49:00,MMM,157.03,1,BID
2020-10-30 10:49:00,MMM,157.21,1,ASK
2020-10-30 10:49:00,MMM,157.03,1,BID
2020-10-30 10:49:00,MMM,157.21,1,ASK
2020-10-30 10:49:00,MMM,157.03,1,BID
2020-10-30 10:49:00,MMM,157.21,1,ASK
2020-10-30 10:49:00,MMM,157.03,1,BID
2020-10-30 10:49:00,MMM,157.21,1,ASK
2020-10-30 10:49:00,MMM,157.03,1,BID
2020-10-30 10:49:00,MMM,157.21,1,ASK
2020-10-30 10:49:00,MMM,157.03,1,BID
2020-10-30 10:49:00,MMM,157.21,1,ASK
2020-10-30 10:49:00,MMM,157.03,1,BID
2020-10-30 10:49:00,MMM,157.21,1,ASK
2020-10-30 10:49:00,MMM,157.03,1,BID
2020-10-30 10:49:00,MMM,157.21,1,ASK
2020-10-30 10:49:00,MMM,157.03,1,BID
2020-10-30 10:49:00,MMM,157.21,1,ASK
2020-10-30 10:49:00,MMM,157.03,1,BID
2020-10-30 10:49:00,MMM,157.21,1,ASK
2020-10-30 10:49:00,MMM,157.03,1,BID
2020-10-30 10:49:00,MMM,157.21,1,ASK
2020-10-30 10:49:00,MMM,157.03,1,BID
2020-10-30 10:49:00,MMM,157.21,1,ASK
2020-10-30 10:49:00,MMM,157.03,1,BID
2020-10-30 10:49:00,MMM,157.21,1,ASK
2020-10-30 10:49:00,MMM,157.03,1,BID
2020-10-30 10:49:00,MMM,157.21,1,ASK
2020-10-30 10:49:00,MMM,157.03,1,BID
2020-10-30 10:49:00,MMM,157.21,1,ASK
2020-10-30 10:49:00,MMM,157.03,1,BID
2020-10-30 10:49:00,MMM,157.21,1,ASK
2020-10-30 10:49:00,MMM,157.03,1,BID
2020-10-30 10:49:00,MMM,157.21,1,ASK
2020-10-30 10:49:00,MMM,157.03,1,BID
2020-10-30 10:49:00,MMM,157.21,1,ASK
2020-10-30 10:49:00,MMM,157.03,1,BID
2020-10-30 10:49:00,MMM,157.21,1,ASK
2020-10-30 10:49:00,MMM,157.03,1,BID
2020-10-30 10:49:00,MMM,157.21,1,ASK
2020-10-30 10:49:08,MMM,157.08,1,BID
2020-10-30 10:49:08,MMM,157.26,2,ASK
2020-10-30 10:49:08,MMM,157.08,1,BID
2020-10-30 10:49:08,MMM,157.26,2,ASK
2020-10-30 10:49:08,MMM,157.08,1,BID
2020-10-30 10:49:08,MMM,157.26,2,ASK
2020-10-30 10:49:13,MMM,157.08,3,BID
2020-10-30 10:49:13,MMM,157.26,2,ASK
2020-10-30 10:49:13,MMM,157.08,4,BID
2020-10-30 10:49:13,MMM,157.26,2,ASK
2020-10-30 10:49:13,MMM,157.08,4,BID
2020-10-30 10:49:13,MMM,157.26,2,ASK
2020-10-30 10:49:13,MMM,157.08,4,BID
2020-10-30 10:49:13,MMM,157.26,2,ASK
2020-10-30 10:49:13,MMM,157.08,3,BID
2020-10-30 10:49:16,MMM,157.26,2,ASK
2020-10-30 10:49:13,MMM,157.08,3,BID
2020-10-30 10:49:16,MMM,157.26,3,ASK
2020-10-30 10:49:13,MMM,157.08,3,BID
2020-10-30 10:49:16,MMM,157.26,3,ASK
2020-10-30 10:49:13,MMM,157.08,3,BID
2020-10-30 10:49:16,MMM,157.26,3,ASK
2020-10-30 10:49:13,MMM,157.08,3,BID
2020-10-30 10:49:16,MMM,157.26,3,ASK
2020-10-30 10:49:22,MMM,157.08,4,BID
2020-10-30 10:49:16,MMM,157.26,3,ASK
2020-10-30 10:49:22,MMM,157.08,4,BID
2020-10-30 10:49:16,MMM,157.26,3,ASK
2020-10-30 10:49:22,MMM,157.08,4,BID
2020-10-30 10:49:16,MMM,157.26,3,ASK
2020-10-30 10:49:22,MMM,157.08,4,BID
2020-10-30 10:49:16,MMM,157.26,3,ASK
2020-10-30 10:49:28,MMM,157.08,4,BID
2020-10-30 10:49:28,MMM,157.26,4,ASK
2020-10-30 10:49:30,MMM,157.19,1,BID
2020-10-30 10:49:30,MMM,157.33,2,ASK
2020-10-30 10:49:31,MMM,157.19,2,BID
2020-10-30 10:49:31,MMM,157.33,3,ASK
2020-10-30 10:49:32,MMM,157.19,2,BID
2020-10-30 10:49:32,MMM,157.32,1,ASK
2020-10-30 10:49:32,MMM,157.19,2,BID
2020-10-30 10:49:32,MMM,157.32,1,ASK
2020-10-30 10:49:32,MMM,157.19,2,BID
2020-10-30 10:49:32,MMM,157.32,1,ASK
2020-10-30 10:49:32,MMM,157.19,2,BID
2020-10-30 10:49:32,MMM,157.32,1,ASK
2020-10-30 10:49:32,MMM,157.19,2,BID
2020-10-30 10:49:32,MMM,157.32,1,ASK
2020-10-30 10:49:32,MMM,157.19,2,BID
2020-10-30 10:49:32,MMM,157.32,1,ASK
2020-10-30 10:49:32,MMM,157.19,2,BID
2020-10-30 10:49:32,MMM,157.32,1,ASK
2020-10-30 10:49:37,MMM,157.13,1,BID
2020-10-30 10:49:37,MMM,157.3,2,ASK
2020-10-30 10:49:37,MMM,157.13,1,BID
2020-10-30 10:49:37,MMM,157.3,2,ASK
2020-10-30 10:49:37,MMM,157.13,1,BID
2020-10-30 10:49:37,MMM,157.3,2,ASK
2020-10-30 10:49:38,MMM,157.17,1,BID
2020-10-30 10:49:38,MMM,157.3,2,ASK
2020-10-30 10:49:38,MMM,157.17,1,BID
2020-10-30 10:49:38,MMM,157.3,2,ASK
2020-10-30 10:49:38,MMM,157.17,1,BID
2020-10-30 10:49:38,MMM,157.3,2,ASK
2020-10-30 10:49:42,MMM,157.17,3,BID
2020-10-30 10:49:38,MMM,157.3,2,ASK
2020-10-30 10:49:42,MMM,157.17,3,BID
2020-10-30 10:49:38,MMM,157.3,2,ASK
2020-10-30 10:49:42,MMM,157.17,3,BID
2020-10-30 10:49:38,MMM,157.3,2,ASK
2020-10-30 10:49:47,MMM,157.17,5,BID
2020-10-30 10:49:48,MMM,157.32,1,ASK
2020-10-30 10:49:49,MMM,157.24,3,BID
2020-10-30 10:49:49,MMM,157.33,2,ASK
2020-10-30 10:49:49,MMM,157.24,3,BID
2020-10-30 10:49:49,MMM,157.33,2,ASK
2020-10-30 10:49:51,MMM,157.24,2,BID
2020-10-30 10:49:51,MMM,157.3,4,ASK
2020-10-30 10:49:51,MMM,157.24,2,BID
2020-10-30 10:49:51,MMM,157.3,4,ASK
2020-10-30 10:49:47,MMM,157.17,5,BID
2020-10-30 10:49:53,MMM,157.3,4,ASK
2020-10-30 10:49:47,MMM,157.17,5,BID
2020-10-30 10:49:53,MMM,157.3,4,ASK
2020-10-30 10:49:47,MMM,157.17,5,BID
2020-10-30 10:49:53,MMM,157.3,4,ASK
2020-10-30 10:49:47,MMM,157.17,5,BID
2020-10-30 10:49:53,MMM,157.3,4,ASK
2020-10-30 10:49:47,MMM,157.17,5,BID
2020-10-30 10:50:00,MMM,157.3,4,ASK
2020-10-30 10:49:47,MMM,157.17,5,BID
2020-10-30 10:50:00,MMM,157.3,4,ASK
2020-10-30 10:49:47,MMM,157.17,5,BID
2020-10-30 10:50:00,MMM,157.3,4,ASK
2020-10-30 10:49:47,MMM,157.17,5,BID
2020-10-30 10:50:00,MMM,157.3,4,ASK
2020-10-30 10:49:47,MMM,157.17,5,BID
2020-10-30 10:50:00,MMM,157.3,4,ASK
2020-10-30 10:50:04,MMM,157.1,2,BID
2020-10-30 10:50:04,MMM,157.29,2,ASK
2020-10-30 10:50:04,MMM,157.09,3,BID
2020-10-30 10:50:04,MMM,157.24,4,ASK
2020-10-30 10:50:04,MMM,157.09,3,BID
2020-10-30 10:50:04,MMM,157.24,4,ASK
2020-10-30 10:50:04,MMM,157.09,3,BID
2020-10-30 10:50:04,MMM,157.24,4,ASK
2020-10-30 10:50:07,MMM,157.09,4,BID
2020-10-30 10:50:07,MMM,157.24,3,ASK
2020-10-30 10:50:07,MMM,157.09,4,BID
2020-10-30 10:50:07,MMM,157.24,3,ASK
2020-10-30 10:50:07,MMM,157.09,4,BID
2020-10-30 10:50:07,MMM,157.24,3,ASK
2020-10-30 10:50:07,MMM,157.09,4,BID
2020-10-30 10:50:09,MMM,157.24,4,ASK
2020-10-30 10:50:07,MMM,157.09,4,BID
2020-10-30 10:50:09,MMM,157.24,3,ASK
2020-10-30 10:50:07,MMM,157.09,4,BID
2020-10-30 10:50:09,MMM,157.24,3,ASK
2020-10-30 10:50:07,MMM,157.09,4,BID
2020-10-30 10:50:09,MMM,157.24,3,ASK
2020-10-30 10:50:07,MMM,157.09,4,BID
2020-10-30 10:50:09,MMM,157.24,3,ASK
2020-10-30 10:50:07,MMM,157.09,4,BID
2020-10-30 10:50:09,MMM,157.24,3,ASK
2020-10-30 10:50:07,MMM,157.09,4,BID
2020-10-30 10:50:09,MMM,157.24,3,ASK
2020-10-30 10:50:16,MMM,157.09,6,BID
2020-10-30 10:50:09,MMM,157.24,3,ASK
2020-10-30 10:50:16,MMM,157.09,6,BID
2020-10-30 10:50:09,MMM,157.24,3,ASK
2020-10-30 10:50:16,MMM,157.09,6,BID
2020-10-30 10:50:09,MMM,157.24,3,ASK
2020-10-30 10:50:16,MMM,157.09,6,BID
2020-10-30 10:50:09,MMM,157.24,3,ASK
2020-10-30 10:50:16,MMM,157.09,6,BID
2020-10-30 10:50:09,MMM,157.24,3,ASK
2020-10-30 10:50:16,MMM,157.09,6,BID
2020-10-30 10:50:09,MMM,157.24,3,ASK
2020-10-30 10:50:16,MMM,157.09,6,BID
2020-10-30 10:50:09,MMM,157.24,3,ASK
2020-10-30 10:50:16,MMM,157.09,6,BID
2020-10-30 10:50:26,MMM,157.24,4,ASK
2020-10-30 10:50:16,MMM,157.09,6,BID
2020-10-30 10:50:26,MMM,157.24,4,ASK
2020-10-30 10:50:16,MMM,157.09,6,BID
2020-10-30 10:50:26,MMM,157.24,4,ASK
2020-10-30 10:50:16,MMM,157.09,6,BID
2020-10-30 10:50:26,MMM,157.24,4,ASK
2020-10-30 10:50:16,MMM,157.09,6,BID
2020-10-30 10:50:30,MMM,157.24,8,ASK
2020-10-30 10:50:16,MMM,157.09,6,BID
2020-10-30 10:50:30,MMM,157.24,7,ASK
2020-10-30 10:50:16,MMM,157.09,6,BID
2020-10-30 10:50:32,MMM,157.24,8,ASK
2020-10-30 10:50:33,MMM,157.09,7,BID
2020-10-30 10:50:32,MMM,157.24,7,ASK
2020-10-30 10:50:33,MMM,157.09,7,BID
2020-10-30 10:50:32,MMM,157.24,7,ASK
2020-10-30 10:50:33,MMM,157.09,7,BID
2020-10-30 10:50:32,MMM,157.24,7,ASK
2020-10-30 10:50:36,MMM,157.09,7,BID
2020-10-30 10:50:32,MMM,157.24,7,ASK
2020-10-30 10:50:36,MMM,157.09,7,BID
2020-10-30 10:50:32,MMM,157.24,7,ASK
2020-10-30 10:49:38,MMM,157.09,7,BID
2020-10-30 10:50:38,MMM,157.24,10,ASK
2020-10-30 10:49:38,MMM,157.09,7,BID
2020-10-30 10:50:40,MMM,157.21,2,ASK
2020-10-30 10:49:38,MMM,157.09,7,BID
2020-10-30 10:50:40,MMM,157.21,2,ASK
2020-10-30 10:49:38,MMM,157.09,7,BID
2020-10-30 10:50:40,MMM,157.21,2,ASK
2020-10-30 10:49:38,MMM,157.09,7,BID
2020-10-30 10:50:40,MMM,157.21,2,ASK
2020-10-30 10:49:38,MMM,157.09,7,BID
2020-10-30 10:50:40,MMM,157.21,2,ASK
2020-10-30 10:49:38,MMM,157.09,7,BID
2020-10-30 10:50:40,MMM,157.21,2,ASK
2020-10-30 10:49:38,MMM,157.09,7,BID
2020-10-30 10:50:40,MMM,157.21,2,ASK
2020-10-30 10:49:38,MMM,157.09,7,BID
2020-10-30 10:50:40,MMM,157.21,2,ASK
2020-10-30 10:50:53,MMM,157.04,2,BID
2020-10-30 10:50:53,MMM,157.16,1,ASK
2020-10-30 10:50:53,MMM,157.04,2,BID
2020-10-30 10:50:53,MMM,157.16,1,ASK
2020-10-30 10:50:57,MMM,157.06,1,BID
2020-10-30 10:50:57,MMM,157.21,2,ASK
2020-10-30 10:50:57,MMM,157.06,2,BID
2020-10-30 10:50:57,MMM,157.22,1,ASK
2020-10-30 10:50:57,MMM,157.06,2,BID
2020-10-30 10:50:57,MMM,157.24,8,ASK
2020-10-30 10:50:58,MMM,157.06,2,BID
2020-10-30 10:50:58,MMM,157.24,6,ASK
2020-10-30 10:50:58,MMM,157.06,2,BID
2020-10-30 10:50:58,MMM,157.24,6,ASK
2020-10-30 10:51:00,MMM,157.06,2,BID
2020-10-30 10:50:58,MMM,157.24,6,ASK
2020-10-30 10:51:00,MMM,157.06,2,BID
2020-10-30 10:50:58,MMM,157.24,6,ASK
2020-10-30 10:51:03,MMM,157.06,2,BID
2020-10-30 10:50:58,MMM,157.24,6,ASK
2020-10-30 10:51:03,MMM,157.06,2,BID
2020-10-30 10:50:58,MMM,157.24,6,ASK
2020-10-30 10:51:03,MMM,157.06,2,BID
2020-10-30 10:50:58,MMM,157.24,6,ASK
2020-10-30 10:51:04,MMM,157.16,2,BID
2020-10-30 10:51:04,MMM,157.3,4,ASK
2020-10-30 10:51:04,MMM,157.16,2,BID
2020-10-30 10:51:04,MMM,157.3,4,ASK
2020-10-30 10:51:06,MMM,157.16,3,BID
2020-10-30 10:51:06,MMM,157.3,4,ASK
2020-10-30 10:51:06,MMM,157.16,3,BID
2020-10-30 10:51:06,MMM,157.3,4,ASK
2020-10-30 10:51:09,MMM,157.12,3,BID
2020-10-30 10:51:09,MMM,157.3,4,ASK
2020-10-30 10:51:10,MMM,157.11,2,BID
2020-10-30 10:51:09,MMM,157.26,3,ASK
2020-10-30 10:51:10,MMM,157.11,2,BID
2020-10-30 10:51:09,MMM,157.26,3,ASK
2020-10-30 10:51:10,MMM,157.11,2,BID
2020-10-30 10:51:14,MMM,157.26,2,ASK
2020-10-30 10:51:15,MMM,157.12,2,BID
2020-10-30 10:51:15,MMM,157.26,2,ASK
2020-10-30 10:51:16,MMM,157.12,2,BID
2020-10-30 10:51:15,MMM,157.26,2,ASK
2020-10-30 10:51:19,MMM,157.12,3,BID
2020-10-30 10:51:19,MMM,157.26,3,ASK
2020-10-30 10:51:19,MMM,157.13,3,BID
2020-10-30 10:51:19,MMM,157.3,4,ASK
2020-10-30 10:51:19,MMM,157.13,3,BID
2020-10-30 10:51:19,MMM,157.3,4,ASK
2020-10-30 10:51:19,MMM,157.13,3,BID
2020-10-30 10:51:19,MMM,157.3,4,ASK
2020-10-30 10:51:19,MMM,157.13,3,BID
2020-10-30 10:51:19,MMM,157.3,4,ASK
2020-10-30 10:51:19,MMM,157.13,3,BID
2020-10-30 10:51:19,MMM,157.3,4,ASK
2020-10-30 10:51:19,MMM,157.13,3,BID
2020-10-30 10:51:19,MMM,157.3,4,ASK
2020-10-30 10:51:19,MMM,157.13,3,BID
2020-10-30 10:51:19,MMM,157.3,4,ASK
2020-10-30 10:51:22,MMM,157.24,2,BID
2020-10-30 10:51:22,MMM,157.41,1,ASK
2020-10-30 10:51:23,MMM,157.24,3,BID
2020-10-30 10:51:23,MMM,157.41,2,ASK
2020-10-30 10:51:23,MMM,157.24,3,BID
