timestamp,ticker,price,volume,bid_ask
2020-10-30 10:31:12,MRK,75.25,11,BID
2020-10-30 10:31:25,MRK,75.27,8,ASK
2020-10-30 10:31:12,MRK,75.25,12,BID
2020-10-30 10:31:28,MRK,75.27,8,ASK
2020-10-30 10:31:29,MRK,75.26,4,BID
2020-10-30 10:31:28,MRK,75.27,8,ASK
2020-10-30 10:31:30,MRK,75.26,4,BID
2020-10-30 10:31:28,MRK,75.27,8,ASK
2020-10-30 10:31:30,MRK,75.26,4,BID
2020-10-30 10:31:28,MRK,75.27,8,ASK
2020-10-30 10:31:32,MRK,75.26,4,BID
2020-10-30 10:31:32,MRK,75.27,2,ASK
2020-10-30 10:31:32,MRK,75.26,3,BID
2020-10-30 10:31:32,MRK,75.27,5,ASK
2020-10-30 10:31:33,MRK,75.25,13,BID
2020-10-30 10:31:33,MRK,75.27,5,ASK
2020-10-30 10:31:34,MRK,75.25,14,BID
2020-10-30 10:31:33,MRK,75.27,7,ASK
2020-10-30 10:31:34,MRK,75.25,14,BID
2020-10-30 10:31:33,MRK,75.27,7,ASK
2020-10-30 10:31:34,MRK,75.25,14,BID
2020-10-30 10:31:33,MRK,75.27,7,ASK
2020-10-30 10:31:34,MRK,75.25,14,BID
2020-10-30 10:31:33,MRK,75.27,7,ASK
2020-10-30 10:31:34,MRK,75.25,14,BID
2020-10-30 10:31:33,MRK,75.27,7,ASK
2020-10-30 10:31:39,MRK,75.25,14,BID
2020-10-30 10:31:33,MRK,75.27,7,ASK
2020-10-30 10:31:39,MRK,75.25,14,BID
2020-10-30 10:31:33,MRK,75.27,7,ASK
2020-10-30 10:31:39,MRK,75.25,14,BID
2020-10-30 10:31:33,MRK,75.27,7,ASK
2020-10-30 10:31:39,MRK,75.25,16,BID
2020-10-30 10:31:33,MRK,75.27,7,ASK
2020-10-30 10:31:39,MRK,75.25,16,BID
2020-10-30 10:31:33,MRK,75.27,7,ASK
2020-10-30 10:31:44,MRK,75.25,13,BID
2020-10-30 10:31:44,MRK,75.27,7,ASK
2020-10-30 10:31:44,MRK,75.25,13,BID
2020-10-30 10:31:44,MRK,75.27,7,ASK
2020-10-30 10:31:47,MRK,75.25,13,BID
2020-10-30 10:31:46,MRK,75.27,7,ASK
2020-10-30 10:31:47,MRK,75.25,13,BID
2020-10-30 10:31:47,MRK,75.26,5,ASK
2020-10-30 10:31:48,MRK,75.22,7,BID
2020-10-30 10:31:48,MRK,75.24,7,ASK
2020-10-30 10:31:49,MRK,75.22,6,BID
2020-10-30 10:31:48,MRK,75.24,8,ASK
2020-10-30 10:31:49,MRK,75.22,6,BID
2020-10-30 10:31:48,MRK,75.24,8,ASK
2020-10-30 10:31:52,MRK,75.23,3,BID
2020-10-30 10:31:48,MRK,75.24,8,ASK
2020-10-30 10:31:53,MRK,75.23,1,BID
2020-10-30 10:31:48,MRK,75.24,8,ASK
2020-10-30 10:31:54,MRK,75.23,5,BID
2020-10-30 10:31:54,MRK,75.25,8,ASK
2020-10-30 10:31:55,MRK,75.24,3,BID
2020-10-30 10:31:55,MRK,75.25,8,ASK
2020-10-30 10:31:55,MRK,75.24,3,BID
2020-10-30 10:31:55,MRK,75.25,8,ASK
2020-10-30 10:31:56,MRK,75.24,5,BID
2020-10-30 10:31:56,MRK,75.25,8,ASK
2020-10-30 10:31:57,MRK,75.24,4,BID
2020-10-30 10:31:57,MRK,75.25,8,ASK
2020-10-30 10:31:57,MRK,75.24,4,BID
2020-10-30 10:31:57,MRK,75.25,8,ASK
2020-10-30 10:31:55,MRK,75.23,8,BID
2020-10-30 10:32:00,MRK,75.25,6,ASK
2020-10-30 10:32:00,MRK,75.22,8,BID
2020-10-30 10:32:00,MRK,75.24,5,ASK
2020-10-30 10:32:00,MRK,75.22,9,BID
2020-10-30 10:32:00,MRK,75.24,8,ASK
2020-10-30 10:32:00,MRK,75.22,9,BID
2020-10-30 10:32:00,MRK,75.24,8,ASK
2020-10-30 10:32:00,MRK,75.22,8,BID
2020-10-30 10:32:01,MRK,75.24,8,ASK
2020-10-30 10:30:31,MRK,75.2,8,BID
2020-10-30 10:32:01,MRK,75.23,11,ASK
2020-10-30 10:32:02,MRK,75.22,2,BID
2020-10-30 10:32:02,MRK,75.24,12,ASK
2020-10-30 10:32:02,MRK,75.21,10,BID
2020-10-30 10:32:02,MRK,75.24,12,ASK
2020-10-30 10:32:04,MRK,75.21,7,BID
2020-10-30 10:32:04,MRK,75.23,3,ASK
2020-10-30 10:32:04,MRK,75.21,10,BID
2020-10-30 10:32:03,MRK,75.24,14,ASK
2020-10-30 10:32:05,MRK,75.22,1,BID
2020-10-30 10:32:03,MRK,75.24,14,ASK
2020-10-30 10:32:06,MRK,75.22,3,BID
2020-10-30 10:32:03,MRK,75.24,14,ASK
2020-10-30 10:32:08,MRK,75.22,4,BID
2020-10-30 10:32:08,MRK,75.24,13,ASK
2020-10-30 10:32:09,MRK,75.22,6,BID
2020-10-30 10:32:08,MRK,75.24,12,ASK
2020-10-30 10:32:09,MRK,75.21,7,BID
2020-10-30 10:32:09,MRK,75.23,6,ASK
2020-10-30 10:32:10,MRK,75.21,1,BID
2020-10-30 10:32:10,MRK,75.22,5,ASK
2020-10-30 10:32:12,MRK,75.2,6,BID
2020-10-30 10:32:12,MRK,75.21,2,ASK
2020-10-30 10:32:12,MRK,75.22,3,BID
2020-10-30 10:32:12,MRK,75.24,7,ASK
2020-10-30 10:32:13,MRK,75.22,10,BID
2020-10-30 10:32:12,MRK,75.24,7,ASK
2020-10-30 10:32:15,MRK,75.22,10,BID
2020-10-30 10:32:14,MRK,75.24,9,ASK
2020-10-30 10:32:16,MRK,75.21,8,BID
2020-10-30 10:32:16,MRK,75.23,8,ASK
2020-10-30 10:32:17,MRK,75.21,7,BID
2020-10-30 10:32:17,MRK,75.23,8,ASK
2020-10-30 10:32:19,MRK,75.2,10,BID
2020-10-30 10:32:19,MRK,75.22,3,ASK
2020-10-30 10:32:19,MRK,75.18,8,BID
2020-10-30 10:32:19,MRK,75.19,5,ASK
2020-10-30 10:32:20,MRK,75.17,5,BID
2020-10-30 10:32:20,MRK,75.18,2,ASK
2020-10-30 10:32:20,MRK,75.17,6,BID
2020-10-30 10:32:20,MRK,75.18,2,ASK
2020-10-30 10:32:20,MRK,75.17,5,BID
2020-10-30 10:32:20,MRK,75.18,2,ASK
2020-10-30 10:32:21,MRK,75.16,11,BID
2020-10-30 10:32:21,MRK,75.18,6,ASK
2020-10-30 10:32:21,MRK,75.16,9,BID
2020-10-30 10:32:21,MRK,75.19,13,ASK
2020-10-30 10:32:23,MRK,75.16,2,BID
2020-10-30 10:32:23,MRK,75.18,7,ASK
2020-10-30 10:32:23,MRK,75.16,2,BID
2020-10-30 10:32:23,MRK,75.18,7,ASK
2020-10-30 10:32:23,MRK,75.15,4,BID
2020-10-30 10:32:23,MRK,75.18,10,ASK
2020-10-30 10:32:24,MRK,75.13,1,BID
2020-10-30 10:32:24,MRK,75.14,3,ASK
2020-10-30 10:32:24,MRK,75.11,11,BID
2020-10-30 10:32:24,MRK,75.12,4,ASK
2020-10-30 10:32:25,MRK,75.1,4,BID
2020-10-30 10:32:24,MRK,75.12,7,ASK
2020-10-30 10:32:25,MRK,75.1,5,BID
2020-10-30 10:32:24,MRK,75.12,6,ASK
2020-10-30 10:32:25,MRK,75.11,3,BID
2020-10-30 10:32:24,MRK,75.12,5,ASK
2020-10-30 10:32:26,MRK,75.1,5,BID
2020-10-30 10:32:26,MRK,75.11,6,ASK
2020-10-30 10:32:26,MRK,75.07,5,BID
2020-10-30 10:32:26,MRK,75.08,3,ASK
2020-10-30 10:32:27,MRK,75.07,8,BID
2020-10-30 10:32:27,MRK,75.09,4,ASK
2020-10-30 10:32:27,MRK,75.07,8,BID
2020-10-30 10:32:27,MRK,75.09,6,ASK
2020-10-30 10:32:27,MRK,75.07,9,BID
2020-10-30 10:32:27,MRK,75.09,6,ASK
2020-10-30 10:32:28,MRK,75.08,6,BID
2020-10-30 10:32:26,MRK,75.1,7,ASK
2020-10-30 10:32:28,MRK,75.09,6,BID
2020-10-30 10:32:28,MRK,75.1,1,ASK
2020-10-30 10:32:31,MRK,75.09,7,BID
2020-10-30 10:32:31,MRK,75.1,2,ASK
2020-10-30 10:32:31,MRK,75.1,2,BID
2020-10-30 10:32:28,MRK,75.11,10,ASK
2020-10-30 10:32:31,MRK,75.11,2,BID
2020-10-30 10:32:25,MRK,75.12,9,ASK
2020-10-30 10:32:31,MRK,75.1,6,BID
2020-10-30 10:32:31,MRK,75.12,5,ASK
2020-10-30 10:32:32,MRK,75.12,3,BID
2020-10-30 10:32:32,MRK,75.13,8,ASK
2020-10-30 10:32:33,MRK,75.1,8,BID
2020-10-30 10:32:33,MRK,75.12,5,ASK
2020-10-30 10:32:34,MRK,75.12,5,BID
2020-10-30 10:32:34,MRK,75.14,4,ASK
2020-10-30 10:32:35,MRK,75.13,8,BID
2020-10-30 10:32:35,MRK,75.15,1,ASK
2020-10-30 10:32:35,MRK,75.12,7,BID
2020-10-30 10:32:36,MRK,75.13,2,ASK
2020-10-30 10:32:37,MRK,75.11,7,BID
2020-10-30 10:32:38,MRK,75.12,2,ASK
2020-10-30 10:32:38,MRK,75.1,8,BID
2020-10-30 10:32:38,MRK,75.12,4,ASK
2020-10-30 10:32:38,MRK,75.1,8,BID
2020-10-30 10:32:38,MRK,75.12,4,ASK
2020-10-30 10:32:39,MRK,75.11,4,BID
2020-10-30 10:32:39,MRK,75.12,4,ASK
2020-10-30 10:32:40,MRK,75.1,6,BID
2020-10-30 10:32:40,MRK,75.12,7,ASK
2020-10-30 10:32:31,MRK,75.09,7,BID
2020-10-30 10:32:42,MRK,75.12,8,ASK
2020-10-30 10:32:43,MRK,75.1,4,BID
2020-10-30 10:32:42,MRK,75.12,9,ASK
2020-10-30 10:32:31,MRK,75.09,8,BID
2020-10-30 10:32:42,MRK,75.12,9,ASK
2020-10-30 10:32:31,MRK,75.09,9,BID
2020-10-30 10:32:42,MRK,75.12,9,ASK
2020-10-30 10:32:31,MRK,75.09,8,BID
2020-10-30 10:32:42,MRK,75.12,9,ASK
2020-10-30 10:32:31,MRK,75.09,10,BID
2020-10-30 10:32:42,MRK,75.12,9,ASK
2020-10-30 10:32:46,MRK,75.1,1,BID
2020-10-30 10:32:46,MRK,75.13,13,ASK
2020-10-30 10:32:48,MRK,75.1,5,BID
2020-10-30 10:32:48,MRK,75.12,6,ASK
2020-10-30 10:32:48,MRK,75.1,5,BID
2020-10-30 10:32:48,MRK,75.13,14,ASK
2020-10-30 10:32:50,MRK,75.1,6,BID
2020-10-30 10:32:50,MRK,75.13,14,ASK
2020-10-30 10:32:50,MRK,75.1,7,BID
2020-10-30 10:32:50,MRK,75.13,14,ASK
2020-10-30 10:32:50,MRK,75.1,7,BID
2020-10-30 10:32:50,MRK,75.13,14,ASK
2020-10-30 10:32:56,MRK,75.1,5,BID
2020-10-30 10:32:54,MRK,75.13,14,ASK
2020-10-30 10:32:57,MRK,75.1,5,BID
2020-10-30 10:32:57,MRK,75.13,14,ASK
2020-10-30 10:32:57,MRK,75.1,5,BID
2020-10-30 10:32:57,MRK,75.13,14,ASK
2020-10-30 10:32:57,MRK,75.1,5,BID
2020-10-30 10:32:57,MRK,75.13,14,ASK
2020-10-30 10:32:58,MRK,75.11,4,BID
2020-10-30 10:32:57,MRK,75.13,14,ASK
2020-10-30 10:32:59,MRK,75.11,6,BID
2020-10-30 10:32:59,MRK,75.13,14,ASK
2020-10-30 10:33:00,MRK,75.11,11,BID
2020-10-30 10:32:59,MRK,75.13,14,ASK
2020-10-30 10:33:01,MRK,75.12,3,BID
2020-10-30 10:32:59,MRK,75.13,14,ASK
2020-10-30 10:33:02,MRK,75.13,4,BID
2020-10-30 10:33:01,MRK,75.15,10,ASK
2020-10-30 10:33:02,MRK,75.15,5,BID
2020-10-30 10:33:02,MRK,75.16,6,ASK
2020-10-30 10:33:02,MRK,75.15,5,BID
2020-10-30 10:33:02,MRK,75.16,8,ASK
2020-10-30 10:33:04,MRK,75.15,3,BID
2020-10-30 10:33:03,MRK,75.16,8,ASK
2020-10-30 10:33:05,MRK,75.15,3,BID
2020-10-30 10:33:04,MRK,75.16,7,ASK
2020-10-30 10:33:07,MRK,75.15,8,BID
2020-10-30 10:33:07,MRK,75.17,1,ASK
2020-10-30 10:33:07,MRK,75.15,8,BID
2020-10-30 10:33:07,MRK,75.17,4,ASK
2020-10-30 10:33:07,MRK,75.15,8,BID
2020-10-30 10:33:08,MRK,75.17,4,ASK
2020-10-30 10:33:04,MRK,75.14,10,BID
2020-10-30 10:33:09,MRK,75.15,4,ASK
2020-10-30 10:33:10,MRK,75.15,2,BID
2020-10-30 10:33:09,MRK,75.16,10,ASK
2020-10-30 10:33:11,MRK,75.14,6,BID
2020-10-30 10:33:11,MRK,75.15,2,ASK
2020-10-30 10:33:12,MRK,75.14,6,BID
2020-10-30 10:33:12,MRK,75.15,3,ASK
2020-10-30 10:33:14,MRK,75.13,6,BID
2020-10-30 10:33:14,MRK,75.14,3,ASK
2020-10-30 10:33:15,MRK,75.11,10,BID
2020-10-30 10:33:15,MRK,75.14,13,ASK
2020-10-30 10:33:16,MRK,75.11,10,BID
2020-10-30 10:33:16,MRK,75.13,3,ASK
2020-10-30 10:33:17,MRK,75.12,3,BID
2020-10-30 10:33:17,MRK,75.13,3,ASK
2020-10-30 10:33:17,MRK,75.11,10,BID
2020-10-30 10:33:17,MRK,75.13,3,ASK
2020-10-30 10:33:19,MRK,75.11,11,BID
2020-10-30 10:33:19,MRK,75.12,5,ASK
2020-10-30 10:33:19,MRK,75.12,3,BID
2020-10-30 10:33:19,MRK,75.13,3,ASK
2020-10-30 10:33:21,MRK,75.14,3,BID
2020-10-30 10:33:21,MRK,75.15,8,ASK
2020-10-30 10:33:22,MRK,75.14,7,BID
2020-10-30 10:33:22,MRK,75.16,2,ASK
2020-10-30 10:33:22,MRK,75.14,6,BID
2020-10-30 10:33:23,MRK,75.16,14,ASK
2020-10-30 10:33:24,MRK,75.14,9,BID
2020-10-30 10:33:24,MRK,75.16,14,ASK
2020-10-30 10:33:25,MRK,75.15,1,BID
2020-10-30 10:33:24,MRK,75.16,14,ASK
2020-10-30 10:33:27,MRK,75.15,5,BID
2020-10-30 10:33:24,MRK,75.16,13,ASK
2020-10-30 10:33:28,MRK,75.15,8,BID
2020-10-30 10:33:24,MRK,75.16,14,ASK
2020-10-30 10:33:30,MRK,75.16,5,BID
2020-10-30 10:33:29,MRK,75.17,10,ASK
2020-10-30 10:33:30,MRK,75.16,5,BID
2020-10-30 10:33:29,MRK,75.17,10,ASK
2020-10-30 10:33:32,MRK,75.16,6,BID
2020-10-30 10:33:29,MRK,75.17,10,ASK
2020-10-30 10:33:33,MRK,75.16,7,BID
2020-10-30 10:33:29,MRK,75.17,10,ASK
2020-10-30 10:33:29,MRK,75.15,9,BID
2020-10-30 10:33:33,MRK,75.17,12,ASK
2020-10-30 10:33:29,MRK,75.15,9,BID
2020-10-30 10:33:33,MRK,75.17,11,ASK
2020-10-30 10:33:29,MRK,75.15,9,BID
2020-10-30 10:33:33,MRK,75.17,11,ASK
2020-10-30 10:33:29,MRK,75.15,9,BID
2020-10-30 10:33:33,MRK,75.17,11,ASK
2020-10-30 10:33:29,MRK,75.15,9,BID
2020-10-30 10:33:33,MRK,75.17,11,ASK
2020-10-30 10:33:29,MRK,75.15,9,BID
2020-10-30 10:33:33,MRK,75.17,10,ASK
2020-10-30 10:33:29,MRK,75.15,9,BID
2020-10-30 10:33:33,MRK,75.17,10,ASK
2020-10-30 10:33:29,MRK,75.15,9,BID
2020-10-30 10:33:33,MRK,75.17,10,ASK
2020-10-30 10:33:40,MRK,75.17,6,BID
2020-10-30 10:33:40,MRK,75.19,13,ASK
2020-10-30 10:33:41,MRK,75.16,7,BID
2020-10-30 10:33:40,MRK,75.19,12,ASK
2020-10-30 10:33:42,MRK,75.16,13,BID
2020-10-30 10:33:40,MRK,75.19,12,ASK
2020-10-30 10:33:42,MRK,75.16,13,BID
2020-10-30 10:33:40,MRK,75.19,12,ASK
2020-10-30 10:33:44,MRK,75.16,11,BID
2020-10-30 10:33:44,MRK,75.18,4,ASK
2020-10-30 10:33:45,MRK,75.18,4,BID
2020-10-30 10:33:45,MRK,75.19,1,ASK
2020-10-30 10:33:46,MRK,75.19,6,BID
2020-10-30 10:33:46,MRK,75.2,4,ASK
2020-10-30 10:33:46,MRK,75.18,7,BID
2020-10-30 10:33:47,MRK,75.2,4,ASK
2020-10-30 10:33:47,MRK,75.19,3,BID
2020-10-30 10:33:47,MRK,75.2,4,ASK
2020-10-30 10:33:48,MRK,75.19,3,BID
2020-10-30 10:33:48,MRK,75.2,4,ASK
2020-10-30 10:33:48,MRK,75.2,9,BID
2020-10-30 10:33:49,MRK,75.21,5,ASK
2020-10-30 10:33:48,MRK,75.2,10,BID
2020-10-30 10:33:49,MRK,75.21,5,ASK
2020-10-30 10:33:48,MRK,75.2,9,BID
2020-10-30 10:33:49,MRK,75.21,5,ASK
2020-10-30 10:33:48,MRK,75.2,8,BID
2020-10-30 10:33:52,MRK,75.21,7,ASK
2020-10-30 10:33:52,MRK,75.19,7,BID
2020-10-30 10:33:52,MRK,75.21,16,ASK
2020-10-30 10:33:54,MRK,75.21,7,BID
2020-10-30 10:33:54,MRK,75.23,11,ASK
2020-10-30 10:33:56,MRK,75.22,1,BID
2020-10-30 10:33:56,MRK,75.23,10,ASK
2020-10-30 10:33:57,MRK,75.22,6,BID
2020-10-30 10:33:56,MRK,75.23,8,ASK
2020-10-30 10:33:57,MRK,75.22,6,BID
2020-10-30 10:33:56,MRK,75.23,8,ASK
2020-10-30 10:34:00,MRK,75.22,6,BID
2020-10-30 10:34:00,MRK,75.23,8,ASK
2020-10-30 10:34:00,MRK,75.2,8,BID
2020-10-30 10:34:00,MRK,75.24,5,ASK
2020-10-30 10:34:00,MRK,75.2,8,BID
2020-10-30 10:34:01,MRK,75.24,8,ASK
2020-10-30 10:33:46,MRK,75.18,7,BID
2020-10-30 10:34:02,MRK,75.21,6,ASK
2020-10-30 10:34:03,MRK,75.18,6,BID
2020-10-30 10:34:03,MRK,75.21,11,ASK
2020-10-30 10:34:03,MRK,75.18,6,BID
2020-10-30 10:34:03,MRK,75.21,11,ASK
2020-10-30 10:34:04,MRK,75.19,4,BID
2020-10-30 10:34:04,MRK,75.21,11,ASK
2020-10-30 10:34:04,MRK,75.19,6,BID
2020-10-30 10:34:02,MRK,75.21,11,ASK
2020-10-30 10:34:06,MRK,75.19,6,BID
2020-10-30 10:34:02,MRK,75.21,11,ASK
2020-10-30 10:34:07,MRK,75.2,2,BID
2020-10-30 10:34:02,MRK,75.21,10,ASK
2020-10-30 10:34:08,MRK,75.18,7,BID
2020-10-30 10:34:08,MRK,75.19,6,ASK
2020-10-30 10:34:08,MRK,75.18,7,BID
2020-10-30 10:34:08,MRK,75.19,6,ASK
2020-10-30 10:34:09,MRK,75.16,13,BID
2020-10-30 10:34:09,MRK,75.17,2,ASK
2020-10-30 10:33:29,MRK,75.15,9,BID
2020-10-30 10:34:09,MRK,75.17,6,ASK
2020-10-30 10:33:29,MRK,75.15,9,BID
2020-10-30 10:34:09,MRK,75.17,6,ASK
2020-10-30 10:34:10,MRK,75.16,13,BID
2020-10-30 10:34:10,MRK,75.18,5,ASK
2020-10-30 10:34:11,MRK,75.16,14,BID
2020-10-30 10:34:12,MRK,75.18,6,ASK
2020-10-30 10:34:13,MRK,75.16,17,BID
2020-10-30 10:34:13,MRK,75.18,6,ASK
2020-10-30 10:34:14,MRK,75.17,3,BID
2020-10-30 10:34:14,MRK,75.18,6,ASK
2020-10-30 10:34:14,MRK,75.18,2,BID
2020-10-30 10:34:08,MRK,75.2,3,ASK
2020-10-30 10:34:14,MRK,75.18,5,BID
2020-10-30 10:34:14,MRK,75.2,7,ASK
2020-10-30 10:34:15,MRK,75.18,3,BID
2020-10-30 10:34:15,MRK,75.19,3,ASK
2020-10-30 10:34:16,MRK,75.18,3,BID
2020-10-30 10:34:16,MRK,75.2,7,ASK
2020-10-30 10:34:17,MRK,75.18,3,BID
2020-10-30 10:34:17,MRK,75.2,8,ASK
2020-10-30 10:34:19,MRK,75.18,3,BID
2020-10-30 10:34:17,MRK,75.2,8,ASK
2020-10-30 10:34:19,MRK,75.18,3,BID
2020-10-30 10:34:19,MRK,75.2,8,ASK
2020-10-30 10:34:21,MRK,75.18,3,BID
2020-10-30 10:34:21,MRK,75.19,3,ASK
2020-10-30 10:34:23,MRK,75.18,5,BID
2020-10-30 10:34:23,MRK,75.19,4,ASK
2020-10-30 10:34:24,MRK,75.18,5,BID
2020-10-30 10:34:24,MRK,75.19,4,ASK
2020-10-30 10:34:24,MRK,75.2,4,BID
2020-10-30 10:34:24,MRK,75.21,12,ASK
2020-10-30 10:34:25,MRK,75.2,4,BID
2020-10-30 10:34:25,MRK,75.21,12,ASK
2020-10-30 10:34:26,MRK,75.21,2,BID
2020-10-30 10:34:26,MRK,75.23,6,ASK
2020-10-30 10:34:27,MRK,75.21,2,BID
2020-10-30 10:34:27,MRK,75.22,1,ASK
2020-10-30 10:34:29,MRK,75.21,4,BID
2020-10-30 10:34:29,MRK,75.22,1,ASK
2020-10-30 10:34:31,MRK,75.21,6,BID
2020-10-30 10:34:31,MRK,75.22,1,ASK
2020-10-30 10:34:31,MRK,75.21,6,BID
2020-10-30 10:34:31,MRK,75.23,6,ASK
2020-10-30 10:34:31,MRK,75.21,6,BID
2020-10-30 10:34:31,MRK,75.23,6,ASK
2020-10-30 10:34:34,MRK,75.21,6,BID
2020-10-30 10:34:34,MRK,75.23,6,ASK
2020-10-30 10:34:36,MRK,75.2,9,BID
2020-10-30 10:34:36,MRK,75.21,4,ASK
2020-10-30 10:34:37,MRK,75.2,10,BID
2020-10-30 10:34:37,MRK,75.21,2,ASK
2020-10-30 10:34:24,MRK,75.19,10,BID
2020-10-30 10:34:39,MRK,75.21,1,ASK
2020-10-30 10:34:41,MRK,75.2,3,BID
2020-10-30 10:34:41,MRK,75.21,4,ASK
2020-10-30 10:34:42,MRK,75.19,12,BID
2020-10-30 10:34:42,MRK,75.21,4,ASK
2020-10-30 10:34:42,MRK,75.19,11,BID
2020-10-30 10:34:43,MRK,75.21,4,ASK
2020-10-30 10:34:45,MRK,75.2,4,BID
2020-10-30 10:34:45,MRK,75.21,4,ASK
2020-10-30 10:34:46,MRK,75.2,4,BID
2020-10-30 10:34:46,MRK,75.21,2,ASK
2020-10-30 10:34:48,MRK,75.2,4,BID
2020-10-30 10:34:47,MRK,75.21,2,ASK
2020-10-30 10:34:49,MRK,75.21,3,BID
2020-10-30 10:34:50,MRK,75.23,6,ASK
2020-10-30 10:34:50,MRK,75.22,4,BID
2020-10-30 10:34:50,MRK,75.23,5,ASK
2020-10-30 10:34:50,MRK,75.22,7,BID
2020-10-30 10:34:50,MRK,75.23,5,ASK
2020-10-30 10:34:50,MRK,75.22,7,BID
2020-10-30 10:34:50,MRK,75.23,5,ASK
2020-10-30 10:34:51,MRK,75.22,6,BID
2020-10-30 10:34:51,MRK,75.23,6,ASK
2020-10-30 10:34:48,MRK,75.2,7,BID
2020-10-30 10:34:52,MRK,75.22,4,ASK
2020-10-30 10:34:48,MRK,75.2,7,BID
2020-10-30 10:34:52,MRK,75.22,4,ASK
2020-10-30 10:34:53,MRK,75.2,7,BID
2020-10-30 10:34:52,MRK,75.22,4,ASK
2020-10-30 10:34:53,MRK,75.2,7,BID
2020-10-30 10:34:52,MRK,75.22,4,ASK
2020-10-30 10:34:53,MRK,75.21,4,BID
2020-10-30 10:34:52,MRK,75.22,4,ASK
2020-10-30 10:34:53,MRK,75.2,10,BID
2020-10-30 10:34:53,MRK,75.22,5,ASK
2020-10-30 10:34:53,MRK,75.2,7,BID
2020-10-30 10:34:53,MRK,75.22,5,ASK
2020-10-30 10:34:54,MRK,75.18,6,BID
2020-10-30 10:34:54,MRK,75.2,2,ASK
2020-10-30 10:34:55,MRK,75.19,1,BID
2020-10-30 10:34:54,MRK,75.2,3,ASK
2020-10-30 10:34:58,MRK,75.2,7,BID
2020-10-30 10:34:56,MRK,75.22,9,ASK
2020-10-30 10:35:00,MRK,75.19,10,BID
2020-10-30 10:35:00,MRK,75.21,5,ASK
2020-10-30 10:35:02,MRK,75.2,5,BID
2020-10-30 10:35:01,MRK,75.21,5,ASK
2020-10-30 10:35:04,MRK,75.19,10,BID
2020-10-30 10:35:04,MRK,75.2,5,ASK
2020-10-30 10:35:05,MRK,75.19,9,BID
2020-10-30 10:35:05,MRK,75.21,8,ASK
2020-10-30 10:35:05,MRK,75.19,9,BID
2020-10-30 10:35:05,MRK,75.21,8,ASK
2020-10-30 10:35:05,MRK,75.19,9,BID
2020-10-30 10:35:05,MRK,75.21,8,ASK
2020-10-30 10:35:05,MRK,75.18,7,BID
2020-10-30 10:35:05,MRK,75.2,2,ASK
2020-10-30 10:35:05,MRK,75.18,5,BID
2020-10-30 10:35:05,MRK,75.2,11,ASK
2020-10-30 10:35:05,MRK,75.17,9,BID
2020-10-30 10:35:05,MRK,75.2,16,ASK
2020-10-30 10:35:05,MRK,75.17,9,BID
2020-10-30 10:35:05,MRK,75.2,16,ASK
2020-10-30 10:35:05,MRK,75.17,9,BID
2020-10-30 10:35:05,MRK,75.2,16,ASK
2020-10-30 10:35:05,MRK,75.17,9,BID
2020-10-30 10:35:05,MRK,75.2,16,ASK
2020-10-30 10:35:05,MRK,75.17,9,BID
2020-10-30 10:35:05,MRK,75.2,16,ASK
2020-10-30 10:35:05,MRK,75.17,9,BID
2020-10-30 10:35:05,MRK,75.2,16,ASK
2020-10-30 10:35:05,MRK,75.17,9,BID
2020-10-30 10:35:05,MRK,75.2,16,ASK
2020-10-30 10:35:05,MRK,75.17,9,BID
2020-10-30 10:35:05,MRK,75.2,16,ASK
2020-10-30 10:35:05,MRK,75.18,4,BID
2020-10-30 10:35:05,MRK,75.2,16,ASK
2020-10-30 10:35:08,MRK,75.19,3,BID
2020-10-30 10:35:05,MRK,75.2,16,ASK
2020-10-30 10:35:08,MRK,75.19,3,BID
2020-10-30 10:35:05,MRK,75.2,16,ASK
2020-10-30 10:35:08,MRK,75.19,3,BID
2020-10-30 10:35:05,MRK,75.2,16,ASK
2020-10-30 10:35:08,MRK,75.19,3,BID
2020-10-30 10:35:05,MRK,75.2,16,ASK
2020-10-30 10:35:09,MRK,75.18,8,BID
2020-10-30 10:35:05,MRK,75.2,16,ASK
2020-10-30 10:35:09,MRK,75.19,3,BID
2020-10-30 10:35:05,MRK,75.2,16,ASK
2020-10-30 10:35:11,MRK,75.19,7,BID
2020-10-30 10:35:11,MRK,75.2,14,ASK
2020-10-30 10:35:13,MRK,75.21,4,BID
2020-10-30 10:35:12,MRK,75.23,9,ASK
2020-10-30 10:35:16,MRK,75.22,5,BID
2020-10-30 10:35:16,MRK,75.23,1,ASK
2020-10-30 10:35:20,MRK,75.21,3,BID
2020-10-30 10:35:20,MRK,75.22,2,ASK
2020-10-30 10:35:20,MRK,75.21,3,BID
2020-10-30 10:35:20,MRK,75.22,7,ASK
2020-10-30 10:35:20,MRK,75.2,11,BID
2020-10-30 10:35:20,MRK,75.22,7,ASK
2020-10-30 10:35:20,MRK,75.2,10,BID
2020-10-30 10:35:20,MRK,75.21,1,ASK
2020-10-30 10:35:20,MRK,75.2,10,BID
2020-10-30 10:35:20,MRK,75.21,1,ASK
2020-10-30 10:35:21,MRK,75.19,7,BID
2020-10-30 10:35:21,MRK,75.21,1,ASK
2020-10-30 10:35:21,MRK,75.18,11,BID
2020-10-30 10:35:21,MRK,75.2,6,ASK
2020-10-30 10:35:22,MRK,75.16,8,BID
2020-10-30 10:35:22,MRK,75.19,6,ASK
2020-10-30 10:35:22,MRK,75.16,5,BID
2020-10-30 10:35:22,MRK,75.19,9,ASK
2020-10-30 10:35:22,MRK,75.16,3,BID
2020-10-30 10:35:22,MRK,75.18,2,ASK
2020-10-30 10:35:22,MRK,75.15,17,BID
2020-10-30 10:35:23,MRK,75.18,2,ASK
2020-10-30 10:35:24,MRK,75.16,4,BID
2020-10-30 10:35:24,MRK,75.18,2,ASK
2020-10-30 10:35:24,MRK,75.16,7,BID
2020-10-30 10:35:24,MRK,75.18,3,ASK
2020-10-30 10:35:25,MRK,75.16,10,BID
2020-10-30 10:35:25,MRK,75.18,3,ASK
2020-10-30 10:35:25,MRK,75.16,12,BID
2020-10-30 10:35:25,MRK,75.18,4,ASK
2020-10-30 10:35:25,MRK,75.16,12,BID
2020-10-30 10:35:26,MRK,75.17,6,ASK
2020-10-30 10:35:28,MRK,75.15,15,BID
2020-10-30 10:35:28,MRK,75.16,5,ASK
2020-10-30 10:35:28,MRK,75.15,16,BID
2020-10-30 10:35:29,MRK,75.16,1,ASK
2020-10-30 10:35:28,MRK,75.15,16,BID
2020-10-30 10:35:29,MRK,75.16,3,ASK
2020-10-30 10:35:28,MRK,75.15,16,BID
2020-10-30 10:35:29,MRK,75.16,3,ASK
2020-10-30 10:35:28,MRK,75.15,16,BID
2020-10-30 10:35:30,MRK,75.16,3,ASK
2020-10-30 10:35:30,MRK,75.11,11,BID
2020-10-30 10:35:30,MRK,75.13,3,ASK
2020-10-30 10:35:30,MRK,75.11,11,BID
2020-10-30 10:35:31,MRK,75.12,5,ASK
2020-10-30 10:35:32,MRK,75.11,8,BID
2020-10-30 10:35:32,MRK,75.13,11,ASK
2020-10-30 10:35:32,MRK,75.13,8,BID
2020-10-30 10:35:32,MRK,75.14,7,ASK
2020-10-30 10:35:32,MRK,75.13,8,BID
2020-10-30 10:35:32,MRK,75.14,7,ASK
2020-10-30 10:35:32,MRK,75.13,1,BID
2020-10-30 10:35:32,MRK,75.14,7,ASK
2020-10-30 10:35:34,MRK,75.13,9,BID
2020-10-30 10:35:34,MRK,75.15,3,ASK
2020-10-30 10:35:35,MRK,75.13,10,BID
2020-10-30 10:35:35,MRK,75.15,4,ASK
2020-10-30 10:35:38,MRK,75.14,3,BID
2020-10-30 10:35:38,MRK,75.15,3,ASK
2020-10-30 10:35:39,MRK,75.16,6,BID
2020-10-30 10:35:39,MRK,75.18,5,ASK
2020-10-30 10:35:40,MRK,75.16,7,BID
2020-10-30 10:35:40,MRK,75.18,6,ASK
2020-10-30 10:35:41,MRK,75.17,5,BID
2020-10-30 10:35:41,MRK,75.18,6,ASK
2020-10-30 10:35:42,MRK,75.16,5,BID
2020-10-30 10:35:42,MRK,75.17,2,ASK
2020-10-30 10:35:42,MRK,75.16,5,BID
2020-10-30 10:35:42,MRK,75.17,2,ASK
2020-10-30 10:35:44,MRK,75.17,7,BID
2020-10-30 10:35:22,MRK,75.19,7,ASK
2020-10-30 10:35:44,MRK,75.19,3,BID
2020-10-30 10:35:44,MRK,75.2,11,ASK
2020-10-30 10:35:44,MRK,75.19,4,BID
2020-10-30 10:35:44,MRK,75.2,11,ASK
2020-10-30 10:35:45,MRK,75.19,4,BID
2020-10-30 10:35:44,MRK,75.2,11,ASK
2020-10-30 10:35:44,MRK,75.19,4,BID
2020-10-30 10:35:21,MRK,75.2,14,ASK
2020-10-30 10:35:44,MRK,75.19,4,BID
2020-10-30 10:35:21,MRK,75.2,14,ASK
2020-10-30 10:35:46,MRK,75.19,3,BID
2020-10-30 10:35:21,MRK,75.2,14,ASK
2020-10-30 10:35:46,MRK,75.19,3,BID
2020-10-30 10:35:21,MRK,75.2,14,ASK
2020-10-30 10:35:50,MRK,75.22,3,BID
2020-10-30 10:35:50,MRK,75.23,7,ASK
2020-10-30 10:35:51,MRK,75.21,14,BID
2020-10-30 10:35:50,MRK,75.23,9,ASK
2020-10-30 10:35:51,MRK,75.16,7,BID
2020-10-30 10:35:51,MRK,75.19,9,ASK
2020-10-30 10:35:52,MRK,75.16,7,BID
2020-10-30 10:35:51,MRK,75.19,8,ASK
2020-10-30 10:35:53,MRK,75.16,12,BID
2020-10-30 10:35:53,MRK,75.18,8,ASK
2020-10-30 10:35:55,MRK,75.17,9,BID
2020-10-30 10:35:55,MRK,75.19,10,ASK
2020-10-30 10:35:55,MRK,75.17,14,BID
2020-10-30 10:35:55,MRK,75.19,7,ASK
2020-10-30 10:35:55,MRK,75.17,14,BID
2020-10-30 10:35:56,MRK,75.19,7,ASK
2020-10-30 10:35:57,MRK,75.19,4,BID
2020-10-30 10:35:57,MRK,75.2,8,ASK
2020-10-30 10:35:57,MRK,75.19,4,BID
2020-10-30 10:35:57,MRK,75.2,8,ASK
2020-10-30 10:35:57,MRK,75.19,4,BID
2020-10-30 10:35:57,MRK,75.2,8,ASK
2020-10-30 10:35:57,MRK,75.19,4,BID
2020-10-30 10:35:57,MRK,75.2,8,ASK
2020-10-30 10:35:57,MRK,75.19,4,BID
2020-10-30 10:35:57,MRK,75.2,8,ASK
2020-10-30 10:35:58,MRK,75.19,12,BID
2020-10-30 10:35:58,MRK,75.22,11,ASK
2020-10-30 10:36:01,MRK,75.19,10,BID
2020-10-30 10:36:01,MRK,75.2,3,ASK
2020-10-30 10:36:02,MRK,75.17,16,BID
2020-10-30 10:36:02,MRK,75.19,11,ASK
2020-10-30 10:35:53,MRK,75.16,12,BID
2020-10-30 10:36:02,MRK,75.19,12,ASK
2020-10-30 10:35:53,MRK,75.16,13,BID
2020-10-30 10:36:02,MRK,75.19,12,ASK
2020-10-30 10:36:05,MRK,75.17,3,BID
2020-10-30 10:36:05,MRK,75.19,14,ASK
2020-10-30 10:36:05,MRK,75.17,3,BID
2020-10-30 10:36:05,MRK,75.19,14,ASK
2020-10-30 10:36:06,MRK,75.17,4,BID
2020-10-30 10:36:06,MRK,75.19,14,ASK
2020-10-30 10:36:08,MRK,75.17,3,BID
2020-10-30 10:36:08,MRK,75.18,1,ASK
2020-10-30 10:36:08,MRK,75.17,5,BID
2020-10-30 10:36:08,MRK,75.19,14,ASK
2020-10-30 10:36:08,MRK,75.17,5,BID
2020-10-30 10:36:08,MRK,75.19,14,ASK
2020-10-30 10:36:12,MRK,75.17,5,BID
2020-10-30 10:36:08,MRK,75.19,13,ASK
2020-10-30 10:36:13,MRK,75.17,3,BID
2020-10-30 10:36:13,MRK,75.19,13,ASK
2020-10-30 10:35:53,MRK,75.16,11,BID
2020-10-30 10:36:14,MRK,75.17,5,ASK
2020-10-30 10:36:15,MRK,75.14,9,BID
2020-10-30 10:36:15,MRK,75.16,9,ASK
2020-10-30 10:36:15,MRK,75.14,5,BID
2020-10-30 10:36:15,MRK,75.16,11,ASK
2020-10-30 10:36:17,MRK,75.16,4,BID
2020-10-30 10:36:16,MRK,75.17,13,ASK
2020-10-30 10:36:17,MRK,75.16,4,BID
2020-10-30 10:36:16,MRK,75.17,13,ASK
2020-10-30 10:36:18,MRK,75.14,6,BID
2020-10-30 10:36:18,MRK,75.16,3,ASK
2020-10-30 10:35:34,MRK,75.13,12,BID
2020-10-30 10:36:19,MRK,75.15,6,ASK
2020-10-30 10:35:34,MRK,75.13,12,BID
2020-10-30 10:36:20,MRK,75.15,7,ASK
2020-10-30 10:35:34,MRK,75.13,12,BID
2020-10-30 10:36:20,MRK,75.15,9,ASK
2020-10-30 10:35:34,MRK,75.13,12,BID
2020-10-30 10:36:21,MRK,75.14,2,ASK
2020-10-30 10:35:34,MRK,75.13,11,BID
2020-10-30 10:36:22,MRK,75.14,10,ASK
2020-10-30 10:35:34,MRK,75.13,11,BID
2020-10-30 10:36:22,MRK,75.14,10,ASK
2020-10-30 10:35:34,MRK,75.13,12,BID
2020-10-30 10:36:23,MRK,75.14,10,ASK
2020-10-30 10:36:23,MRK,75.11,8,BID
2020-10-30 10:36:24,MRK,75.12,1,ASK
2020-10-30 10:36:24,MRK,75.11,8,BID
2020-10-30 10:36:24,MRK,75.13,9,ASK
2020-10-30 10:36:26,MRK,75.12,3,BID
2020-10-30 10:36:26,MRK,75.13,11,ASK
2020-10-30 10:36:27,MRK,75.13,8,BID
2020-10-30 10:36:26,MRK,75.15,12,ASK
2020-10-30 10:36:27,MRK,75.13,9,BID
2020-10-30 10:36:26,MRK,75.15,13,ASK
2020-10-30 10:36:27,MRK,75.13,9,BID
2020-10-30 10:36:26,MRK,75.15,12,ASK
2020-10-30 10:36:27,MRK,75.13,9,BID
2020-10-30 10:36:26,MRK,75.15,12,ASK
2020-10-30 10:36:27,MRK,75.13,9,BID
2020-10-30 10:36:29,MRK,75.15,9,ASK
2020-10-30 10:36:27,MRK,75.13,9,BID
2020-10-30 10:36:30,MRK,75.14,1,ASK
2020-10-30 10:36:31,MRK,75.12,11,BID
2020-10-30 10:36:31,MRK,75.13,7,ASK
2020-10-30 10:36:25,MRK,75.11,17,BID
2020-10-30 10:36:31,MRK,75.12,5,ASK
2020-10-30 10:36:32,MRK,75.1,7,BID
2020-10-30 10:36:32,MRK,75.11,20,ASK
2020-10-30 10:36:32,MRK,75.1,7,BID
2020-10-30 10:36:32,MRK,75.11,19,ASK
2020-10-30 10:36:32,MRK,75.1,7,BID
2020-10-30 10:36:32,MRK,75.11,19,ASK
2020-10-30 10:36:32,MRK,75.1,8,BID
2020-10-30 10:36:32,MRK,75.11,18,ASK
2020-10-30 10:36:37,MRK,75.11,10,BID
2020-10-30 10:36:37,MRK,75.13,17,ASK
2020-10-30 10:36:38,MRK,75.11,8,BID
2020-10-30 10:36:38,MRK,75.13,22,ASK
2020-10-30 10:36:39,MRK,75.11,8,BID
2020-10-30 10:36:39,MRK,75.12,1,ASK
2020-10-30 10:36:39,MRK,75.11,8,BID
2020-10-30 10:36:39,MRK,75.12,1,ASK
2020-10-30 10:35:32,MRK,75.1,17,BID
2020-10-30 10:36:41,MRK,75.12,7,ASK
2020-10-30 10:36:43,MRK,75.11,3,BID
2020-10-30 10:36:43,MRK,75.14,7,ASK
2020-10-30 10:35:32,MRK,75.1,15,BID
2020-10-30 10:36:43,MRK,75.13,9,ASK
2020-10-30 10:36:44,MRK,75.09,13,BID
2020-10-30 10:36:44,MRK,75.11,4,ASK
2020-10-30 10:36:45,MRK,75.08,9,BID
2020-10-30 10:36:45,MRK,75.11,4,ASK
2020-10-30 10:36:46,MRK,75.08,9,BID
2020-10-30 10:36:46,MRK,75.1,4,ASK
2020-10-30 10:36:46,MRK,75.07,9,BID
2020-10-30 10:36:46,MRK,75.09,5,ASK
2020-10-30 10:36:46,MRK,75.07,9,BID
2020-10-30 10:36:46,MRK,75.09,5,ASK
2020-10-30 10:36:46,MRK,75.07,9,BID
2020-10-30 10:36:47,MRK,75.09,6,ASK
2020-10-30 10:36:46,MRK,75.07,9,BID
2020-10-30 10:36:47,MRK,75.09,6,ASK
2020-10-30 10:36:46,MRK,75.07,11,BID
2020-10-30 10:36:47,MRK,75.09,6,ASK
2020-10-30 10:36:51,MRK,75.09,9,BID
2020-10-30 10:36:51,MRK,75.1,10,ASK
2020-10-30 10:36:51,MRK,75.1,5,BID
2020-10-30 10:36:51,MRK,75.12,11,ASK
2020-10-30 10:36:52,MRK,75.12,6,BID
2020-10-30 10:36:52,MRK,75.13,9,ASK
2020-10-30 10:36:52,MRK,75.11,4,BID
2020-10-30 10:36:53,MRK,75.13,10,ASK
2020-10-30 10:36:52,MRK,75.11,5,BID
2020-10-30 10:36:53,MRK,75.13,10,ASK
2020-10-30 10:36:52,MRK,75.11,5,BID
2020-10-30 10:36:54,MRK,75.13,9,ASK
2020-10-30 10:36:55,MRK,75.12,1,BID
2020-10-30 10:36:55,MRK,75.14,14,ASK
2020-10-30 10:36:55,MRK,75.12,1,BID
2020-10-30 10:36:55,MRK,75.14,14,ASK
2020-10-30 10:36:56,MRK,75.12,1,BID
2020-10-30 10:36:55,MRK,75.14,13,ASK
2020-10-30 10:36:56,MRK,75.13,2,BID
2020-10-30 10:36:56,MRK,75.15,14,ASK
2020-10-30 10:36:56,MRK,75.12,5,BID
2020-10-30 10:36:57,MRK,75.15,17,ASK
2020-10-30 10:36:58,MRK,75.12,4,BID
2020-10-30 10:36:58,MRK,75.15,14,ASK
2020-10-30 10:36:58,MRK,75.12,4,BID
2020-10-30 10:37:00,MRK,75.14,5,ASK
2020-10-30 10:37:00,MRK,75.12,7,BID
2020-10-30 10:37:00,MRK,75.14,5,ASK
2020-10-30 10:37:00,MRK,75.12,7,BID
2020-10-30 10:37:00,MRK,75.14,5,ASK
2020-10-30 10:37:00,MRK,75.12,7,BID
2020-10-30 10:37:00,MRK,75.14,5,ASK
2020-10-30 10:37:00,MRK,75.12,7,BID
2020-10-30 10:37:00,MRK,75.14,5,ASK
2020-10-30 10:37:00,MRK,75.12,9,BID
2020-10-30 10:37:00,MRK,75.14,5,ASK
2020-10-30 10:37:00,MRK,75.12,9,BID
2020-10-30 10:37:00,MRK,75.14,5,ASK
2020-10-30 10:37:00,MRK,75.12,8,BID
2020-10-30 10:37:05,MRK,75.14,7,ASK
2020-10-30 10:37:00,MRK,75.12,8,BID
2020-10-30 10:37:06,MRK,75.14,8,ASK
2020-10-30 10:37:00,MRK,75.12,8,BID
2020-10-30 10:37:06,MRK,75.14,8,ASK
2020-10-30 10:37:00,MRK,75.12,8,BID
2020-10-30 10:37:06,MRK,75.14,8,ASK
2020-10-30 10:37:00,MRK,75.12,8,BID
2020-10-30 10:37:06,MRK,75.14,8,ASK
2020-10-30 10:37:00,MRK,75.12,8,BID
2020-10-30 10:37:06,MRK,75.14,9,ASK
2020-10-30 10:37:00,MRK,75.12,8,BID
2020-10-30 10:37:06,MRK,75.14,9,ASK
2020-10-30 10:37:00,MRK,75.12,8,BID
2020-10-30 10:37:06,MRK,75.14,9,ASK
2020-10-30 10:37:00,MRK,75.12,8,BID
2020-10-30 10:37:06,MRK,75.14,9,ASK
2020-10-30 10:37:00,MRK,75.12,8,BID
2020-10-30 10:37:06,MRK,75.14,9,ASK
2020-10-30 10:37:00,MRK,75.12,8,BID
2020-10-30 10:37:06,MRK,75.14,9,ASK
2020-10-30 10:37:00,MRK,75.12,8,BID
2020-10-30 10:37:06,MRK,75.14,9,ASK
2020-10-30 10:37:16,MRK,75.13,4,BID
2020-10-30 10:37:06,MRK,75.14,10,ASK
2020-10-30 10:37:16,MRK,75.13,3,BID
2020-10-30 10:37:06,MRK,75.14,11,ASK
2020-10-30 10:37:18,MRK,75.13,9,BID
2020-10-30 10:36:59,MRK,75.15,9,ASK
2020-10-30 10:37:19,MRK,75.13,11,BID
2020-10-30 10:37:19,MRK,75.15,10,ASK
2020-10-30 10:37:00,MRK,75.12,9,BID
2020-10-30 10:37:21,MRK,75.13,1,ASK
2020-10-30 10:37:22,MRK,75.13,2,BID
2020-10-30 10:37:22,MRK,75.14,6,ASK
2020-10-30 10:37:22,MRK,75.14,4,BID
2020-10-30 10:37:19,MRK,75.15,9,ASK
2020-10-30 10:37:23,MRK,75.14,4,BID
2020-10-30 10:37:19,MRK,75.15,9,ASK
2020-10-30 10:37:23,MRK,75.15,4,BID
2020-10-30 10:37:23,MRK,75.16,5,ASK
2020-10-30 10:37:23,MRK,75.14,6,BID
2020-10-30 10:37:25,MRK,75.15,1,ASK
2020-10-30 10:37:00,MRK,75.12,10,BID
2020-10-30 10:37:25,MRK,75.14,2,ASK
2020-10-30 10:37:00,MRK,75.12,9,BID
2020-10-30 10:37:26,MRK,75.13,2,ASK
2020-10-30 10:37:27,MRK,75.12,14,BID
2020-10-30 10:37:27,MRK,75.14,6,ASK
2020-10-30 10:37:27,MRK,75.12,13,BID
2020-10-30 10:37:28,MRK,75.14,8,ASK
2020-10-30 10:37:27,MRK,75.12,13,BID
2020-10-30 10:37:30,MRK,75.14,8,ASK
2020-10-30 10:37:27,MRK,75.12,13,BID
2020-10-30 10:37:30,MRK,75.14,8,ASK
2020-10-30 10:37:00,MRK,75.12,13,BID
2020-10-30 10:37:27,MRK,75.14,8,ASK
2020-10-30 10:37:31,MRK,75.13,1,BID
2020-10-30 10:37:27,MRK,75.14,8,ASK
2020-10-30 10:37:32,MRK,75.13,4,BID
2020-10-30 10:37:27,MRK,75.14,8,ASK
2020-10-30 10:37:33,MRK,75.13,7,BID
2020-10-30 10:37:27,MRK,75.14,8,ASK
2020-10-30 10:37:33,MRK,75.13,7,BID
2020-10-30 10:37:27,MRK,75.14,8,ASK
2020-10-30 10:37:34,MRK,75.14,5,BID
2020-10-30 10:37:35,MRK,75.16,6,ASK
2020-10-30 10:37:34,MRK,75.14,5,BID
2020-10-30 10:37:35,MRK,75.16,5,ASK
2020-10-30 10:37:34,MRK,75.14,6,BID
2020-10-30 10:37:35,MRK,75.16,5,ASK
2020-10-30 10:37:34,MRK,75.14,6,BID
2020-10-30 10:37:35,MRK,75.16,5,ASK
2020-10-30 10:37:34,MRK,75.14,6,BID
2020-10-30 10:37:35,MRK,75.16,5,ASK
2020-10-30 10:37:38,MRK,75.15,6,BID
2020-10-30 10:37:38,MRK,75.17,15,ASK
2020-10-30 10:37:38,MRK,75.15,6,BID
2020-10-30 10:37:39,MRK,75.17,11,ASK
2020-10-30 10:37:38,MRK,75.15,6,BID
2020-10-30 10:37:39,MRK,75.17,11,ASK
2020-10-30 10:37:38,MRK,75.15,6,BID
2020-10-30 10:37:40,MRK,75.17,11,ASK
2020-10-30 10:37:38,MRK,75.15,6,BID
2020-10-30 10:37:40,MRK,75.17,11,ASK
2020-10-30 10:37:42,MRK,75.16,2,BID
2020-10-30 10:37:42,MRK,75.18,3,ASK
2020-10-30 10:37:42,MRK,75.16,3,BID
2020-10-30 10:37:42,MRK,75.18,3,ASK
2020-10-30 10:37:45,MRK,75.16,2,BID
2020-10-30 10:37:45,MRK,75.17,3,ASK
2020-10-30 10:37:45,MRK,75.15,11,BID
2020-10-30 10:37:45,MRK,75.17,4,ASK
2020-10-30 10:37:46,MRK,75.16,2,BID
2020-10-30 10:37:46,MRK,75.19,16,ASK
2020-10-30 10:37:47,MRK,75.16,6,BID
2020-10-30 10:37:47,MRK,75.18,1,ASK
2020-10-30 10:37:47,MRK,75.16,11,BID
2020-10-30 10:37:46,MRK,75.19,16,ASK
2020-10-30 10:37:48,MRK,75.17,1,BID
2020-10-30 10:37:46,MRK,75.19,17,ASK
2020-10-30 10:37:49,MRK,75.17,3,BID
2020-10-30 10:37:46,MRK,75.19,17,ASK
2020-10-30 10:37:50,MRK,75.18,1,BID
2020-10-30 10:37:46,MRK,75.19,16,ASK
2020-10-30 10:37:51,MRK,75.17,7,BID
2020-10-30 10:37:51,MRK,75.18,2,ASK
2020-10-30 10:37:52,MRK,75.17,5,BID
2020-10-30 10:37:52,MRK,75.19,20,ASK
2020-10-30 10:37:52,MRK,75.18,4,BID
2020-10-30 10:37:52,MRK,75.19,19,ASK
2020-10-30 10:37:52,MRK,75.19,3,BID
2020-10-30 10:37:52,MRK,75.21,8,ASK
2020-10-30 10:37:53,MRK,75.19,3,BID
2020-10-30 10:37:53,MRK,75.21,10,ASK
2020-10-30 10:37:54,MRK,75.2,1,BID
2020-10-30 10:37:54,MRK,75.21,9,ASK
2020-10-30 10:37:54,MRK,75.2,1,BID
2020-10-30 10:37:54,MRK,75.21,9,ASK
2020-10-30 10:37:55,MRK,75.2,4,BID
2020-10-30 10:37:55,MRK,75.21,9,ASK
2020-10-30 10:37:55,MRK,75.2,4,BID
2020-10-30 10:37:55,MRK,75.21,10,ASK
2020-10-30 10:37:56,MRK,75.2,6,BID
2020-10-30 10:37:55,MRK,75.21,10,ASK
2020-10-30 10:37:57,MRK,75.19,8,BID
2020-10-30 10:37:57,MRK,75.21,15,ASK
2020-10-30 10:37:58,MRK,75.19,4,BID
2020-10-30 10:37:58,MRK,75.2,5,ASK
2020-10-30 10:37:59,MRK,75.19,6,BID
2020-10-30 10:38:00,MRK,75.2,8,ASK
2020-10-30 10:37:59,MRK,75.19,6,BID
2020-10-30 10:38:00,MRK,75.2,9,ASK
2020-10-30 10:37:59,MRK,75.19,8,BID
2020-10-30 10:37:57,MRK,75.21,14,ASK
2020-10-30 10:37:59,MRK,75.19,6,BID
2020-10-30 10:37:57,MRK,75.21,14,ASK
2020-10-30 10:37:59,MRK,75.19,6,BID
2020-10-30 10:38:02,MRK,75.2,2,ASK
2020-10-30 10:37:59,MRK,75.19,6,BID
2020-10-30 10:37:57,MRK,75.21,16,ASK
2020-10-30 10:37:59,MRK,75.19,7,BID
2020-10-30 10:37:57,MRK,75.21,16,ASK
2020-10-30 10:37:59,MRK,75.19,7,BID
2020-10-30 10:37:57,MRK,75.21,16,ASK
2020-10-30 10:37:59,MRK,75.19,7,BID
2020-10-30 10:37:57,MRK,75.21,16,ASK
2020-10-30 10:38:06,MRK,75.15,2,BID
2020-10-30 10:38:06,MRK,75.17,7,ASK
2020-10-30 10:38:07,MRK,75.14,8,BID
2020-10-30 10:38:07,MRK,75.16,7,ASK
2020-10-30 10:38:08,MRK,75.14,12,BID
2020-10-30 10:38:08,MRK,75.16,8,ASK
2020-10-30 10:38:08,MRK,75.14,12,BID
2020-10-30 10:38:08,MRK,75.16,8,ASK
2020-10-30 10:38:11,MRK,75.15,1,BID
2020-10-30 10:38:08,MRK,75.16,8,ASK
2020-10-30 10:38:12,MRK,75.15,1,BID
2020-10-30 10:38:12,MRK,75.16,11,ASK
2020-10-30 10:38:12,MRK,75.13,7,BID
2020-10-30 10:38:12,MRK,75.15,3,ASK
2020-10-30 10:38:13,MRK,75.13,1,BID
2020-10-30 10:38:13,MRK,75.14,8,ASK
2020-10-30 10:38:13,MRK,75.13,1,BID
2020-10-30 10:38:13,MRK,75.14,8,ASK
2020-10-30 10:38:13,MRK,75.13,1,BID
2020-10-30 10:38:13,MRK,75.14,8,ASK
2020-10-30 10:38:15,MRK,75.14,4,BID
2020-10-30 10:38:16,MRK,75.16,15,ASK
2020-10-30 10:38:15,MRK,75.13,3,BID
2020-10-30 10:38:17,MRK,75.15,5,ASK
2020-10-30 10:38:17,MRK,75.13,6,BID
2020-10-30 10:38:17,MRK,75.15,8,ASK
2020-10-30 10:38:17,MRK,75.13,5,BID
2020-10-30 10:38:18,MRK,75.15,11,ASK
2020-10-30 10:38:19,MRK,75.14,1,BID
2020-10-30 10:38:17,MRK,75.15,12,ASK
2020-10-30 10:38:20,MRK,75.14,3,BID
2020-10-30 10:38:17,MRK,75.15,11,ASK
2020-10-30 10:38:20,MRK,75.14,3,BID
2020-10-30 10:38:17,MRK,75.15,11,ASK
2020-10-30 10:38:20,MRK,75.14,3,BID
2020-10-30 10:38:17,MRK,75.15,11,ASK
2020-10-30 10:38:24,MRK,75.16,1,BID
2020-10-30 10:38:24,MRK,75.17,3,ASK
2020-10-30 10:38:25,MRK,75.16,8,BID
2020-10-30 10:38:25,MRK,75.17,1,ASK
2020-10-30 10:38:27,MRK,75.15,6,BID
2020-10-30 10:38:27,MRK,75.17,5,ASK
2020-10-30 10:38:27,MRK,75.15,6,BID
2020-10-30 10:38:28,MRK,75.16,1,ASK
2020-10-30 10:38:28,MRK,75.14,11,BID
2020-10-30 10:38:29,MRK,75.16,6,ASK
2020-10-30 10:38:30,MRK,75.14,11,BID
2020-10-30 10:38:30,MRK,75.16,3,ASK
2020-10-30 10:38:31,MRK,75.14,11,BID
2020-10-30 10:38:32,MRK,75.16,7,ASK
2020-10-30 10:38:32,MRK,75.14,12,BID
2020-10-30 10:38:32,MRK,75.16,7,ASK
2020-10-30 10:38:32,MRK,75.14,12,BID
2020-10-30 10:38:32,MRK,75.16,7,ASK
2020-10-30 10:38:35,MRK,75.12,9,BID
2020-10-30 10:38:35,MRK,75.14,6,ASK
2020-10-30 10:38:35,MRK,75.12,7,BID
2020-10-30 10:38:35,MRK,75.13,7,ASK
2020-10-30 10:38:37,MRK,75.12,8,BID
2020-10-30 10:38:37,MRK,75.13,8,ASK
2020-10-30 10:38:37,MRK,75.12,8,BID
2020-10-30 10:38:37,MRK,75.13,8,ASK
2020-10-30 10:38:37,MRK,75.12,8,BID
2020-10-30 10:38:37,MRK,75.13,8,ASK
2020-10-30 10:38:38,MRK,75.13,4,BID
2020-10-30 10:38:38,MRK,75.15,10,ASK
2020-10-30 10:38:40,MRK,75.14,2,BID
2020-10-30 10:38:40,MRK,75.16,4,ASK
2020-10-30 10:38:40,MRK,75.14,1,BID
2020-10-30 10:38:40,MRK,75.16,6,ASK
2020-10-30 10:38:41,MRK,75.14,1,BID
2020-10-30 10:38:41,MRK,75.16,4,ASK
2020-10-30 10:38:41,MRK,75.14,1,BID
2020-10-30 10:38:41,MRK,75.16,4,ASK
2020-10-30 10:38:44,MRK,75.15,4,BID
2020-10-30 10:38:44,MRK,75.16,3,ASK
2020-10-30 10:38:44,MRK,75.15,4,BID
2020-10-30 10:38:44,MRK,75.16,3,ASK
2020-10-30 10:38:46,MRK,75.16,6,BID
2020-10-30 10:38:47,MRK,75.18,5,ASK
2020-10-30 10:38:47,MRK,75.16,6,BID
2020-10-30 10:38:48,MRK,75.18,6,ASK
2020-10-30 10:38:47,MRK,75.16,6,BID
2020-10-30 10:38:48,MRK,75.18,6,ASK
2020-10-30 10:38:47,MRK,75.16,7,BID
2020-10-30 10:38:50,MRK,75.18,8,ASK
2020-10-30 10:38:50,MRK,75.17,1,BID
2020-10-30 10:38:50,MRK,75.18,8,ASK
2020-10-30 10:38:51,MRK,75.17,4,BID
2020-10-30 10:38:51,MRK,75.18,3,ASK
2020-10-30 10:38:51,MRK,75.18,2,BID
2020-10-30 10:38:51,MRK,75.2,1,ASK
2020-10-30 10:38:51,MRK,75.19,1,BID
2020-10-30 10:38:51,MRK,75.2,2,ASK
2020-10-30 10:38:53,MRK,75.18,1,BID
2020-10-30 10:38:53,MRK,75.2,5,ASK
2020-10-30 10:38:53,MRK,75.19,2,BID
2020-10-30 10:38:53,MRK,75.2,6,ASK
2020-10-30 10:38:53,MRK,75.19,2,BID
2020-10-30 10:38:53,MRK,75.2,6,ASK
2020-10-30 10:38:53,MRK,75.19,2,BID
2020-10-30 10:38:53,MRK,75.2,6,ASK
2020-10-30 10:38:56,MRK,75.2,1,BID
2020-10-30 10:38:56,MRK,75.21,1,ASK
2020-10-30 10:38:57,MRK,75.19,3,BID
2020-10-30 10:38:57,MRK,75.21,1,ASK
2020-10-30 10:38:59,MRK,75.19,2,BID
2020-10-30 10:38:59,MRK,75.21,4,ASK
2020-10-30 10:39:00,MRK,75.18,1,BID
2020-10-30 10:39:00,MRK,75.2,6,ASK
2020-10-30 10:39:01,MRK,75.17,9,BID
2020-10-30 10:39:01,MRK,75.19,7,ASK
2020-10-30 10:39:02,MRK,75.18,6,BID
2020-10-30 10:39:02,MRK,75.21,10,ASK
2020-10-30 10:39:02,MRK,75.19,2,BID
2020-10-30 10:39:02,MRK,75.21,9,ASK
2020-10-30 10:39:02,MRK,75.19,2,BID
2020-10-30 10:39:03,MRK,75.2,1,ASK
2020-10-30 10:39:04,MRK,75.18,7,BID
2020-10-30 10:39:04,MRK,75.2,4,ASK
2020-10-30 10:39:04,MRK,75.18,7,BID
2020-10-30 10:39:04,MRK,75.2,4,ASK
2020-10-30 10:39:05,MRK,75.18,5,BID
2020-10-30 10:39:03,MRK,75.21,13,ASK
2020-10-30 10:39:06,MRK,75.19,1,BID
2020-10-30 10:39:06,MRK,75.2,4,ASK
2020-10-30 10:39:07,MRK,75.19,1,BID
2020-10-30 10:39:06,MRK,75.2,4,ASK
2020-10-30 10:39:07,MRK,75.19,1,BID
2020-10-30 10:39:06,MRK,75.2,4,ASK
2020-10-30 10:39:07,MRK,75.18,10,BID
2020-10-30 10:39:06,MRK,75.2,4,ASK
2020-10-30 10:39:07,MRK,75.18,10,BID
2020-10-30 10:39:06,MRK,75.2,4,ASK
2020-10-30 10:39:07,MRK,75.18,10,BID
2020-10-30 10:39:10,MRK,75.2,8,ASK
2020-10-30 10:39:11,MRK,75.18,10,BID
2020-10-30 10:39:10,MRK,75.2,7,ASK
2020-10-30 10:39:11,MRK,75.18,10,BID
2020-10-30 10:39:10,MRK,75.2,7,ASK
2020-10-30 10:39:11,MRK,75.18,11,BID
2020-10-30 10:39:10,MRK,75.2,8,ASK
2020-10-30 10:39:15,MRK,75.19,1,BID
2020-10-30 10:39:15,MRK,75.2,12,ASK
2020-10-30 10:39:17,MRK,75.19,2,BID
2020-10-30 10:39:15,MRK,75.2,11,ASK
2020-10-30 10:39:11,MRK,75.18,10,BID
2020-10-30 10:39:20,MRK,75.19,7,ASK
2020-10-30 10:39:20,MRK,75.18,10,BID
2020-10-30 10:39:20,MRK,75.19,7,ASK
2020-10-30 10:39:22,MRK,75.18,10,BID
2020-10-30 10:39:20,MRK,75.19,5,ASK
2020-10-30 10:39:26,MRK,75.19,9,BID
2020-10-30 10:39:26,MRK,75.2,1,ASK
2020-10-30 10:39:27,MRK,75.18,12,BID
2020-10-30 10:39:27,MRK,75.2,4,ASK
2020-10-30 10:39:28,MRK,75.18,11,BID
2020-10-30 10:39:29,MRK,75.2,9,ASK
2020-10-30 10:39:28,MRK,75.18,11,BID
2020-10-30 10:39:03,MRK,75.21,14,ASK
2020-10-30 10:39:28,MRK,75.18,11,BID
2020-10-30 10:39:30,MRK,75.2,7,ASK
2020-10-30 10:39:32,MRK,75.19,3,BID
2020-10-30 10:39:32,MRK,75.2,7,ASK
2020-10-30 10:39:32,MRK,75.19,3,BID
2020-10-30 10:39:32,MRK,75.2,7,ASK
2020-10-30 10:39:32,MRK,75.19,3,BID
2020-10-30 10:39:32,MRK,75.2,7,ASK
2020-10-30 10:39:33,MRK,75.19,2,BID
2020-10-30 10:39:33,MRK,75.2,7,ASK
2020-10-30 10:39:36,MRK,75.16,4,BID
2020-10-30 10:39:35,MRK,75.18,4,ASK
2020-10-30 10:39:36,MRK,75.16,4,BID
2020-10-30 10:39:35,MRK,75.18,4,ASK
2020-10-30 10:39:38,MRK,75.18,5,BID
2020-10-30 10:39:38,MRK,75.2,9,ASK
2020-10-30 10:39:39,MRK,75.18,9,BID
2020-10-30 10:39:39,MRK,75.2,8,ASK
2020-10-30 10:39:40,MRK,75.19,5,BID
2020-10-30 10:39:40,MRK,75.2,10,ASK
2020-10-30 10:39:40,MRK,75.19,5,BID
2020-10-30 10:39:40,MRK,75.2,10,ASK
2020-10-30 10:39:42,MRK,75.19,8,BID
2020-10-30 10:39:40,MRK,75.2,10,ASK
2020-10-30 10:39:45,MRK,75.19,10,BID
2020-10-30 10:39:45,MRK,75.2,1,ASK
2020-10-30 10:39:46,MRK,75.2,6,BID
2020-10-30 10:39:03,MRK,75.21,12,ASK
2020-10-30 10:39:46,MRK,75.2,8,BID
2020-10-30 10:39:03,MRK,75.21,12,ASK
2020-10-30 10:39:46,MRK,75.2,8,BID
2020-10-30 10:39:03,MRK,75.21,12,ASK
2020-10-30 10:39:47,MRK,75.18,10,BID
2020-10-30 10:39:47,MRK,75.2,6,ASK
2020-10-30 10:39:48,MRK,75.19,4,BID
2020-10-30 10:39:03,MRK,75.21,15,ASK
2020-10-30 10:39:49,MRK,75.18,11,BID
2020-10-30 10:39:49,MRK,75.2,3,ASK
2020-10-30 10:39:51,MRK,75.18,2,BID
2020-10-30 10:39:51,MRK,75.2,5,ASK
2020-10-30 10:39:51,MRK,75.18,2,BID
2020-10-30 10:39:51,MRK,75.2,5,ASK
2020-10-30 10:39:56,MRK,75.2,4,BID
2020-10-30 10:39:03,MRK,75.21,12,ASK
2020-10-30 10:39:56,MRK,75.19,8,BID
2020-10-30 10:39:56,MRK,75.21,14,ASK
2020-10-30 10:39:58,MRK,75.2,3,BID
2020-10-30 10:39:56,MRK,75.21,12,ASK
2020-10-30 10:39:56,MRK,75.19,9,BID
2020-10-30 10:39:59,MRK,75.2,1,ASK
2020-10-30 10:40:00,MRK,75.17,9,BID
2020-10-30 10:40:00,MRK,75.19,5,ASK
2020-10-30 10:40:00,MRK,75.17,8,BID
2020-10-30 10:40:00,MRK,75.18,1,ASK
2020-10-30 10:40:00,MRK,75.17,8,BID
2020-10-30 10:40:00,MRK,75.18,1,ASK
2020-10-30 10:40:00,MRK,75.17,8,BID
2020-10-30 10:40:00,MRK,75.18,1,ASK
2020-10-30 10:40:00,MRK,75.17,8,BID
2020-10-30 10:40:00,MRK,75.18,1,ASK
2020-10-30 10:40:00,MRK,75.17,7,BID
2020-10-30 10:40:00,MRK,75.19,5,ASK
2020-10-30 10:40:00,MRK,75.17,7,BID
2020-10-30 10:40:00,MRK,75.19,8,ASK
2020-10-30 10:40:00,MRK,75.17,7,BID
2020-10-30 10:40:00,MRK,75.19,8,ASK
2020-10-30 10:40:01,MRK,75.16,6,BID
2020-10-30 10:40:01,MRK,75.17,1,ASK
2020-10-30 10:40:01,MRK,75.15,7,BID
2020-10-30 10:40:01,MRK,75.17,3,ASK
2020-10-30 10:40:02,MRK,75.13,1,BID
2020-10-30 10:40:02,MRK,75.14,1,ASK
2020-10-30 10:40:03,MRK,75.1,5,BID
2020-10-30 10:40:03,MRK,75.12,3,ASK
2020-10-30 10:40:03,MRK,75.11,1,BID
2020-10-30 10:40:03,MRK,75.12,6,ASK
2020-10-30 10:40:05,MRK,75.11,2,BID
2020-10-30 10:40:04,MRK,75.13,6,ASK
2020-10-30 10:40:06,MRK,75.1,9,BID
2020-10-30 10:40:05,MRK,75.13,4,ASK
2020-10-30 10:40:06,MRK,75.1,9,BID
2020-10-30 10:40:05,MRK,75.13,4,ASK
2020-10-30 10:40:08,MRK,75.1,9,BID
2020-10-30 10:40:08,MRK,75.13,7,ASK
2020-10-30 10:40:10,MRK,75.1,10,BID
2020-10-30 10:40:08,MRK,75.13,7,ASK
2020-10-30 10:40:10,MRK,75.1,10,BID
2020-10-30 10:40:08,MRK,75.13,7,ASK
2020-10-30 10:40:11,MRK,75.1,9,BID
2020-10-30 10:40:08,MRK,75.13,7,ASK
2020-10-30 10:40:11,MRK,75.1,9,BID
2020-10-30 10:40:08,MRK,75.13,7,ASK
2020-10-30 10:40:13,MRK,75.1,8,BID
2020-10-30 10:40:13,MRK,75.13,7,ASK
2020-10-30 10:36:51,MRK,75.09,19,BID
2020-10-30 10:40:13,MRK,75.11,7,ASK
2020-10-30 10:36:46,MRK,75.07,11,BID
2020-10-30 10:40:14,MRK,75.1,13,ASK
2020-10-30 10:36:46,MRK,75.07,11,BID
2020-10-30 10:40:14,MRK,75.1,17,ASK
2020-10-30 10:36:46,MRK,75.07,11,BID
2020-10-30 10:40:14,MRK,75.1,16,ASK
2020-10-30 10:36:46,MRK,75.07,11,BID
2020-10-30 10:40:14,MRK,75.1,16,ASK
2020-10-30 10:36:46,MRK,75.07,11,BID
2020-10-30 10:40:14,MRK,75.1,16,ASK
2020-10-30 10:36:46,MRK,75.07,11,BID
2020-10-30 10:40:14,MRK,75.1,16,ASK
2020-10-30 10:36:46,MRK,75.07,11,BID
2020-10-30 10:40:14,MRK,75.1,16,ASK
2020-10-30 10:36:46,MRK,75.07,11,BID
2020-10-30 10:40:14,MRK,75.1,16,ASK
2020-10-30 10:36:46,MRK,75.07,11,BID
2020-10-30 10:40:14,MRK,75.1,16,ASK
2020-10-30 10:36:46,MRK,75.07,11,BID
2020-10-30 10:40:14,MRK,75.1,16,ASK
2020-10-30 10:36:46,MRK,75.07,11,BID
2020-10-30 10:40:14,MRK,75.1,16,ASK
2020-10-30 10:36:46,MRK,75.07,11,BID
2020-10-30 10:40:14,MRK,75.1,16,ASK
2020-10-30 10:40:28,MRK,75.09,4,BID
2020-10-30 10:40:23,MRK,75.11,11,ASK
2020-10-30 10:40:26,MRK,75.08,3,BID
2020-10-30 10:40:30,MRK,75.1,3,ASK
2020-10-30 10:40:31,MRK,75.08,1,BID
2020-10-30 10:40:31,MRK,75.1,5,ASK
2020-10-30 10:40:32,MRK,75.05,5,BID
2020-10-30 10:40:32,MRK,75.06,4,ASK
2020-10-30 10:40:32,MRK,75.04,4,BID
2020-10-30 10:40:32,MRK,75.06,5,ASK
2020-10-30 10:40:33,MRK,75.05,5,BID
2020-10-30 10:40:33,MRK,75.07,9,ASK
2020-10-30 10:40:34,MRK,75.04,7,BID
2020-10-30 10:40:34,MRK,75.07,8,ASK
2020-10-30 10:40:35,MRK,75.05,3,BID
2020-10-30 10:40:34,MRK,75.07,9,ASK
2020-10-30 10:40:36,MRK,75.06,1,BID
2020-10-30 10:40:35,MRK,75.07,8,ASK
2020-10-30 10:40:37,MRK,75.07,5,BID
2020-10-30 10:40:37,MRK,75.09,6,ASK
2020-10-30 10:40:37,MRK,75.08,1,BID
2020-10-30 10:40:37,MRK,75.1,9,ASK
2020-10-30 10:40:39,MRK,75.07,6,BID
2020-10-30 10:40:39,MRK,75.09,3,ASK
2020-10-30 10:40:39,MRK,75.07,6,BID
2020-10-30 10:40:39,MRK,75.09,3,ASK
2020-10-30 10:40:39,MRK,75.07,6,BID
2020-10-30 10:40:39,MRK,75.09,3,ASK
2020-10-30 10:40:43,MRK,75.07,9,BID
2020-10-30 10:40:43,MRK,75.09,4,ASK
2020-10-30 10:40:45,MRK,75.08,4,BID
2020-10-30 10:40:45,MRK,75.09,5,ASK
2020-10-30 10:40:45,MRK,75.08,3,BID
2020-10-30 10:40:45,MRK,75.09,5,ASK
2020-10-30 10:40:47,MRK,75.08,2,BID
2020-10-30 10:40:45,MRK,75.09,5,ASK
2020-10-30 10:40:48,MRK,75.07,8,BID
2020-10-30 10:40:48,MRK,75.09,6,ASK
2020-10-30 10:40:50,MRK,75.05,4,BID
2020-10-30 10:40:50,MRK,75.08,3,ASK
2020-10-30 10:40:51,MRK,75.04,9,BID
2020-10-30 10:40:51,MRK,75.06,7,ASK
2020-10-30 10:40:51,MRK,75.04,9,BID
2020-10-30 10:40:51,MRK,75.05,5,ASK
2020-10-30 10:40:53,MRK,75.03,9,BID
2020-10-30 10:40:53,MRK,75.05,5,ASK
2020-10-30 10:40:54,MRK,75.04,5,BID
2020-10-30 10:40:54,MRK,75.05,5,ASK
2020-10-30 10:40:55,MRK,75.05,6,BID
2020-10-30 10:40:55,MRK,75.06,1,ASK
2020-10-30 10:40:54,MRK,75.04,11,BID
2020-10-30 10:40:55,MRK,75.06,2,ASK
2020-10-30 10:40:54,MRK,75.04,10,BID
2020-10-30 10:40:55,MRK,75.06,2,ASK
2020-10-30 10:40:57,MRK,75.04,3,BID
2020-10-30 10:40:57,MRK,75.05,4,ASK
2020-10-30 10:40:57,MRK,75.04,3,BID
2020-10-30 10:40:58,MRK,75.05,7,ASK
2020-10-30 10:40:57,MRK,75.04,3,BID
2020-10-30 10:40:59,MRK,75.05,7,ASK
2020-10-30 10:41:00,MRK,75.04,2,BID
2020-10-30 10:41:00,MRK,75.06,6,ASK
2020-10-30 10:41:01,MRK,75.04,4,BID
2020-10-30 10:41:01,MRK,75.06,9,ASK
2020-10-30 10:41:01,MRK,75.03,14,BID
2020-10-30 10:41:02,MRK,75.05,1,ASK
2020-10-30 10:41:04,MRK,75.04,1,BID
2020-10-30 10:41:04,MRK,75.06,9,ASK
2020-10-30 10:41:04,MRK,75.04,4,BID
2020-10-30 10:41:04,MRK,75.06,9,ASK
2020-10-30 10:41:05,MRK,75.04,4,BID
2020-10-30 10:41:05,MRK,75.05,1,ASK
2020-10-30 10:41:06,MRK,75.03,13,BID
2020-10-30 10:41:06,MRK,75.05,5,ASK
2020-10-30 10:41:06,MRK,75.03,16,BID
2020-10-30 10:41:07,MRK,75.06,10,ASK
2020-10-30 10:41:08,MRK,75.04,3,BID
2020-10-30 10:41:07,MRK,75.06,7,ASK
2020-10-30 10:41:06,MRK,75.03,16,BID
2020-10-30 10:41:10,MRK,75.05,7,ASK
2020-10-30 10:41:10,MRK,75.04,3,BID
2020-10-30 10:41:10,MRK,75.05,6,ASK
2020-10-30 10:41:06,MRK,75.03,13,BID
2020-10-30 10:41:11,MRK,75.05,7,ASK
2020-10-30 10:41:06,MRK,75.03,13,BID
2020-10-30 10:41:13,MRK,75.05,5,ASK
2020-10-30 10:41:06,MRK,75.03,13,BID
2020-10-30 10:41:13,MRK,75.05,4,ASK
2020-10-30 10:41:16,MRK,75.02,1,BID
2020-10-30 10:41:16,MRK,75.04,11,ASK
2020-10-30 10:41:16,MRK,75.03,3,BID
2020-10-30 10:41:16,MRK,75.05,5,ASK
2020-10-30 10:41:17,MRK,75.02,4,BID
2020-10-30 10:41:17,MRK,75.03,5,ASK
2020-10-30 10:41:18,MRK,75.02,2,BID
2020-10-30 10:41:18,MRK,75.03,9,ASK
2020-10-30 10:41:19,MRK,75.01,4,BID
2020-10-30 10:41:18,MRK,75.03,12,ASK
2020-10-30 10:41:20,MRK,75.0,40,BID
2020-10-30 10:41:20,MRK,75.02,6,ASK
2020-10-30 10:41:21,MRK,75.0,40,BID
2020-10-30 10:41:21,MRK,75.02,6,ASK
2020-10-30 10:41:22,MRK,75.0,73,BID
2020-10-30 10:41:22,MRK,75.01,3,ASK
2020-10-30 10:41:22,MRK,74.99,4,BID
2020-10-30 10:41:22,MRK,75.0,5,ASK
2020-10-30 10:41:22,MRK,74.98,5,BID
2020-10-30 10:41:22,MRK,75.01,9,ASK
2020-10-30 10:41:23,MRK,74.98,8,BID
2020-10-30 10:41:23,MRK,75.0,5,ASK
2020-10-30 10:41:23,MRK,75.0,4,BID
2020-10-30 10:41:23,MRK,75.01,10,ASK
2020-10-30 10:41:24,MRK,75.0,4,BID
2020-10-30 10:41:23,MRK,75.01,9,ASK
2020-10-30 10:41:25,MRK,74.98,14,BID
2020-10-30 10:41:25,MRK,75.0,5,ASK
2020-10-30 10:41:25,MRK,74.97,7,BID
2020-10-30 10:41:26,MRK,74.99,7,ASK
2020-10-30 10:41:26,MRK,74.99,1,BID
2020-10-30 10:41:26,MRK,75.0,9,ASK
2020-10-30 10:41:27,MRK,74.99,2,BID
2020-10-30 10:41:26,MRK,75.0,9,ASK
2020-10-30 10:41:28,MRK,74.98,6,BID
2020-10-30 10:41:28,MRK,74.99,1,ASK
2020-10-30 10:41:28,MRK,74.98,4,BID
2020-10-30 10:41:28,MRK,74.99,2,ASK
2020-10-30 10:41:29,MRK,74.98,7,BID
2020-10-30 10:41:29,MRK,74.99,1,ASK
2020-10-30 10:41:30,MRK,74.98,7,BID
2020-10-30 10:41:27,MRK,75.0,10,ASK
2020-10-30 10:41:31,MRK,74.99,1,BID
2020-10-30 10:41:27,MRK,75.0,10,ASK
2020-10-30 10:41:34,MRK,74.98,5,BID
2020-10-30 10:41:27,MRK,75.0,11,ASK
2020-10-30 10:41:35,MRK,74.97,7,BID
2020-10-30 10:41:35,MRK,74.99,6,ASK
2020-10-30 10:41:35,MRK,74.97,7,BID
2020-10-30 10:41:36,MRK,74.99,6,ASK
2020-10-30 10:41:35,MRK,74.97,7,BID
2020-10-30 10:41:36,MRK,74.98,2,ASK
2020-10-30 10:41:35,MRK,74.97,7,BID
2020-10-30 10:41:36,MRK,74.99,8,ASK
2020-10-30 10:41:35,MRK,74.97,7,BID
2020-10-30 10:41:40,MRK,74.99,10,ASK
2020-10-30 10:41:41,MRK,74.95,15,BID
2020-10-30 10:41:41,MRK,74.96,1,ASK
2020-10-30 10:41:41,MRK,74.95,15,BID
2020-10-30 10:41:41,MRK,74.96,5,ASK
2020-10-30 10:41:42,MRK,74.95,14,BID
2020-10-30 10:41:42,MRK,74.96,9,ASK
2020-10-30 10:41:43,MRK,74.95,14,BID
2020-10-30 10:41:43,MRK,74.97,8,ASK
2020-10-30 10:41:43,MRK,74.95,14,BID
2020-10-30 10:41:43,MRK,74.97,7,ASK
2020-10-30 10:41:44,MRK,74.95,14,BID
2020-10-30 10:41:43,MRK,74.97,7,ASK
2020-10-30 10:41:45,MRK,74.96,4,BID
2020-10-30 10:41:43,MRK,74.97,8,ASK
2020-10-30 10:41:45,MRK,74.96,4,BID
2020-10-30 10:41:43,MRK,74.97,7,ASK
2020-10-30 10:41:47,MRK,74.97,2,BID
2020-10-30 10:41:46,MRK,74.98,7,ASK
2020-10-30 10:41:47,MRK,74.97,4,BID
2020-10-30 10:41:47,MRK,74.98,7,ASK
2020-10-30 10:41:47,MRK,74.97,6,BID
2020-10-30 10:41:49,MRK,74.98,7,ASK
2020-10-30 10:41:50,MRK,74.99,6,BID
2020-10-30 10:41:50,MRK,75.0,2,ASK
2020-10-30 10:41:49,MRK,74.98,12,BID
2020-10-30 10:41:50,MRK,75.0,10,ASK
2020-10-30 10:41:47,MRK,74.97,6,BID
2020-10-30 10:41:50,MRK,74.98,1,ASK
2020-10-30 10:41:50,MRK,74.97,5,BID
2020-10-30 10:41:50,MRK,74.98,31,ASK
2020-10-30 10:41:51,MRK,74.97,5,BID
2020-10-30 10:41:51,MRK,74.98,30,ASK
2020-10-30 10:41:52,MRK,74.95,14,BID
2020-10-30 10:41:52,MRK,74.97,7,ASK
2020-10-30 10:41:52,MRK,74.95,14,BID
2020-10-30 10:41:52,MRK,74.97,7,ASK
2020-10-30 10:41:54,MRK,74.96,5,BID
2020-10-30 10:41:54,MRK,74.98,17,ASK
2020-10-30 10:41:55,MRK,74.96,6,BID
2020-10-30 10:41:54,MRK,74.98,16,ASK
2020-10-30 10:41:56,MRK,74.96,5,BID
2020-10-30 10:41:56,MRK,74.98,17,ASK
2020-10-30 10:41:56,MRK,74.96,5,BID
2020-10-30 10:41:56,MRK,74.98,17,ASK
2020-10-30 10:41:56,MRK,74.96,5,BID
2020-10-30 10:41:56,MRK,74.98,17,ASK
2020-10-30 10:41:59,MRK,74.96,7,BID
2020-10-30 10:41:59,MRK,74.98,17,ASK
2020-10-30 10:42:00,MRK,74.93,2,BID
2020-10-30 10:42:00,MRK,74.95,9,ASK
2020-10-30 10:42:00,MRK,74.93,6,BID
2020-10-30 10:42:00,MRK,74.95,14,ASK
2020-10-30 10:42:01,MRK,74.93,6,BID
2020-10-30 10:42:00,MRK,74.95,11,ASK
2020-10-30 10:42:02,MRK,74.93,8,BID
2020-10-30 10:42:00,MRK,74.95,11,ASK
2020-10-30 10:42:03,MRK,74.92,4,BID
2020-10-30 10:42:03,MRK,74.94,5,ASK
2020-10-30 10:42:03,MRK,74.91,3,BID
2020-10-30 10:42:03,MRK,74.93,5,ASK
2020-10-30 10:42:04,MRK,74.9,21,BID
2020-10-30 10:42:04,MRK,74.91,5,ASK
2020-10-30 10:42:04,MRK,74.9,21,BID
2020-10-30 10:42:04,MRK,74.91,6,ASK
2020-10-30 10:42:04,MRK,74.9,21,BID
2020-10-30 10:42:04,MRK,74.91,5,ASK
2020-10-30 10:42:05,MRK,74.89,3,BID
2020-10-30 10:42:05,MRK,74.9,3,ASK
2020-10-30 10:42:06,MRK,74.89,3,BID
2020-10-30 10:42:06,MRK,74.91,10,ASK
2020-10-30 10:42:07,MRK,74.89,9,BID
2020-10-30 10:42:07,MRK,74.91,16,ASK
2020-10-30 10:42:07,MRK,74.89,10,BID
2020-10-30 10:42:07,MRK,74.91,16,ASK
2020-10-30 10:42:09,MRK,74.9,10,BID
2020-10-30 10:42:09,MRK,74.91,3,ASK
2020-10-30 10:42:11,MRK,74.91,3,BID
2020-10-30 10:42:11,MRK,74.93,11,ASK
2020-10-30 10:42:11,MRK,74.92,10,BID
2020-10-30 10:42:11,MRK,74.94,8,ASK
2020-10-30 10:42:12,MRK,74.93,1,BID
2020-10-30 10:42:12,MRK,74.94,8,ASK
2020-10-30 10:42:13,MRK,74.94,5,BID
2020-10-30 10:42:13,MRK,74.96,10,ASK
2020-10-30 10:42:13,MRK,74.94,6,BID
2020-10-30 10:42:13,MRK,74.97,8,ASK
2020-10-30 10:42:15,MRK,74.95,1,BID
2020-10-30 10:42:15,MRK,74.96,1,ASK
2020-10-30 10:42:15,MRK,74.95,6,BID
2020-10-30 10:42:15,MRK,74.97,11,ASK
2020-10-30 10:42:16,MRK,74.95,6,BID
2020-10-30 10:42:17,MRK,74.97,14,ASK
2020-10-30 10:42:16,MRK,74.95,6,BID
2020-10-30 10:42:18,MRK,74.97,14,ASK
2020-10-30 10:42:13,MRK,74.94,5,BID
2020-10-30 10:42:18,MRK,74.95,6,ASK
2020-10-30 10:42:13,MRK,74.94,5,BID
2020-10-30 10:42:18,MRK,74.95,5,ASK
2020-10-30 10:42:13,MRK,74.94,6,BID
2020-10-30 10:42:18,MRK,74.95,5,ASK
2020-10-30 10:42:13,MRK,74.94,6,BID
2020-10-30 10:42:18,MRK,74.95,5,ASK
2020-10-30 10:42:23,MRK,74.94,8,BID
2020-10-30 10:42:18,MRK,74.95,5,ASK
2020-10-30 10:42:25,MRK,74.94,8,BID
2020-10-30 10:42:18,MRK,74.95,5,ASK
2020-10-30 10:42:25,MRK,74.95,6,BID
2020-10-30 10:42:26,MRK,74.97,7,ASK
2020-10-30 10:42:27,MRK,74.95,5,BID
2020-10-30 10:42:27,MRK,74.96,4,ASK
2020-10-30 10:42:28,MRK,74.95,6,BID
2020-10-30 10:42:28,MRK,74.97,7,ASK
2020-10-30 10:42:29,MRK,74.95,7,BID
2020-10-30 10:42:29,MRK,74.97,13,ASK
2020-10-30 10:42:29,MRK,74.95,7,BID
2020-10-30 10:42:29,MRK,74.97,12,ASK
2020-10-30 10:42:29,MRK,74.95,7,BID
2020-10-30 10:42:31,MRK,74.97,12,ASK
2020-10-30 10:42:29,MRK,74.95,7,BID
2020-10-30 10:42:32,MRK,74.97,15,ASK
2020-10-30 10:42:29,MRK,74.95,7,BID
2020-10-30 10:42:35,MRK,74.97,14,ASK
2020-10-30 10:42:36,MRK,74.94,6,BID
2020-10-30 10:42:36,MRK,74.95,5,ASK
2020-10-30 10:42:36,MRK,74.94,6,BID
2020-10-30 10:42:37,MRK,74.96,8,ASK
2020-10-30 10:42:38,MRK,74.92,9,BID
2020-10-30 10:42:38,MRK,74.93,4,ASK
2020-10-30 10:42:38,MRK,74.92,9,BID
2020-10-30 10:42:38,MRK,74.93,6,ASK
2020-10-30 10:42:38,MRK,74.92,9,BID
2020-10-30 10:42:38,MRK,74.93,6,ASK
2020-10-30 10:42:09,MRK,74.9,11,BID
2020-10-30 10:42:40,MRK,74.92,2,ASK
2020-10-30 10:42:42,MRK,74.91,6,BID
2020-10-30 10:42:42,MRK,74.93,8,ASK
2020-10-30 10:42:44,MRK,74.91,7,BID
2020-10-30 10:42:44,MRK,74.93,11,ASK
2020-10-30 10:42:44,MRK,74.91,8,BID
2020-10-30 10:42:44,MRK,74.93,8,ASK
2020-10-30 10:42:45,MRK,74.91,8,BID
2020-10-30 10:42:44,MRK,74.93,9,ASK
2020-10-30 10:42:45,MRK,74.91,7,BID
2020-10-30 10:42:44,MRK,74.93,9,ASK
2020-10-30 10:42:48,MRK,74.92,1,BID
2020-10-30 10:42:44,MRK,74.93,9,ASK
2020-10-30 10:42:45,MRK,74.91,10,BID
2020-10-30 10:42:44,MRK,74.93,9,ASK
2020-10-30 10:42:50,MRK,74.92,1,BID
2020-10-30 10:42:44,MRK,74.93,9,ASK
2020-10-30 10:42:45,MRK,74.91,9,BID
2020-10-30 10:42:51,MRK,74.92,5,ASK
2020-10-30 10:42:45,MRK,74.91,8,BID
2020-10-30 10:42:52,MRK,74.92,5,ASK
2020-10-30 10:42:53,MRK,74.92,1,BID
2020-10-30 10:42:53,MRK,74.93,9,ASK
2020-10-30 10:42:54,MRK,74.92,3,BID
2020-10-30 10:42:54,MRK,74.93,1,ASK
2020-10-30 10:42:54,MRK,74.92,3,BID
2020-10-30 10:42:54,MRK,74.93,1,ASK
2020-10-30 10:42:54,MRK,74.92,3,BID
2020-10-30 10:42:54,MRK,74.93,1,ASK
2020-10-30 10:42:45,MRK,74.91,10,BID
2020-10-30 10:42:57,MRK,74.93,9,ASK
2020-10-30 10:42:57,MRK,74.92,1,BID
2020-10-30 10:42:57,MRK,74.93,9,ASK
2020-10-30 10:42:45,MRK,74.91,9,BID
2020-10-30 10:42:57,MRK,74.93,9,ASK
2020-10-30 10:42:45,MRK,74.91,9,BID
2020-10-30 10:42:57,MRK,74.93,9,ASK
2020-10-30 10:42:45,MRK,74.91,9,BID
2020-10-30 10:42:57,MRK,74.93,9,ASK
2020-10-30 10:43:00,MRK,74.93,3,BID
2020-10-30 10:43:00,MRK,74.94,8,ASK
2020-10-30 10:43:00,MRK,74.92,4,BID
2020-10-30 10:43:00,MRK,74.94,8,ASK
2020-10-30 10:43:00,MRK,74.92,5,BID
2020-10-30 10:43:00,MRK,74.94,8,ASK
2020-10-30 10:43:01,MRK,74.93,1,BID
2020-10-30 10:43:01,MRK,74.94,8,ASK
2020-10-30 10:43:02,MRK,74.95,3,BID
2020-10-30 10:42:35,MRK,74.97,14,ASK
2020-10-30 10:43:02,MRK,74.95,5,BID
2020-10-30 10:42:35,MRK,74.97,13,ASK
2020-10-30 10:43:02,MRK,74.95,5,BID
2020-10-30 10:42:35,MRK,74.97,12,ASK
2020-10-30 10:43:03,MRK,74.97,2,BID
2020-10-30 10:43:03,MRK,74.99,4,ASK
2020-10-30 10:43:03,MRK,74.97,2,BID
2020-10-30 10:43:03,MRK,74.99,4,ASK
2020-10-30 10:43:03,MRK,74.97,4,BID
2020-10-30 10:43:03,MRK,74.99,6,ASK
2020-10-30 10:43:04,MRK,74.98,3,BID
2020-10-30 10:43:04,MRK,74.99,2,ASK
2020-10-30 10:43:04,MRK,74.98,3,BID
2020-10-30 10:43:04,MRK,74.99,2,ASK
2020-10-30 10:43:05,MRK,74.95,3,BID
2020-10-30 10:43:05,MRK,74.97,6,ASK
2020-10-30 10:43:05,MRK,74.95,5,BID
2020-10-30 10:43:05,MRK,74.97,2,ASK
2020-10-30 10:43:05,MRK,74.95,5,BID
2020-10-30 10:43:05,MRK,74.97,2,ASK
2020-10-30 10:43:05,MRK,74.95,5,BID
2020-10-30 10:43:05,MRK,74.97,2,ASK
2020-10-30 10:43:07,MRK,74.94,7,BID
2020-10-30 10:43:07,MRK,74.97,7,ASK
2020-10-30 10:43:07,MRK,74.94,10,BID
2020-10-30 10:43:07,MRK,74.97,7,ASK
2020-10-30 10:43:07,MRK,74.94,10,BID
2020-10-30 10:43:07,MRK,74.97,7,ASK
2020-10-30 10:43:07,MRK,74.94,10,BID
2020-10-30 10:43:07,MRK,74.97,7,ASK
2020-10-30 10:43:07,MRK,74.94,10,BID
2020-10-30 10:43:07,MRK,74.97,7,ASK
2020-10-30 10:43:07,MRK,74.94,5,BID
2020-10-30 10:43:07,MRK,74.97,7,ASK
2020-10-30 10:43:07,MRK,74.94,5,BID
2020-10-30 10:43:07,MRK,74.97,7,ASK
2020-10-30 10:43:07,MRK,74.94,5,BID
2020-10-30 10:43:07,MRK,74.97,7,ASK
2020-10-30 10:43:07,MRK,74.94,5,BID
2020-10-30 10:43:07,MRK,74.97,7,ASK
2020-10-30 10:43:07,MRK,74.94,5,BID
2020-10-30 10:43:14,MRK,74.97,7,ASK
2020-10-30 10:43:07,MRK,74.94,5,BID
2020-10-30 10:43:14,MRK,74.97,7,ASK
2020-10-30 10:43:07,MRK,74.94,5,BID
2020-10-30 10:43:14,MRK,74.97,7,ASK
2020-10-30 10:43:07,MRK,74.94,6,BID
2020-10-30 10:43:14,MRK,74.97,5,ASK
2020-10-30 10:43:17,MRK,74.94,10,BID
2020-10-30 10:43:14,MRK,74.97,6,ASK
2020-10-30 10:43:18,MRK,74.94,9,BID
2020-10-30 10:43:14,MRK,74.97,6,ASK
2020-10-30 10:43:18,MRK,74.94,9,BID
2020-10-30 10:43:14,MRK,74.97,6,ASK
2020-10-30 10:43:18,MRK,74.94,9,BID
2020-10-30 10:43:14,MRK,74.97,6,ASK
2020-10-30 10:43:20,MRK,74.94,8,BID
2020-10-30 10:43:14,MRK,74.97,6,ASK
2020-10-30 10:43:20,MRK,74.94,8,BID
2020-10-30 10:43:14,MRK,74.97,6,ASK
2020-10-30 10:43:00,MRK,74.92,6,BID
2020-10-30 10:43:21,MRK,74.95,11,ASK
2020-10-30 10:43:21,MRK,74.92,8,BID
2020-10-30 10:43:21,MRK,74.95,11,ASK
2020-10-30 10:43:22,MRK,74.92,6,BID
2020-10-30 10:43:22,MRK,74.95,11,ASK
2020-10-30 10:42:09,MRK,74.9,11,BID
2020-10-30 10:43:22,MRK,74.93,7,ASK
2020-10-30 10:43:23,MRK,74.89,6,BID
2020-10-30 10:43:23,MRK,74.92,8,ASK
2020-10-30 10:43:23,MRK,74.87,3,BID
2020-10-30 10:43:23,MRK,74.9,5,ASK
2020-10-30 10:43:23,MRK,74.87,3,BID
2020-10-30 10:43:23,MRK,74.9,5,ASK
2020-10-30 10:43:23,MRK,74.87,3,BID
2020-10-30 10:43:23,MRK,74.9,5,ASK
2020-10-30 10:43:23,MRK,74.87,3,BID
2020-10-30 10:43:23,MRK,74.9,5,ASK
2020-10-30 10:43:25,MRK,74.87,4,BID
2020-10-30 10:43:25,MRK,74.9,5,ASK
2020-10-30 10:43:26,MRK,74.89,1,BID
2020-10-30 10:43:26,MRK,74.91,14,ASK
2020-10-30 10:43:27,MRK,74.9,3,BID
2020-10-30 10:43:26,MRK,74.91,11,ASK
2020-10-30 10:43:28,MRK,74.87,6,BID
2020-10-30 10:43:28,MRK,74.9,3,ASK
2020-10-30 10:43:30,MRK,74.89,1,BID
2020-10-30 10:43:30,MRK,74.9,3,ASK
2020-10-30 10:43:31,MRK,74.89,3,BID
2020-10-30 10:43:31,MRK,74.9,3,ASK
2020-10-30 10:43:32,MRK,74.89,6,BID
2020-10-30 10:43:32,MRK,74.91,9,ASK
2020-10-30 10:43:32,MRK,74.91,2,BID
2020-10-30 10:43:32,MRK,74.92,8,ASK
2020-10-30 10:43:33,MRK,74.91,3,BID
2020-10-30 10:43:33,MRK,74.93,9,ASK
2020-10-30 10:43:33,MRK,74.91,3,BID
2020-10-30 10:43:33,MRK,74.93,9,ASK
2020-10-30 10:43:35,MRK,74.91,5,BID
2020-10-30 10:43:35,MRK,74.94,2,ASK
2020-10-30 10:43:36,MRK,74.91,4,BID
2020-10-30 10:43:36,MRK,74.94,5,ASK
2020-10-30 10:43:36,MRK,74.91,4,BID
2020-10-30 10:43:36,MRK,74.94,5,ASK
2020-10-30 10:43:39,MRK,74.88,2,BID
2020-10-30 10:43:39,MRK,74.91,7,ASK
2020-10-30 10:43:40,MRK,74.88,1,BID
2020-10-30 10:43:40,MRK,74.9,3,ASK
2020-10-30 10:43:28,MRK,74.87,6,BID
2020-10-30 10:43:40,MRK,74.9,15,ASK
2020-10-30 10:43:28,MRK,74.87,7,BID
2020-10-30 10:43:40,MRK,74.9,10,ASK
2020-10-30 10:43:43,MRK,74.89,1,BID
2020-10-30 10:43:43,MRK,74.9,2,ASK
2020-10-30 10:43:44,MRK,74.88,2,BID
2020-10-30 10:43:44,MRK,74.89,1,ASK
2020-10-30 10:43:45,MRK,74.84,2,BID
2020-10-30 10:43:45,MRK,74.85,1,ASK
2020-10-30 10:43:45,MRK,74.84,2,BID
2020-10-30 10:43:45,MRK,74.85,1,ASK
2020-10-30 10:43:45,MRK,74.84,2,BID
2020-10-30 10:43:45,MRK,74.85,1,ASK
2020-10-30 10:43:47,MRK,74.84,2,BID
2020-10-30 10:43:47,MRK,74.86,2,ASK
2020-10-30 10:43:47,MRK,74.82,7,BID
2020-10-30 10:43:47,MRK,74.84,9,ASK
2020-10-30 10:43:47,MRK,74.82,7,BID
2020-10-30 10:43:47,MRK,74.85,2,ASK
2020-10-30 10:43:47,MRK,74.82,7,BID
2020-10-30 10:43:47,MRK,74.85,2,ASK
2020-10-30 10:43:48,MRK,74.82,6,BID
2020-10-30 10:43:48,MRK,74.84,2,ASK
2020-10-30 10:43:48,MRK,74.81,3,BID
2020-10-30 10:43:49,MRK,74.83,1,ASK
2020-10-30 10:43:49,MRK,74.8,6,BID
2020-10-30 10:43:49,MRK,74.83,2,ASK
2020-10-30 10:43:49,MRK,74.8,7,BID
2020-10-30 10:43:49,MRK,74.83,2,ASK
2020-10-30 10:43:50,MRK,74.8,7,BID
2020-10-30 10:43:50,MRK,74.82,1,ASK
2020-10-30 10:43:50,MRK,74.8,7,BID
2020-10-30 10:43:50,MRK,74.82,1,ASK
2020-10-30 10:43:50,MRK,74.77,1,BID
2020-10-30 10:43:50,MRK,74.79,1,ASK
2020-10-30 10:43:50,MRK,74.78,4,BID
2020-10-30 10:43:50,MRK,74.81,3,ASK
2020-10-30 10:43:51,MRK,74.78,3,BID
2020-10-30 10:43:51,MRK,74.8,7,ASK
2020-10-30 10:43:51,MRK,74.78,4,BID
2020-10-30 10:43:51,MRK,74.78,3,ASK
2020-10-30 10:43:51,MRK,74.73,1,BID
2020-10-30 10:43:51,MRK,74.78,5,ASK
2020-10-30 10:43:52,MRK,74.76,2,BID
2020-10-30 10:43:52,MRK,74.78,5,ASK
2020-10-30 10:43:52,MRK,74.76,3,BID
2020-10-30 10:43:52,MRK,74.78,2,ASK
2020-10-30 10:43:52,MRK,74.81,1,BID
2020-10-30 10:43:52,MRK,74.83,9,ASK
2020-10-30 10:43:53,MRK,74.82,6,BID
2020-10-30 10:43:53,MRK,74.84,1,ASK
2020-10-30 10:43:53,MRK,74.83,9,BID
2020-10-30 10:43:53,MRK,74.87,9,ASK
2020-10-30 10:43:53,MRK,74.84,7,BID
2020-10-30 10:43:54,MRK,74.87,14,ASK
2020-10-30 10:43:54,MRK,74.84,8,BID
2020-10-30 10:43:54,MRK,74.87,10,ASK
2020-10-30 10:43:54,MRK,74.84,8,BID
2020-10-30 10:43:54,MRK,74.87,11,ASK
2020-10-30 10:43:55,MRK,74.82,6,BID
2020-10-30 10:43:55,MRK,74.84,4,ASK
2020-10-30 10:43:55,MRK,74.82,7,BID
2020-10-30 10:43:55,MRK,74.85,10,ASK
2020-10-30 10:43:55,MRK,74.82,7,BID
2020-10-30 10:43:55,MRK,74.85,10,ASK
2020-10-30 10:43:55,MRK,74.82,7,BID
2020-10-30 10:43:55,MRK,74.85,10,ASK
2020-10-30 10:43:55,MRK,74.82,11,BID
2020-10-30 10:43:56,MRK,74.85,14,ASK
2020-10-30 10:43:55,MRK,74.82,11,BID
2020-10-30 10:43:56,MRK,74.85,14,ASK
2020-10-30 10:43:55,MRK,74.82,11,BID
2020-10-30 10:43:56,MRK,74.85,14,ASK
2020-10-30 10:43:57,MRK,74.79,1,BID
2020-10-30 10:43:57,MRK,74.82,3,ASK
2020-10-30 10:43:57,MRK,74.79,2,BID
2020-10-30 10:43:57,MRK,74.82,3,ASK
2020-10-30 10:43:58,MRK,74.8,6,BID
2020-10-30 10:43:58,MRK,74.82,5,ASK
2020-10-30 10:43:58,MRK,74.8,6,BID
2020-10-30 10:43:58,MRK,74.82,5,ASK
2020-10-30 10:43:59,MRK,74.81,1,BID
2020-10-30 10:43:59,MRK,74.83,5,ASK
2020-10-30 10:44:00,MRK,74.8,5,BID
2020-10-30 10:44:00,MRK,74.82,1,ASK
2020-10-30 10:44:01,MRK,74.8,8,BID
2020-10-30 10:44:01,MRK,74.82,2,ASK
2020-10-30 10:44:01,MRK,74.8,9,BID
2020-10-30 10:44:01,MRK,74.82,7,ASK
2020-10-30 10:44:01,MRK,74.8,9,BID
2020-10-30 10:44:01,MRK,74.82,7,ASK
2020-10-30 10:44:03,MRK,74.81,15,BID
2020-10-30 10:44:01,MRK,74.83,6,ASK
2020-10-30 10:44:03,MRK,74.83,3,BID
2020-10-30 10:44:03,MRK,74.84,1,ASK
2020-10-30 10:44:04,MRK,74.84,11,BID
2020-10-30 10:44:04,MRK,74.87,2,ASK
2020-10-30 10:44:04,MRK,74.84,12,BID
2020-10-30 10:44:04,MRK,74.87,5,ASK
2020-10-30 10:44:04,MRK,74.83,5,BID
2020-10-30 10:44:04,MRK,74.86,7,ASK
2020-10-30 10:44:04,MRK,74.83,5,BID
2020-10-30 10:44:04,MRK,74.86,8,ASK
2020-10-30 10:44:05,MRK,74.83,5,BID
2020-10-30 10:44:05,MRK,74.86,8,ASK
2020-10-30 10:44:05,MRK,74.83,5,BID
2020-10-30 10:44:05,MRK,74.86,8,ASK
2020-10-30 10:44:06,MRK,74.83,2,BID
2020-10-30 10:44:05,MRK,74.86,8,ASK
2020-10-30 10:44:06,MRK,74.83,4,BID
2020-10-30 10:44:06,MRK,74.85,3,ASK
2020-10-30 10:44:07,MRK,74.83,5,BID
2020-10-30 10:44:07,MRK,74.85,3,ASK
2020-10-30 10:44:07,MRK,74.83,5,BID
2020-10-30 10:44:07,MRK,74.85,3,ASK
2020-10-30 10:44:09,MRK,74.83,4,BID
2020-10-30 10:44:09,MRK,74.85,3,ASK
2020-10-30 10:44:09,MRK,74.8,9,BID
2020-10-30 10:44:09,MRK,74.82,4,ASK
2020-10-30 10:44:10,MRK,74.81,4,BID
2020-10-30 10:44:10,MRK,74.82,6,ASK
2020-10-30 10:44:11,MRK,74.81,5,BID
2020-10-30 10:44:11,MRK,74.83,5,ASK
2020-10-30 10:44:12,MRK,74.8,4,BID
2020-10-30 10:44:12,MRK,74.82,2,ASK
2020-10-30 10:44:12,MRK,74.82,3,BID
2020-10-30 10:44:12,MRK,74.84,4,ASK
2020-10-30 10:44:12,MRK,74.82,5,BID
2020-10-30 10:44:12,MRK,74.85,19,ASK
2020-10-30 10:44:12,MRK,74.82,5,BID
2020-10-30 10:44:12,MRK,74.85,19,ASK
2020-10-30 10:44:15,MRK,74.82,6,BID
2020-10-30 10:44:15,MRK,74.85,18,ASK
2020-10-30 10:44:17,MRK,74.83,9,BID
2020-10-30 10:44:17,MRK,74.85,14,ASK
2020-10-30 10:44:19,MRK,74.85,4,BID
2020-10-30 10:44:19,MRK,74.87,9,ASK
2020-10-30 10:44:21,MRK,74.86,6,BID
2020-10-30 10:44:20,MRK,74.88,3,ASK
2020-10-30 10:44:20,MRK,74.85,8,BID
2020-10-30 10:44:21,MRK,74.88,6,ASK
2020-10-30 10:44:23,MRK,74.87,7,BID
2020-10-30 10:44:23,MRK,74.88,8,ASK
2020-10-30 10:44:23,MRK,74.87,9,BID
2020-10-30 10:43:43,MRK,74.9,2,ASK
2020-10-30 10:44:24,MRK,74.9,10,BID
2020-10-30 10:44:24,MRK,74.92,6,ASK
2020-10-30 10:44:25,MRK,74.91,4,BID
2020-10-30 10:44:25,MRK,74.92,6,ASK
2020-10-30 10:44:26,MRK,74.89,4,BID
2020-10-30 10:44:26,MRK,74.91,5,ASK
2020-10-30 10:44:27,MRK,74.9,5,BID
2020-10-30 10:44:27,MRK,74.92,5,ASK
2020-10-30 10:44:28,MRK,74.91,2,BID
2020-10-30 10:43:39,MRK,74.92,8,ASK
2020-10-30 10:44:29,MRK,74.91,4,BID
2020-10-30 10:43:39,MRK,74.92,8,ASK
2020-10-30 10:44:30,MRK,74.91,5,BID
2020-10-30 10:43:39,MRK,74.92,9,ASK
2020-10-30 10:44:33,MRK,74.91,1,BID
2020-10-30 10:43:39,MRK,74.92,11,ASK
2020-10-30 10:44:34,MRK,74.91,5,BID
2020-10-30 10:43:39,MRK,74.92,11,ASK
2020-10-30 10:44:35,MRK,74.9,7,BID
2020-10-30 10:43:39,MRK,74.92,9,ASK
2020-10-30 10:44:35,MRK,74.9,4,BID
2020-10-30 10:43:39,MRK,74.92,9,ASK
2020-10-30 10:44:38,MRK,74.88,10,BID
2020-10-30 10:43:39,MRK,74.92,9,ASK
2020-10-30 10:44:39,MRK,74.88,13,BID
2020-10-30 10:44:39,MRK,74.9,3,ASK
2020-10-30 10:44:40,MRK,74.84,5,BID
2020-10-30 10:44:40,MRK,74.87,2,ASK
2020-10-30 10:44:40,MRK,74.84,5,BID
2020-10-30 10:44:40,MRK,74.87,2,ASK
2020-10-30 10:44:40,MRK,74.84,5,BID
2020-10-30 10:44:40,MRK,74.87,2,ASK
2020-10-30 10:44:40,MRK,74.84,5,BID
2020-10-30 10:44:40,MRK,74.87,2,ASK
2020-10-30 10:44:40,MRK,74.84,5,BID
2020-10-30 10:44:40,MRK,74.87,2,ASK
2020-10-30 10:44:40,MRK,74.84,5,BID
2020-10-30 10:44:42,MRK,74.87,5,ASK
2020-10-30 10:44:40,MRK,74.84,5,BID
2020-10-30 10:44:42,MRK,74.87,5,ASK
2020-10-30 10:44:40,MRK,74.84,5,BID
2020-10-30 10:44:42,MRK,74.87,5,ASK
2020-10-30 10:44:40,MRK,74.84,5,BID
2020-10-30 10:44:42,MRK,74.87,5,ASK
2020-10-30 10:44:40,MRK,74.84,5,BID
2020-10-30 10:44:42,MRK,74.87,5,ASK
2020-10-30 10:44:40,MRK,74.84,8,BID
2020-10-30 10:44:42,MRK,74.87,5,ASK
2020-10-30 10:44:40,MRK,74.84,7,BID
2020-10-30 10:44:48,MRK,74.87,6,ASK
2020-10-30 10:44:49,MRK,74.86,7,BID
2020-10-30 10:44:49,MRK,74.87,1,ASK
2020-10-30 10:44:50,MRK,74.86,1,BID
2020-10-30 10:44:50,MRK,74.87,4,ASK
2020-10-30 10:44:50,MRK,74.85,5,BID
2020-10-30 10:44:50,MRK,74.87,9,ASK
2020-10-30 10:44:15,MRK,74.82,4,BID
2020-10-30 10:44:51,MRK,74.83,1,ASK
2020-10-30 10:44:52,MRK,74.83,15,BID
2020-10-30 10:44:51,MRK,74.85,10,ASK
2020-10-30 10:44:52,MRK,74.83,15,BID
2020-10-30 10:44:51,MRK,74.85,10,ASK
2020-10-30 10:44:54,MRK,74.83,4,BID
2020-10-30 10:44:54,MRK,74.84,1,ASK
2020-10-30 10:44:51,MRK,74.82,6,BID
2020-10-30 10:44:54,MRK,74.83,3,ASK
2020-10-30 10:44:51,MRK,74.82,6,BID
2020-10-30 10:44:54,MRK,74.83,6,ASK
2020-10-30 10:44:51,MRK,74.82,6,BID
2020-10-30 10:44:54,MRK,74.83,5,ASK
2020-10-30 10:44:51,MRK,74.82,6,BID
2020-10-30 10:44:54,MRK,74.83,5,ASK
2020-10-30 10:44:51,MRK,74.82,6,BID
2020-10-30 10:44:54,MRK,74.83,5,ASK
2020-10-30 10:44:51,MRK,74.82,6,BID
2020-10-30 10:44:54,MRK,74.83,5,ASK
2020-10-30 10:44:51,MRK,74.82,6,BID
2020-10-30 10:44:54,MRK,74.83,5,ASK
2020-10-30 10:44:51,MRK,74.82,6,BID
2020-10-30 10:44:54,MRK,74.83,5,ASK
2020-10-30 10:44:51,MRK,74.82,6,BID
2020-10-30 10:44:54,MRK,74.83,5,ASK
2020-10-30 10:44:51,MRK,74.82,6,BID
2020-10-30 10:44:54,MRK,74.83,5,ASK
2020-10-30 10:44:56,MRK,74.79,3,BID
2020-10-30 10:44:56,MRK,74.82,4,ASK
2020-10-30 10:44:57,MRK,74.81,1,BID
2020-10-30 10:44:57,MRK,74.83,7,ASK
2020-10-30 10:44:59,MRK,74.83,1,BID
2020-10-30 10:44:59,MRK,74.84,5,ASK
2020-10-30 10:45:00,MRK,74.85,4,BID
2020-10-30 10:45:00,MRK,74.86,16,ASK
2020-10-30 10:45:01,MRK,74.84,1,BID
2020-10-30 10:45:01,MRK,74.85,1,ASK
2020-10-30 10:45:01,MRK,74.83,8,BID
2020-10-30 10:45:01,MRK,74.86,6,ASK
2020-10-30 10:45:01,MRK,74.83,8,BID
2020-10-30 10:45:01,MRK,74.86,6,ASK
2020-10-30 10:45:02,MRK,74.83,8,BID
2020-10-30 10:45:02,MRK,74.85,1,ASK
2020-10-30 10:45:02,MRK,74.83,2,BID
2020-10-30 10:45:02,MRK,74.84,2,ASK
2020-10-30 10:45:03,MRK,74.82,4,BID
2020-10-30 10:45:03,MRK,74.83,3,ASK
2020-10-30 10:45:03,MRK,74.8,3,BID
2020-10-30 10:45:03,MRK,74.83,3,ASK
2020-10-30 10:45:03,MRK,74.8,2,BID
2020-10-30 10:45:03,MRK,74.83,3,ASK
2020-10-30 10:45:03,MRK,74.8,2,BID
2020-10-30 10:45:03,MRK,74.83,3,ASK
2020-10-30 10:45:04,MRK,74.8,3,BID
2020-10-30 10:45:04,MRK,74.83,2,ASK
2020-10-30 10:45:05,MRK,74.81,1,BID
2020-10-30 10:45:05,MRK,74.84,4,ASK
2020-10-30 10:45:06,MRK,74.82,7,BID
2020-10-30 10:45:05,MRK,74.85,5,ASK
2020-10-30 10:45:07,MRK,74.84,3,BID
2020-10-30 10:45:07,MRK,74.85,6,ASK
2020-10-30 10:45:07,MRK,74.84,5,BID
2020-10-30 10:45:07,MRK,74.85,4,ASK
2020-10-30 10:45:08,MRK,74.83,5,BID
2020-10-30 10:45:08,MRK,74.85,6,ASK
2020-10-30 10:45:09,MRK,74.83,5,BID
2020-10-30 10:45:08,MRK,74.85,6,ASK
2020-10-30 10:45:10,MRK,74.84,6,BID
2020-10-30 10:45:10,MRK,74.85,1,ASK
2020-10-30 10:45:11,MRK,74.84,7,BID
2020-10-30 10:45:11,MRK,74.85,1,ASK
2020-10-30 10:45:11,MRK,74.84,7,BID
2020-10-30 10:45:11,MRK,74.85,1,ASK
2020-10-30 10:45:13,MRK,74.84,3,BID
2020-10-30 10:45:13,MRK,74.86,8,ASK
2020-10-30 10:45:13,MRK,74.84,4,BID
2020-10-30 10:45:13,MRK,74.86,7,ASK
2020-10-30 10:45:10,MRK,74.83,7,BID
2020-10-30 10:45:15,MRK,74.85,2,ASK
2020-10-30 10:45:10,MRK,74.83,4,BID
2020-10-30 10:45:16,MRK,74.85,3,ASK
2020-10-30 10:45:16,MRK,74.81,7,BID
2020-10-30 10:45:16,MRK,74.83,3,ASK
2020-10-30 10:45:17,MRK,74.82,2,BID
2020-10-30 10:45:17,MRK,74.84,4,ASK
2020-10-30 10:45:18,MRK,74.82,3,BID
2020-10-30 10:45:18,MRK,74.85,1,ASK
2020-10-30 10:45:18,MRK,74.82,4,BID
2020-10-30 10:45:19,MRK,74.86,13,ASK
2020-10-30 10:45:17,MRK,74.81,7,BID
2020-10-30 10:45:20,MRK,74.85,4,ASK
2020-10-30 10:45:17,MRK,74.81,7,BID
2020-10-30 10:45:21,MRK,74.85,7,ASK
2020-10-30 10:45:22,MRK,74.81,7,BID
2020-10-30 10:45:22,MRK,74.84,4,ASK
2020-10-30 10:45:22,MRK,74.82,3,BID
2020-10-30 10:45:22,MRK,74.84,5,ASK
2020-10-30 10:45:23,MRK,74.83,3,BID
2020-10-30 10:45:23,MRK,74.85,8,ASK
2020-10-30 10:45:24,MRK,74.81,5,BID
2020-10-30 10:45:24,MRK,74.83,4,ASK
2020-10-30 10:45:24,MRK,74.81,7,BID
2020-10-30 10:45:24,MRK,74.84,10,ASK
2020-10-30 10:45:24,MRK,74.81,7,BID
2020-10-30 10:45:26,MRK,74.84,4,ASK
2020-10-30 10:45:24,MRK,74.81,4,BID
2020-10-30 10:45:27,MRK,74.82,1,ASK
2020-10-30 10:45:24,MRK,74.81,5,BID
2020-10-30 10:45:28,MRK,74.82,3,ASK
2020-10-30 10:45:28,MRK,74.79,4,BID
2020-10-30 10:45:28,MRK,74.82,8,ASK
2020-10-30 10:45:30,MRK,74.81,1,BID
2020-10-30 10:45:30,MRK,74.82,7,ASK
2020-10-30 10:45:32,MRK,74.81,5,BID
2020-10-30 10:45:28,MRK,74.83,6,ASK
2020-10-30 10:45:33,MRK,74.82,1,BID
2020-10-30 10:45:28,MRK,74.83,6,ASK
2020-10-30 10:45:34,MRK,74.83,5,BID
2020-10-30 10:45:19,MRK,74.86,16,ASK
2020-10-30 10:45:35,MRK,74.83,4,BID
2020-10-30 10:45:19,MRK,74.86,16,ASK
2020-10-30 10:45:36,MRK,74.82,3,BID
2020-10-30 10:45:36,MRK,74.84,8,ASK
2020-10-30 10:45:38,MRK,74.81,7,BID
2020-10-30 10:45:37,MRK,74.84,8,ASK
2020-10-30 10:45:38,MRK,74.81,7,BID
2020-10-30 10:45:37,MRK,74.84,8,ASK
2020-10-30 10:45:41,MRK,74.81,7,BID
2020-10-30 10:45:41,MRK,74.83,3,ASK
2020-10-30 10:45:41,MRK,74.79,8,BID
2020-10-30 10:45:37,MRK,74.84,7,ASK
2020-10-30 10:45:42,MRK,74.81,2,BID
2020-10-30 10:45:42,MRK,74.84,8,ASK
2020-10-30 10:45:43,MRK,74.82,3,BID
2020-10-30 10:45:42,MRK,74.84,8,ASK
2020-10-30 10:45:44,MRK,74.79,10,BID
2020-10-30 10:45:44,MRK,74.83,6,ASK
2020-10-30 10:45:45,MRK,74.79,10,BID
2020-10-30 10:45:45,MRK,74.83,8,ASK
2020-10-30 10:45:45,MRK,74.81,2,BID
2020-10-30 10:45:45,MRK,74.83,9,ASK
2020-10-30 10:45:45,MRK,74.81,2,BID
2020-10-30 10:45:45,MRK,74.83,9,ASK
2020-10-30 10:45:45,MRK,74.81,2,BID
2020-10-30 10:45:45,MRK,74.83,9,ASK
2020-10-30 10:45:45,MRK,74.81,2,BID
2020-10-30 10:45:45,MRK,74.83,9,ASK
2020-10-30 10:45:45,MRK,74.81,2,BID
2020-10-30 10:45:45,MRK,74.83,9,ASK
2020-10-30 10:45:50,MRK,74.81,5,BID
2020-10-30 10:45:50,MRK,74.84,6,ASK
2020-10-30 10:45:50,MRK,74.81,5,BID
2020-10-30 10:45:50,MRK,74.84,6,ASK
2020-10-30 10:45:50,MRK,74.81,5,BID
2020-10-30 10:45:50,MRK,74.84,7,ASK
2020-10-30 10:45:50,MRK,74.81,5,BID
2020-10-30 10:45:50,MRK,74.84,6,ASK
2020-10-30 10:45:50,MRK,74.81,5,BID
2020-10-30 10:45:50,MRK,74.84,7,ASK
2020-10-30 10:45:50,MRK,74.81,5,BID
2020-10-30 10:45:50,MRK,74.84,7,ASK
2020-10-30 10:45:50,MRK,74.81,5,BID
2020-10-30 10:45:50,MRK,74.84,6,ASK
2020-10-30 10:46:00,MRK,74.81,8,BID
2020-10-30 10:46:00,MRK,74.85,2,ASK
2020-10-30 10:46:00,MRK,74.81,6,BID
2020-10-30 10:46:01,MRK,74.84,1,ASK
2020-10-30 10:46:00,MRK,74.81,5,BID
2020-10-30 10:46:02,MRK,74.84,1,ASK
2020-10-30 10:46:00,MRK,74.81,5,BID
2020-10-30 10:46:02,MRK,74.84,1,ASK
2020-10-30 10:46:00,MRK,74.81,6,BID
2020-10-30 10:46:04,MRK,74.84,1,ASK
2020-10-30 10:46:00,MRK,74.81,6,BID
2020-10-30 10:46:04,MRK,74.84,1,ASK
2020-10-30 10:46:00,MRK,74.81,6,BID
2020-10-30 10:46:04,MRK,74.84,1,ASK
2020-10-30 10:46:00,MRK,74.81,6,BID
2020-10-30 10:46:04,MRK,74.84,1,ASK
2020-10-30 10:46:00,MRK,74.81,6,BID
2020-10-30 10:46:04,MRK,74.84,1,ASK
2020-10-30 10:46:00,MRK,74.81,6,BID
2020-10-30 10:46:04,MRK,74.84,1,ASK
2020-10-30 10:46:00,MRK,74.81,6,BID
2020-10-30 10:46:04,MRK,74.84,1,ASK
2020-10-30 10:46:00,MRK,74.81,6,BID
2020-10-30 10:46:04,MRK,74.84,1,ASK
2020-10-30 10:46:12,MRK,74.82,3,BID
2020-10-30 10:46:12,MRK,74.84,1,ASK
2020-10-30 10:46:13,MRK,74.83,3,BID
2020-10-30 10:46:13,MRK,74.84,1,ASK
2020-10-30 10:46:14,MRK,74.84,2,BID
2020-10-30 10:44:50,MRK,74.87,6,ASK
2020-10-30 10:46:14,MRK,74.84,2,BID
2020-10-30 10:44:50,MRK,74.87,6,ASK
2020-10-30 10:46:14,MRK,74.84,2,BID
2020-10-30 10:44:50,MRK,74.87,6,ASK
2020-10-30 10:46:16,MRK,74.84,2,BID
2020-10-30 10:46:16,MRK,74.87,7,ASK
2020-10-30 10:46:17,MRK,74.85,3,BID
2020-10-30 10:46:17,MRK,74.88,9,ASK
2020-10-30 10:46:18,MRK,74.85,2,BID
2020-10-30 10:46:18,MRK,74.87,4,ASK
2020-10-30 10:46:18,MRK,74.84,4,BID
2020-10-30 10:46:19,MRK,74.86,3,ASK
2020-10-30 10:46:19,MRK,74.81,7,BID
2020-10-30 10:46:19,MRK,74.84,6,ASK
2020-10-30 10:46:19,MRK,74.8,1,BID
2020-10-30 10:46:19,MRK,74.84,13,ASK
2020-10-30 10:46:19,MRK,74.8,1,BID
2020-10-30 10:46:19,MRK,74.84,13,ASK
2020-10-30 10:46:19,MRK,74.8,1,BID
2020-10-30 10:46:19,MRK,74.84,11,ASK
2020-10-30 10:46:20,MRK,74.8,3,BID
2020-10-30 10:46:19,MRK,74.84,11,ASK
2020-10-30 10:46:20,MRK,74.8,3,BID
2020-10-30 10:46:19,MRK,74.84,11,ASK
2020-10-30 10:46:23,MRK,74.8,4,BID
2020-10-30 10:46:19,MRK,74.84,11,ASK
2020-10-30 10:46:24,MRK,74.8,3,BID
2020-10-30 10:46:24,MRK,74.84,11,ASK
2020-10-30 10:46:24,MRK,74.8,3,BID
2020-10-30 10:46:25,MRK,74.84,11,ASK
2020-10-30 10:46:25,MRK,74.78,9,BID
2020-10-30 10:46:25,MRK,74.81,5,ASK
2020-10-30 10:46:25,MRK,74.78,9,BID
2020-10-30 10:46:25,MRK,74.81,6,ASK
2020-10-30 10:46:27,MRK,74.78,11,BID
2020-10-30 10:46:27,MRK,74.83,1,ASK
2020-10-30 10:46:27,MRK,74.78,11,BID
2020-10-30 10:46:28,MRK,74.82,1,ASK
2020-10-30 10:46:27,MRK,74.78,11,BID
2020-10-30 10:46:29,MRK,74.82,1,ASK
2020-10-30 10:46:27,MRK,74.78,11,BID
2020-10-30 10:46:30,MRK,74.82,1,ASK
2020-10-30 10:46:27,MRK,74.78,11,BID
2020-10-30 10:46:30,MRK,74.82,3,ASK
2020-10-30 10:46:27,MRK,74.78,11,BID
2020-10-30 10:46:30,MRK,74.82,4,ASK
2020-10-30 10:46:27,MRK,74.78,10,BID
2020-10-30 10:46:33,MRK,74.81,5,ASK
2020-10-30 10:46:27,MRK,74.78,9,BID
2020-10-30 10:46:34,MRK,74.81,4,ASK
2020-10-30 10:46:27,MRK,74.78,9,BID
2020-10-30 10:46:36,MRK,74.81,4,ASK
2020-10-30 10:46:27,MRK,74.78,9,BID
2020-10-30 10:46:36,MRK,74.81,4,ASK
2020-10-30 10:46:27,MRK,74.78,9,BID
2020-10-30 10:46:38,MRK,74.81,9,ASK
2020-10-30 10:46:27,MRK,74.78,9,BID
2020-10-30 10:46:38,MRK,74.81,9,ASK
2020-10-30 10:46:27,MRK,74.78,10,BID
2020-10-30 10:46:38,MRK,74.81,9,ASK
2020-10-30 10:43:52,MRK,74.77,3,BID
2020-10-30 10:46:41,MRK,74.78,1,ASK
2020-10-30 10:43:52,MRK,74.77,3,BID
2020-10-30 10:46:41,MRK,74.78,1,ASK
2020-10-30 10:43:52,MRK,74.77,3,BID
2020-10-30 10:46:42,MRK,74.78,2,ASK
2020-10-30 10:46:44,MRK,74.76,6,BID
2020-10-30 10:46:44,MRK,74.78,3,ASK
2020-10-30 10:46:44,MRK,74.76,6,BID
2020-10-30 10:46:44,MRK,74.78,3,ASK
2020-10-30 10:46:46,MRK,74.78,2,BID
2020-10-30 10:46:41,MRK,74.79,4,ASK
2020-10-30 10:46:47,MRK,74.79,2,BID
2020-10-30 10:46:38,MRK,74.81,10,ASK
2020-10-30 10:46:48,MRK,74.79,2,BID
2020-10-30 10:46:38,MRK,74.81,10,ASK
2020-10-30 10:46:48,MRK,74.79,2,BID
2020-10-30 10:46:38,MRK,74.81,10,ASK
2020-10-30 10:46:50,MRK,74.78,9,BID
2020-10-30 10:46:50,MRK,74.81,7,ASK
2020-10-30 10:46:51,MRK,74.78,9,BID
2020-10-30 10:46:50,MRK,74.81,7,ASK
2020-10-30 10:46:51,MRK,74.78,9,BID
2020-10-30 10:46:50,MRK,74.81,7,ASK
2020-10-30 10:46:51,MRK,74.78,9,BID
2020-10-30 10:46:50,MRK,74.81,7,ASK
2020-10-30 10:46:51,MRK,74.78,9,BID
2020-10-30 10:46:50,MRK,74.81,7,ASK
2020-10-30 10:46:51,MRK,74.78,9,BID
2020-10-30 10:46:50,MRK,74.81,7,ASK
2020-10-30 10:46:51,MRK,74.78,9,BID
2020-10-30 10:46:50,MRK,74.81,7,ASK
2020-10-30 10:46:51,MRK,74.78,9,BID
2020-10-30 10:46:50,MRK,74.81,7,ASK
2020-10-30 10:46:51,MRK,74.78,9,BID
2020-10-30 10:46:50,MRK,74.81,7,ASK
2020-10-30 10:46:51,MRK,74.78,9,BID
2020-10-30 10:46:50,MRK,74.81,7,ASK
2020-10-30 10:46:51,MRK,74.78,9,BID
2020-10-30 10:46:50,MRK,74.81,7,ASK
2020-10-30 10:46:51,MRK,74.78,9,BID
2020-10-30 10:46:50,MRK,74.81,7,ASK
2020-10-30 10:46:51,MRK,74.78,9,BID
2020-10-30 10:46:50,MRK,74.81,7,ASK
2020-10-30 10:46:51,MRK,74.78,9,BID
2020-10-30 10:46:50,MRK,74.81,7,ASK
2020-10-30 10:46:51,MRK,74.78,9,BID
2020-10-30 10:46:50,MRK,74.81,7,ASK
2020-10-30 10:46:51,MRK,74.78,9,BID
2020-10-30 10:46:50,MRK,74.81,7,ASK
2020-10-30 10:46:51,MRK,74.78,9,BID
2020-10-30 10:46:50,MRK,74.81,7,ASK
2020-10-30 10:46:51,MRK,74.78,9,BID
2020-10-30 10:46:50,MRK,74.81,7,ASK
2020-10-30 10:46:51,MRK,74.78,9,BID
2020-10-30 10:46:50,MRK,74.81,7,ASK
2020-10-30 10:46:51,MRK,74.78,9,BID
2020-10-30 10:46:50,MRK,74.81,7,ASK
2020-10-30 10:46:47,MRK,74.78,9,BID
2020-10-30 10:46:49,MRK,74.81,7,ASK
2020-10-30 10:46:47,MRK,74.78,9,BID
2020-10-30 10:46:49,MRK,74.81,7,ASK
2020-10-30 10:46:47,MRK,74.78,9,BID
2020-10-30 10:46:49,MRK,74.81,7,ASK
2020-10-30 10:46:47,MRK,74.78,9,BID
2020-10-30 10:46:49,MRK,74.81,7,ASK
2020-10-30 10:46:47,MRK,74.78,9,BID
2020-10-30 10:46:49,MRK,74.81,7,ASK
2020-10-30 10:46:47,MRK,74.78,9,BID
2020-10-30 10:46:49,MRK,74.81,7,ASK
2020-10-30 10:46:47,MRK,74.78,9,BID
2020-10-30 10:46:49,MRK,74.81,7,ASK
2020-10-30 10:46:47,MRK,74.78,9,BID
2020-10-30 10:46:49,MRK,74.81,7,ASK
2020-10-30 10:46:47,MRK,74.78,7,BID
2020-10-30 10:46:56,MRK,74.8,1,ASK
2020-10-30 10:46:59,MRK,74.81,3,BID
2020-10-30 10:46:59,MRK,74.83,3,ASK
2020-10-30 10:47:01,MRK,74.81,5,BID
2020-10-30 10:47:01,MRK,74.83,6,ASK
2020-10-30 10:47:02,MRK,74.81,8,BID
2020-10-30 10:46:19,MRK,74.84,16,ASK
2020-10-30 10:47:02,MRK,74.81,8,BID
2020-10-30 10:46:19,MRK,74.84,16,ASK
2020-10-30 10:47:02,MRK,74.81,8,BID
2020-10-30 10:46:19,MRK,74.84,16,ASK
2020-10-30 10:47:02,MRK,74.81,8,BID
2020-10-30 10:47:02,MRK,74.84,17,ASK
2020-10-30 10:47:02,MRK,74.81,8,BID
2020-10-30 10:47:02,MRK,74.84,17,ASK
2020-10-30 10:47:02,MRK,74.81,8,BID
2020-10-30 10:47:02,MRK,74.84,17,ASK
2020-10-30 10:47:02,MRK,74.81,8,BID
2020-10-30 10:47:02,MRK,74.84,17,ASK
2020-10-30 10:47:02,MRK,74.81,8,BID
2020-10-30 10:47:02,MRK,74.84,17,ASK
2020-10-30 10:47:07,MRK,74.78,7,BID
2020-10-30 10:47:07,MRK,74.81,4,ASK
2020-10-30 10:47:07,MRK,74.77,8,BID
2020-10-30 10:47:07,MRK,74.81,15,ASK
2020-10-30 10:47:07,MRK,74.77,8,BID
2020-10-30 10:47:07,MRK,74.8,1,ASK
2020-10-30 10:47:07,MRK,74.77,8,BID
2020-10-30 10:47:07,MRK,74.8,1,ASK
2020-10-30 10:47:07,MRK,74.77,8,BID
2020-10-30 10:47:08,MRK,74.8,3,ASK
2020-10-30 10:47:07,MRK,74.77,8,BID
2020-10-30 10:47:08,MRK,74.8,3,ASK
2020-10-30 10:47:07,MRK,74.77,8,BID
2020-10-30 10:47:08,MRK,74.8,3,ASK
2020-10-30 10:47:08,MRK,74.77,9,BID
2020-10-30 10:47:08,MRK,74.8,5,ASK
2020-10-30 10:47:08,MRK,74.77,9,BID
2020-10-30 10:47:08,MRK,74.8,5,ASK
2020-10-30 10:47:08,MRK,74.77,9,BID
2020-10-30 10:47:08,MRK,74.8,5,ASK
2020-10-30 10:47:08,MRK,74.77,9,BID
2020-10-30 10:47:08,MRK,74.8,5,ASK
2020-10-30 10:47:08,MRK,74.77,9,BID
2020-10-30 10:47:08,MRK,74.8,5,ASK
2020-10-30 10:47:08,MRK,74.77,10,BID
2020-10-30 10:47:10,MRK,74.8,5,ASK
2020-10-30 10:47:08,MRK,74.77,10,BID
2020-10-30 10:47:10,MRK,74.8,8,ASK
2020-10-30 10:47:08,MRK,74.77,10,BID
2020-10-30 10:47:10,MRK,74.8,8,ASK
2020-10-30 10:47:08,MRK,74.77,10,BID
2020-10-30 10:47:10,MRK,74.8,8,ASK
2020-10-30 10:47:13,MRK,74.79,3,BID
2020-10-30 10:47:13,MRK,74.8,6,ASK
2020-10-30 10:47:15,MRK,74.78,1,BID
2020-10-30 10:47:13,MRK,74.8,7,ASK
2020-10-30 10:47:08,MRK,74.77,10,BID
2020-10-30 10:47:17,MRK,74.78,1,ASK
2020-10-30 10:47:18,MRK,74.78,2,BID
2020-10-30 10:47:18,MRK,74.79,4,ASK
2020-10-30 10:47:08,MRK,74.77,6,BID
2020-10-30 10:47:20,MRK,74.79,6,ASK
2020-10-30 10:47:21,MRK,74.76,7,BID
2020-10-30 10:47:21,MRK,74.78,5,ASK
2020-10-30 10:47:21,MRK,74.76,7,BID
2020-10-30 10:47:21,MRK,74.78,6,ASK
2020-10-30 10:47:23,MRK,74.77,2,BID
2020-10-30 10:47:23,MRK,74.78,1,ASK
2020-10-30 10:47:23,MRK,74.77,1,BID
2020-10-30 10:47:23,MRK,74.78,1,ASK
2020-10-30 10:47:23,MRK,74.77,1,BID
2020-10-30 10:47:23,MRK,74.78,1,ASK
2020-10-30 10:47:24,MRK,74.77,3,BID
2020-10-30 10:47:24,MRK,74.78,2,ASK
2020-10-30 10:47:23,MRK,74.76,7,BID
2020-10-30 10:47:25,MRK,74.78,2,ASK
2020-10-30 10:47:23,MRK,74.76,8,BID
2020-10-30 10:47:26,MRK,74.78,1,ASK
2020-10-30 10:47:23,MRK,74.76,6,BID
2020-10-30 10:47:28,MRK,74.78,2,ASK
2020-10-30 10:47:30,MRK,74.76,6,BID
2020-10-30 10:47:28,MRK,74.78,2,ASK
2020-10-30 10:47:30,MRK,74.77,1,BID
2020-10-30 10:47:28,MRK,74.78,2,ASK
2020-10-30 10:47:30,MRK,74.77,1,BID
2020-10-30 10:47:28,MRK,74.78,2,ASK
2020-10-30 10:47:30,MRK,74.76,6,BID
2020-10-30 10:47:28,MRK,74.78,2,ASK
2020-10-30 10:47:30,MRK,74.76,6,BID
2020-10-30 10:47:28,MRK,74.78,2,ASK
2020-10-30 10:47:36,MRK,74.76,1,BID
2020-10-30 10:47:35,MRK,74.78,5,ASK
2020-10-30 10:47:37,MRK,74.76,3,BID
2020-10-30 10:47:37,MRK,74.78,6,ASK
2020-10-30 10:47:37,MRK,74.75,13,BID
2020-10-30 10:47:37,MRK,74.78,7,ASK
2020-10-30 10:47:38,MRK,74.73,8,BID
2020-10-30 10:47:38,MRK,74.75,4,ASK
2020-10-30 10:47:39,MRK,74.74,4,BID
2020-10-30 10:47:39,MRK,74.75,3,ASK
2020-10-30 10:47:40,MRK,74.75,4,BID
2020-10-30 10:47:40,MRK,74.76,13,ASK
2020-10-30 10:47:40,MRK,74.75,4,BID
2020-10-30 10:47:37,MRK,74.76,13,ASK
2020-10-30 10:47:41,MRK,74.75,5,BID
2020-10-30 10:47:41,MRK,74.77,2,ASK
2020-10-30 10:47:42,MRK,74.75,8,BID
2020-10-30 10:47:42,MRK,74.77,2,ASK
2020-10-30 10:47:42,MRK,74.75,7,BID
2020-10-30 10:47:42,MRK,74.77,2,ASK
2020-10-30 10:47:42,MRK,74.75,7,BID
2020-10-30 10:47:42,MRK,74.77,2,ASK
2020-10-30 10:47:45,MRK,74.75,5,BID
2020-10-30 10:47:45,MRK,74.76,2,ASK
2020-10-30 10:47:46,MRK,74.75,5,BID
2020-10-30 10:47:46,MRK,74.77,2,ASK
2020-10-30 10:47:47,MRK,74.75,5,BID
2020-10-30 10:47:46,MRK,74.77,2,ASK
2020-10-30 10:47:39,MRK,74.74,5,BID
2020-10-30 10:47:48,MRK,74.76,2,ASK
2020-10-30 10:47:49,MRK,74.73,9,BID
2020-10-30 10:47:49,MRK,74.76,4,ASK
2020-10-30 10:47:49,MRK,74.73,9,BID
2020-10-30 10:47:49,MRK,74.76,4,ASK
2020-10-30 10:47:49,MRK,74.73,9,BID
2020-10-30 10:47:49,MRK,74.76,4,ASK
2020-10-30 10:47:52,MRK,74.73,9,BID
2020-10-30 10:47:52,MRK,74.76,4,ASK
2020-10-30 10:47:52,MRK,74.71,2,BID
2020-10-30 10:47:52,MRK,74.74,6,ASK
2020-10-30 10:47:53,MRK,74.71,2,BID
2020-10-30 10:47:53,MRK,74.75,12,ASK
2020-10-30 10:47:54,MRK,74.71,5,BID
2020-10-30 10:47:54,MRK,74.75,12,ASK
2020-10-30 10:47:55,MRK,74.71,5,BID
2020-10-30 10:47:54,MRK,74.75,12,ASK
2020-10-30 10:47:55,MRK,74.71,3,BID
2020-10-30 10:47:55,MRK,74.73,6,ASK
2020-10-30 10:47:57,MRK,74.7,6,BID
2020-10-30 10:47:57,MRK,74.71,1,ASK
2020-10-30 10:47:58,MRK,74.69,2,BID
2020-10-30 10:47:58,MRK,74.7,2,ASK
2020-10-30 10:47:58,MRK,74.69,1,BID
2020-10-30 10:47:58,MRK,74.71,3,ASK
2020-10-30 10:48:00,MRK,74.69,1,BID
2020-10-30 10:48:00,MRK,74.71,4,ASK
2020-10-30 10:48:00,MRK,74.69,1,BID
2020-10-30 10:48:00,MRK,74.71,7,ASK
2020-10-30 10:48:00,MRK,74.69,1,BID
2020-10-30 10:48:00,MRK,74.71,7,ASK
2020-10-30 10:48:01,MRK,74.69,3,BID
2020-10-30 10:48:00,MRK,74.71,7,ASK
2020-10-30 10:48:02,MRK,74.69,3,BID
2020-10-30 10:48:00,MRK,74.71,6,ASK
2020-10-30 10:48:04,MRK,74.69,3,BID
2020-10-30 10:48:00,MRK,74.71,6,ASK
2020-10-30 10:48:05,MRK,74.7,8,BID
2020-10-30 10:48:05,MRK,74.72,5,ASK
2020-10-30 10:48:05,MRK,74.7,9,BID
2020-10-30 10:48:05,MRK,74.72,6,ASK
2020-10-30 10:48:05,MRK,74.7,8,BID
2020-10-30 10:48:05,MRK,74.72,6,ASK
2020-10-30 10:48:05,MRK,74.7,8,BID
2020-10-30 10:48:05,MRK,74.72,6,ASK
2020-10-30 10:48:09,MRK,74.71,5,BID
2020-10-30 10:48:09,MRK,74.73,6,ASK
2020-10-30 10:48:09,MRK,74.71,5,BID
2020-10-30 10:48:10,MRK,74.73,3,ASK
2020-10-30 10:48:09,MRK,74.71,5,BID
2020-10-30 10:48:11,MRK,74.73,2,ASK
2020-10-30 10:48:13,MRK,74.72,3,BID
2020-10-30 10:48:13,MRK,74.73,2,ASK
2020-10-30 10:48:15,MRK,74.74,1,BID
2020-10-30 10:48:15,MRK,74.75,11,ASK
2020-10-30 10:48:15,MRK,74.72,3,BID
2020-10-30 10:48:15,MRK,74.74,4,ASK
2020-10-30 10:48:15,MRK,74.72,6,BID
2020-10-30 10:48:17,MRK,74.74,2,ASK
2020-10-30 10:48:15,MRK,74.72,5,BID
2020-10-30 10:48:15,MRK,74.75,13,ASK
2020-10-30 10:48:19,MRK,74.73,4,BID
2020-10-30 10:48:15,MRK,74.75,13,ASK
2020-10-30 10:48:20,MRK,74.73,7,BID
2020-10-30 10:48:15,MRK,74.75,13,ASK
2020-10-30 10:48:21,MRK,74.73,8,BID
2020-10-30 10:48:21,MRK,74.74,1,ASK
2020-10-30 10:48:22,MRK,74.73,10,BID
2020-10-30 10:48:22,MRK,74.74,1,ASK
2020-10-30 10:48:23,MRK,74.73,12,BID
2020-10-30 10:48:23,MRK,74.75,11,ASK
2020-10-30 10:48:23,MRK,74.73,12,BID
2020-10-30 10:48:23,MRK,74.75,11,ASK
2020-10-30 10:48:26,MRK,74.74,4,BID
2020-10-30 10:48:26,MRK,74.76,1,ASK
2020-10-30 10:48:26,MRK,74.75,2,BID
2020-10-30 10:48:26,MRK,74.76,4,ASK
2020-10-30 10:48:26,MRK,74.74,6,BID
2020-10-30 10:48:28,MRK,74.76,4,ASK
2020-10-30 10:48:30,MRK,74.75,6,BID
2020-10-30 10:48:30,MRK,74.78,3,ASK
2020-10-30 10:48:31,MRK,74.75,7,BID
2020-10-30 10:48:31,MRK,74.78,6,ASK
2020-10-30 10:48:33,MRK,74.76,2,BID
2020-10-30 10:48:31,MRK,74.78,6,ASK
2020-10-30 10:48:31,MRK,74.75,9,BID
2020-10-30 10:48:34,MRK,74.76,2,ASK
2020-10-30 10:48:36,MRK,74.75,10,BID
2020-10-30 10:48:31,MRK,74.78,5,ASK
2020-10-30 10:48:38,MRK,74.77,3,BID
2020-10-30 10:48:31,MRK,74.78,5,ASK
2020-10-30 10:48:40,MRK,74.77,4,BID
2020-10-30 10:48:31,MRK,74.78,5,ASK
2020-10-30 10:48:41,MRK,74.77,4,BID
2020-10-30 10:48:41,MRK,74.79,3,ASK
2020-10-30 10:48:42,MRK,74.77,4,BID
2020-10-30 10:48:42,MRK,74.79,4,ASK
2020-10-30 10:48:43,MRK,74.77,6,BID
2020-10-30 10:48:43,MRK,74.79,3,ASK
2020-10-30 10:48:45,MRK,74.77,8,BID
2020-10-30 10:48:45,MRK,74.79,7,ASK
2020-10-30 10:48:46,MRK,74.77,7,BID
2020-10-30 10:48:46,MRK,74.79,5,ASK
2020-10-30 10:48:46,MRK,74.75,9,BID
2020-10-30 10:48:46,MRK,74.77,7,ASK
2020-10-30 10:48:49,MRK,74.77,4,BID
2020-10-30 10:48:49,MRK,74.79,8,ASK
2020-10-30 10:48:49,MRK,74.77,4,BID
2020-10-30 10:48:49,MRK,74.79,9,ASK
2020-10-30 10:48:52,MRK,74.76,4,BID
2020-10-30 10:48:49,MRK,74.79,9,ASK
2020-10-30 10:48:53,MRK,74.75,9,BID
2020-10-30 10:48:52,MRK,74.79,9,ASK
2020-10-30 10:48:55,MRK,74.75,9,BID
2020-10-30 10:48:55,MRK,74.79,10,ASK
2020-10-30 10:48:57,MRK,74.76,5,BID
2020-10-30 10:48:57,MRK,74.78,1,ASK
2020-10-30 10:48:57,MRK,74.75,11,BID
2020-10-30 10:48:58,MRK,74.78,8,ASK
2020-10-30 10:48:57,MRK,74.75,11,BID
2020-10-30 10:48:58,MRK,74.78,8,ASK
2020-10-30 10:49:00,MRK,74.76,1,BID
2020-10-30 10:49:00,MRK,74.78,6,ASK
2020-10-30 10:49:01,MRK,74.75,12,BID
2020-10-30 10:49:01,MRK,74.78,5,ASK
2020-10-30 10:49:01,MRK,74.75,12,BID
2020-10-30 10:49:01,MRK,74.78,5,ASK
2020-10-30 10:49:01,MRK,74.75,12,BID
2020-10-30 10:49:01,MRK,74.78,5,ASK
2020-10-30 10:49:01,MRK,74.75,12,BID
2020-10-30 10:49:01,MRK,74.78,5,ASK
2020-10-30 10:49:01,MRK,74.75,12,BID
2020-10-30 10:49:01,MRK,74.78,5,ASK
2020-10-30 10:49:01,MRK,74.75,12,BID
2020-10-30 10:49:01,MRK,74.78,5,ASK
2020-10-30 10:49:01,MRK,74.75,12,BID
2020-10-30 10:49:01,MRK,74.78,5,ASK
2020-10-30 10:49:01,MRK,74.75,12,BID
2020-10-30 10:49:01,MRK,74.78,5,ASK
2020-10-30 10:49:01,MRK,74.75,12,BID
2020-10-30 10:49:01,MRK,74.78,5,ASK
2020-10-30 10:49:01,MRK,74.75,12,BID
2020-10-30 10:49:01,MRK,74.78,5,ASK
2020-10-30 10:49:01,MRK,74.75,12,BID
2020-10-30 10:49:01,MRK,74.78,5,ASK
2020-10-30 10:49:01,MRK,74.75,12,BID
2020-10-30 10:49:01,MRK,74.78,5,ASK
2020-10-30 10:49:01,MRK,74.75,12,BID
2020-10-30 10:49:01,MRK,74.78,5,ASK
2020-10-30 10:49:01,MRK,74.75,12,BID
2020-10-30 10:49:01,MRK,74.78,5,ASK
2020-10-30 10:49:01,MRK,74.75,12,BID
2020-10-30 10:49:01,MRK,74.78,5,ASK
2020-10-30 10:49:01,MRK,74.75,12,BID
2020-10-30 10:49:01,MRK,74.78,5,ASK
2020-10-30 10:49:01,MRK,74.75,12,BID
2020-10-30 10:49:01,MRK,74.78,5,ASK
2020-10-30 10:49:01,MRK,74.75,12,BID
2020-10-30 10:49:01,MRK,74.78,5,ASK
2020-10-30 10:49:01,MRK,74.75,12,BID
2020-10-30 10:49:01,MRK,74.78,5,ASK
2020-10-30 10:49:01,MRK,74.75,12,BID
2020-10-30 10:49:01,MRK,74.78,5,ASK
2020-10-30 10:49:01,MRK,74.75,12,BID
2020-10-30 10:49:01,MRK,74.78,5,ASK
2020-10-30 10:49:01,MRK,74.75,12,BID
2020-10-30 10:49:01,MRK,74.78,5,ASK
2020-10-30 10:49:01,MRK,74.75,12,BID
2020-10-30 10:49:01,MRK,74.78,5,ASK
2020-10-30 10:49:01,MRK,74.75,12,BID
2020-10-30 10:49:01,MRK,74.78,5,ASK
2020-10-30 10:49:01,MRK,74.75,12,BID
2020-10-30 10:49:01,MRK,74.78,5,ASK
2020-10-30 10:49:01,MRK,74.75,12,BID
2020-10-30 10:49:01,MRK,74.78,5,ASK
2020-10-30 10:49:01,MRK,74.75,12,BID
2020-10-30 10:49:01,MRK,74.78,5,ASK
2020-10-30 10:49:09,MRK,74.77,2,BID
2020-10-30 10:49:09,MRK,74.79,10,ASK
2020-10-30 10:49:10,MRK,74.79,6,BID
2020-10-30 10:49:09,MRK,74.81,5,ASK
2020-10-30 10:49:11,MRK,74.79,6,BID
2020-10-30 10:49:11,MRK,74.81,5,ASK
2020-10-30 10:49:12,MRK,74.8,6,BID
2020-10-30 10:49:12,MRK,74.83,4,ASK
2020-10-30 10:49:13,MRK,74.8,6,BID
2020-10-30 10:49:13,MRK,74.82,4,ASK
2020-10-30 10:49:14,MRK,74.79,5,BID
2020-10-30 10:49:14,MRK,74.81,6,ASK
2020-10-30 10:49:09,MRK,74.77,2,BID
2020-10-30 10:49:15,MRK,74.78,2,ASK
2020-10-30 10:49:09,MRK,74.77,2,BID
2020-10-30 10:49:15,MRK,74.78,2,ASK
2020-10-30 10:49:09,MRK,74.77,2,BID
2020-10-30 10:49:15,MRK,74.78,3,ASK
2020-10-30 10:49:09,MRK,74.77,2,BID
2020-10-30 10:49:17,MRK,74.78,3,ASK
2020-10-30 10:49:09,MRK,74.77,2,BID
2020-10-30 10:49:19,MRK,74.78,2,ASK
2020-10-30 10:49:09,MRK,74.77,2,BID
2020-10-30 10:49:19,MRK,74.78,2,ASK
2020-10-30 10:49:09,MRK,74.77,2,BID
2020-10-30 10:49:19,MRK,74.78,2,ASK
2020-10-30 10:49:23,MRK,74.77,2,BID
2020-10-30 10:49:15,MRK,74.8,9,ASK
2020-10-30 10:49:23,MRK,74.77,2,BID
2020-10-30 10:49:15,MRK,74.8,9,ASK
2020-10-30 10:49:25,MRK,74.77,6,BID
2020-10-30 10:49:26,MRK,74.81,9,ASK
2020-10-30 10:49:27,MRK,74.78,7,BID
2020-10-30 10:49:26,MRK,74.81,9,ASK
2020-10-30 10:49:29,MRK,74.78,3,BID
2020-10-30 10:49:29,MRK,74.81,11,ASK
2020-10-30 10:49:30,MRK,74.78,3,BID
2020-10-30 10:49:30,MRK,74.81,12,ASK
2020-10-30 10:49:31,MRK,74.78,4,BID
2020-10-30 10:49:32,MRK,74.81,11,ASK
2020-10-30 10:49:31,MRK,74.78,4,BID
2020-10-30 10:49:32,MRK,74.81,11,ASK
2020-10-30 10:49:31,MRK,74.78,4,BID
2020-10-30 10:49:32,MRK,74.81,11,ASK
2020-10-30 10:49:31,MRK,74.78,4,BID
2020-10-30 10:49:14,MRK,74.81,11,ASK
2020-10-30 10:49:32,MRK,74.78,4,BID
2020-10-30 10:49:32,MRK,74.81,11,ASK
2020-10-30 10:49:32,MRK,74.78,4,BID
2020-10-30 10:49:32,MRK,74.81,11,ASK
2020-10-30 10:49:32,MRK,74.78,4,BID
2020-10-30 10:49:32,MRK,74.81,11,ASK
2020-10-30 10:49:37,MRK,74.78,5,BID
2020-10-30 10:49:37,MRK,74.81,12,ASK
2020-10-30 10:49:37,MRK,74.78,5,BID
2020-10-30 10:49:37,MRK,74.81,12,ASK
2020-10-30 10:49:38,MRK,74.79,2,BID
2020-10-30 10:49:37,MRK,74.81,11,ASK
2020-10-30 10:49:38,MRK,74.79,2,BID
2020-10-30 10:49:37,MRK,74.81,12,ASK
2020-10-30 10:49:37,MRK,74.78,7,BID
2020-10-30 10:49:37,MRK,74.81,13,ASK
2020-10-30 10:49:41,MRK,74.79,2,BID
2020-10-30 10:49:41,MRK,74.8,1,ASK
2020-10-30 10:49:42,MRK,74.79,3,BID
2020-10-30 10:49:42,MRK,74.81,2,ASK
2020-10-30 10:49:44,MRK,74.8,2,BID
2020-10-30 10:49:44,MRK,74.84,24,ASK
2020-10-30 10:49:44,MRK,74.8,4,BID
2020-10-30 10:49:46,MRK,74.84,24,ASK
2020-10-30 10:49:46,MRK,74.8,9,BID
2020-10-30 10:49:46,MRK,74.84,24,ASK
2020-10-30 10:49:49,MRK,74.82,10,BID
2020-10-30 10:49:49,MRK,74.85,14,ASK
2020-10-30 10:49:49,MRK,74.82,3,BID
2020-10-30 10:49:49,MRK,74.85,16,ASK
2020-10-30 10:49:50,MRK,74.82,8,BID
2020-10-30 10:49:50,MRK,74.85,13,ASK
2020-10-30 10:49:50,MRK,74.82,8,BID
2020-10-30 10:49:50,MRK,74.85,13,ASK
2020-10-30 10:49:53,MRK,74.82,8,BID
2020-10-30 10:49:53,MRK,74.84,1,ASK
2020-10-30 10:49:54,MRK,74.8,11,BID
2020-10-30 10:49:54,MRK,74.82,8,ASK
2020-10-30 10:49:56,MRK,74.8,7,BID
2020-10-30 10:49:55,MRK,74.81,2,ASK
2020-10-30 10:49:56,MRK,74.78,8,BID
2020-10-30 10:49:56,MRK,74.8,6,ASK
2020-10-30 10:49:56,MRK,74.78,8,BID
2020-10-30 10:49:56,MRK,74.81,6,ASK
2020-10-30 10:49:56,MRK,74.78,8,BID
2020-10-30 10:50:00,MRK,74.81,6,ASK
2020-10-30 10:50:01,MRK,74.79,5,BID
2020-10-30 10:50:01,MRK,74.82,9,ASK
2020-10-30 10:50:02,MRK,74.79,9,BID
2020-10-30 10:50:02,MRK,74.82,10,ASK
2020-10-30 10:50:02,MRK,74.78,9,BID
2020-10-30 10:50:02,MRK,74.81,6,ASK
2020-10-30 10:50:03,MRK,74.78,9,BID
2020-10-30 10:50:03,MRK,74.8,5,ASK
2020-10-30 10:50:04,MRK,74.77,5,BID
2020-10-30 10:50:04,MRK,74.78,4,ASK
2020-10-30 10:49:32,MRK,74.75,12,BID
2020-10-30 10:50:04,MRK,74.77,12,ASK
2020-10-30 10:49:32,MRK,74.75,12,BID
2020-10-30 10:50:05,MRK,74.77,12,ASK
2020-10-30 10:49:32,MRK,74.75,12,BID
2020-10-30 10:50:05,MRK,74.77,12,ASK
2020-10-30 10:49:32,MRK,74.75,12,BID
2020-10-30 10:50:07,MRK,74.76,1,ASK
2020-10-30 10:50:08,MRK,74.73,12,BID
2020-10-30 10:50:08,MRK,74.75,1,ASK
2020-10-30 10:50:08,MRK,74.73,11,BID
2020-10-30 10:50:08,MRK,74.75,2,ASK
2020-10-30 10:50:09,MRK,74.74,9,BID
2020-10-30 10:50:09,MRK,74.77,13,ASK
2020-10-30 10:50:09,MRK,74.74,11,BID
2020-10-30 10:50:10,MRK,74.77,10,ASK
2020-10-30 10:50:09,MRK,74.74,12,BID
2020-10-30 10:50:11,MRK,74.77,9,ASK
2020-10-30 10:50:09,MRK,74.74,12,BID
2020-10-30 10:50:11,MRK,74.77,9,ASK
2020-10-30 10:50:14,MRK,74.75,6,BID
2020-10-30 10:50:11,MRK,74.77,9,ASK
2020-10-30 10:50:14,MRK,74.76,12,BID
2020-10-30 10:50:04,MRK,74.8,7,ASK
2020-10-30 10:50:14,MRK,74.76,12,BID
2020-10-30 10:50:04,MRK,74.8,7,ASK
2020-10-30 10:50:14,MRK,74.76,12,BID
2020-10-30 10:50:04,MRK,74.8,7,ASK
2020-10-30 10:50:14,MRK,74.76,14,BID
2020-10-30 10:50:04,MRK,74.8,7,ASK
2020-10-30 10:50:18,MRK,74.76,14,BID
2020-10-30 10:50:04,MRK,74.8,7,ASK
2020-10-30 10:50:20,MRK,74.76,13,BID
2020-10-30 10:50:19,MRK,74.8,7,ASK
2020-10-30 10:50:21,MRK,74.76,9,BID
2020-10-30 10:50:22,MRK,74.78,7,ASK
2020-10-30 10:50:24,MRK,74.76,9,BID
2020-10-30 10:50:24,MRK,74.78,7,ASK
2020-10-30 10:50:24,MRK,74.76,9,BID
2020-10-30 10:50:25,MRK,74.78,7,ASK
2020-10-30 10:50:26,MRK,74.74,11,BID
2020-10-30 10:50:26,MRK,74.77,11,ASK
2020-10-30 10:50:26,MRK,74.74,11,BID
2020-10-30 10:50:27,MRK,74.77,10,ASK
2020-10-30 10:50:28,MRK,74.74,9,BID
2020-10-30 10:50:28,MRK,74.77,10,ASK
2020-10-30 10:50:28,MRK,74.74,9,BID
2020-10-30 10:50:28,MRK,74.77,10,ASK
2020-10-30 10:50:28,MRK,74.74,9,BID
2020-10-30 10:50:31,MRK,74.77,10,ASK
2020-10-30 10:50:33,MRK,74.74,18,BID
2020-10-30 10:50:33,MRK,74.77,7,ASK
2020-10-30 10:50:33,MRK,74.76,8,BID
2020-10-30 10:50:33,MRK,74.79,11,ASK
2020-10-30 10:50:34,MRK,74.76,9,BID
2020-10-30 10:50:33,MRK,74.79,12,ASK
2020-10-30 10:50:34,MRK,74.76,9,BID
2020-10-30 10:50:33,MRK,74.79,12,ASK
2020-10-30 10:50:35,MRK,74.76,10,BID
2020-10-30 10:50:35,MRK,74.79,13,ASK
2020-10-30 10:50:36,MRK,74.77,7,BID
2020-10-30 10:50:36,MRK,74.79,2,ASK
2020-10-30 10:50:38,MRK,74.76,12,BID
2020-10-30 10:50:38,MRK,74.79,2,ASK
2020-10-30 10:50:39,MRK,74.76,12,BID
2020-10-30 10:50:40,MRK,74.79,3,ASK
2020-10-30 10:50:41,MRK,74.76,10,BID
2020-10-30 10:50:41,MRK,74.79,4,ASK
2020-10-30 10:50:43,MRK,74.76,9,BID
2020-10-30 10:50:41,MRK,74.79,4,ASK
2020-10-30 10:50:44,MRK,74.76,9,BID
2020-10-30 10:50:41,MRK,74.79,4,ASK
2020-10-30 10:50:45,MRK,74.76,10,BID
2020-10-30 10:50:41,MRK,74.79,4,ASK
2020-10-30 10:50:45,MRK,74.76,8,BID
2020-10-30 10:50:41,MRK,74.79,4,ASK
2020-10-30 10:50:45,MRK,74.76,8,BID
2020-10-30 10:50:41,MRK,74.79,4,ASK
2020-10-30 10:50:45,MRK,74.76,8,BID
2020-10-30 10:50:41,MRK,74.79,4,ASK
2020-10-30 10:50:53,MRK,74.75,1,BID
2020-10-30 10:50:53,MRK,74.77,4,ASK
2020-10-30 10:50:33,MRK,74.74,14,BID
2020-10-30 10:50:54,MRK,74.76,5,ASK
2020-10-30 10:50:33,MRK,74.74,14,BID
2020-10-30 10:50:55,MRK,74.76,6,ASK
2020-10-30 10:50:56,MRK,74.75,1,BID
2020-10-30 10:50:55,MRK,74.76,6,ASK
2020-10-30 10:50:57,MRK,74.75,9,BID
2020-10-30 10:50:57,MRK,74.77,7,ASK
2020-10-30 10:50:58,MRK,74.75,12,BID
2020-10-30 10:50:58,MRK,74.77,7,ASK
2020-10-30 10:50:58,MRK,74.76,7,BID
2020-10-30 10:50:59,MRK,74.79,9,ASK
2020-10-30 10:50:59,MRK,74.76,9,BID
2020-10-30 10:51:00,MRK,74.79,9,ASK
2020-10-30 10:50:59,MRK,74.76,9,BID
2020-10-30 10:51:01,MRK,74.79,9,ASK
2020-10-30 10:51:02,MRK,74.77,7,BID
2020-10-30 10:51:02,MRK,74.79,9,ASK
2020-10-30 10:51:03,MRK,74.78,1,BID
2020-10-30 10:51:02,MRK,74.79,9,ASK
2020-10-30 10:51:03,MRK,74.79,3,BID
2020-10-30 10:51:03,MRK,74.81,3,ASK
2020-10-30 10:51:04,MRK,74.79,6,BID
2020-10-30 10:51:04,MRK,74.82,11,ASK
2020-10-30 10:51:05,MRK,74.79,3,BID
2020-10-30 10:51:05,MRK,74.82,11,ASK
2020-10-30 10:51:05,MRK,74.78,5,BID
2020-10-30 10:51:05,MRK,74.82,13,ASK
2020-10-30 10:51:06,MRK,74.78,5,BID
2020-10-30 10:51:06,MRK,74.81,9,ASK
2020-10-30 10:51:08,MRK,74.78,10,BID
2020-10-30 10:51:06,MRK,74.81,8,ASK
2020-10-30 10:51:08,MRK,74.78,10,BID
2020-10-30 10:51:06,MRK,74.81,7,ASK
2020-10-30 10:51:08,MRK,74.78,10,BID
2020-10-30 10:51:06,MRK,74.81,7,ASK
2020-10-30 10:51:12,MRK,74.78,11,BID
2020-10-30 10:51:05,MRK,74.82,12,ASK
2020-10-30 10:51:12,MRK,74.78,11,BID
2020-10-30 10:51:05,MRK,74.82,13,ASK
2020-10-30 10:51:12,MRK,74.78,11,BID
2020-10-30 10:51:05,MRK,74.82,13,ASK
2020-10-30 10:51:12,MRK,74.78,11,BID
2020-10-30 10:51:05,MRK,74.82,13,ASK
2020-10-30 10:51:19,MRK,74.8,2,BID
2020-10-30 10:49:53,MRK,74.84,11,ASK
2020-10-30 10:51:19,MRK,74.81,2,BID
2020-10-30 10:51:19,MRK,74.83,10,ASK
2020-10-30 10:51:19,MRK,74.8,4,BID
2020-10-30 10:51:19,MRK,74.83,11,ASK
2020-10-30 10:51:20,MRK,74.82,10,BID
2020-10-30 10:49:50,MRK,74.85,13,ASK
2020-10-30 10:51:20,MRK,74.82,8,BID
2020-10-30 10:49:50,MRK,74.85,11,ASK
2020-10-30 10:51:20,MRK,74.83,2,BID
2020-10-30 10:49:50,MRK,74.85,11,ASK
2020-10-30 10:51:21,MRK,74.83,2,BID
2020-10-30 10:51:21,MRK,74.84,1,ASK
2020-10-30 10:51:22,MRK,74.82,9,BID
2020-10-30 10:51:22,MRK,74.84,6,ASK
2020-10-30 10:51:22,MRK,74.82,9,BID
2020-10-30 10:51:22,MRK,74.84,3,ASK
2020-10-30 10:51:23,MRK,74.82,9,BID
2020-10-30 10:51:23,MRK,74.84,4,ASK
2020-10-30 10:51:23,MRK,74.82,9,BID
2020-10-30 10:51:23,MRK,74.84,4,ASK
2020-10-30 10:51:23,MRK,74.82,9,BID
2020-10-30 10:51:23,MRK,74.84,4,ASK
2020-10-30 10:51:23,MRK,74.82,9,BID
2020-10-30 10:51:23,MRK,74.84,4,ASK
2020-10-30 10:51:23,MRK,74.82,9,BID
2020-10-30 10:51:23,MRK,74.84,4,ASK
2020-10-30 10:51:23,MRK,74.82,9,BID
2020-10-30 10:51:23,MRK,74.84,4,ASK
2020-10-30 10:51:23,MRK,74.82,9,BID
2020-10-30 10:51:23,MRK,74.84,4,ASK
2020-10-30 10:51:23,MRK,74.82,9,BID
2020-10-30 10:51:23,MRK,74.84,4,ASK
2020-10-30 10:51:23,MRK,74.82,9,BID
2020-10-30 10:51:23,MRK,74.84,4,ASK
2020-10-30 10:51:23,MRK,74.82,9,BID
2020-10-30 10:51:23,MRK,74.84,4,ASK
2020-10-30 10:51:23,MRK,74.82,9,BID
2020-10-30 10:51:23,MRK,74.84,4,ASK
2020-10-30 10:51:23,MRK,74.82,9,BID
2020-10-30 10:51:23,MRK,74.84,4,ASK
2020-10-30 10:51:23,MRK,74.82,9,BID
2020-10-30 10:51:23,MRK,74.84,4,ASK
2020-10-30 10:51:23,MRK,74.82,9,BID
2020-10-30 10:51:23,MRK,74.84,4,ASK
2020-10-30 10:51:23,MRK,74.82,9,BID
2020-10-30 10:51:23,MRK,74.84,4,ASK
2020-10-30 10:51:23,MRK,74.82,9,BID
2020-10-30 10:51:23,MRK,74.84,4,ASK
2020-10-30 10:51:23,MRK,74.82,9,BID
2020-10-30 10:51:23,MRK,74.84,4,ASK
2020-10-30 10:51:23,MRK,74.82,9,BID
2020-10-30 10:51:23,MRK,74.84,4,ASK
2020-10-30 10:51:23,MRK,74.82,9,BID
2020-10-30 10:51:23,MRK,74.84,4,ASK
2020-10-30 10:51:22,MRK,74.82,9,BID
2020-10-30 10:51:23,MRK,74.84,4,ASK
2020-10-30 10:51:22,MRK,74.82,9,BID
2020-10-30 10:51:23,MRK,74.84,4,ASK
2020-10-30 10:51:22,MRK,74.82,9,BID
2020-10-30 10:51:23,MRK,74.84,4,ASK
2020-10-30 10:51:22,MRK,74.82,9,BID
2020-10-30 10:51:23,MRK,74.84,4,ASK
2020-10-30 10:51:22,MRK,74.82,9,BID
2020-10-30 10:51:23,MRK,74.84,4,ASK
2020-10-30 10:51:22,MRK,74.82,9,BID
2020-10-30 10:51:23,MRK,74.84,4,ASK
2020-10-30 10:51:22,MRK,74.82,9,BID
2020-10-30 10:51:23,MRK,74.84,4,ASK
2020-10-30 10:51:33,MRK,74.86,3,BID
2020-10-30 10:51:33,MRK,74.88,11,ASK
2020-10-30 10:51:35,MRK,74.86,8,BID
2020-10-30 10:51:35,MRK,74.88,11,ASK
2020-10-30 10:51:36,MRK,74.88,3,BID
2020-10-30 10:51:36,MRK,74.9,6,ASK
