timestamp,ticker,price,volume,bid_ask
2020-10-30 10:31:27,MSFT,201.15,17,BID
2020-10-30 10:31:27,MSFT,201.18,2,ASK
2020-10-30 10:31:27,MSFT,201.15,18,BID
2020-10-30 10:31:27,MSFT,201.19,11,ASK
2020-10-30 10:31:27,MSFT,201.15,20,BID
2020-10-30 10:31:29,MSFT,201.17,2,ASK
2020-10-30 10:31:27,MSFT,201.15,20,BID
2020-10-30 10:31:29,MSFT,201.17,4,ASK
2020-10-30 10:31:27,MSFT,201.15,15,BID
2020-10-30 10:31:30,MSFT,201.17,9,ASK
2020-10-30 10:31:32,MSFT,201.1,10,BID
2020-10-30 10:31:32,MSFT,201.11,2,ASK
2020-10-30 10:31:07,MSFT,201.07,7,BID
2020-10-30 10:31:32,MSFT,201.09,2,ASK
2020-10-30 10:31:33,MSFT,201.08,2,BID
2020-10-30 10:31:33,MSFT,201.09,2,ASK
2020-10-30 10:31:35,MSFT,201.09,6,BID
2020-10-30 10:31:34,MSFT,201.12,13,ASK
2020-10-30 10:31:35,MSFT,201.09,10,BID
2020-10-30 10:31:36,MSFT,201.12,15,ASK
2020-10-30 10:31:37,MSFT,201.08,1,BID
2020-10-30 10:31:37,MSFT,201.1,9,ASK
2020-10-30 10:31:38,MSFT,201.11,9,BID
2020-10-30 10:31:38,MSFT,201.15,10,ASK
2020-10-30 10:31:39,MSFT,201.12,2,BID
2020-10-30 10:31:39,MSFT,201.15,14,ASK
2020-10-30 10:31:39,MSFT,201.12,2,BID
2020-10-30 10:31:39,MSFT,201.15,15,ASK
2020-10-30 10:31:41,MSFT,201.14,6,BID
2020-10-30 10:31:41,MSFT,201.17,1,ASK
2020-10-30 10:31:42,MSFT,201.14,11,BID
2020-10-30 10:31:42,MSFT,201.18,2,ASK
2020-10-30 10:31:43,MSFT,201.15,10,BID
2020-10-30 10:31:43,MSFT,201.19,8,ASK
2020-10-30 10:31:44,MSFT,201.16,1,BID
2020-10-30 10:31:44,MSFT,201.19,2,ASK
2020-10-30 10:31:45,MSFT,201.14,1,BID
2020-10-30 10:31:45,MSFT,201.17,14,ASK
2020-10-30 10:31:45,MSFT,201.12,11,BID
2020-10-30 10:31:45,MSFT,201.15,3,ASK
2020-10-30 10:31:47,MSFT,201.1,11,BID
2020-10-30 10:31:47,MSFT,201.12,1,ASK
2020-10-30 10:31:47,MSFT,201.08,10,BID
2020-10-30 10:31:47,MSFT,201.11,13,ASK
2020-10-30 10:31:48,MSFT,201.07,9,BID
2020-10-30 10:31:48,MSFT,201.11,15,ASK
2020-10-30 10:31:48,MSFT,201.07,6,BID
2020-10-30 10:31:49,MSFT,201.1,16,ASK
2020-10-30 10:31:51,MSFT,201.1,6,BID
2020-10-30 10:31:51,MSFT,201.12,1,ASK
2020-10-30 10:31:52,MSFT,201.1,7,BID
2020-10-30 10:31:52,MSFT,201.13,9,ASK
2020-10-30 10:31:51,MSFT,201.08,8,BID
2020-10-30 10:31:53,MSFT,201.12,8,ASK
2020-10-30 10:31:54,MSFT,201.11,7,BID
2020-10-30 10:31:51,MSFT,201.14,14,ASK
2020-10-30 10:31:55,MSFT,201.12,8,BID
2020-10-30 10:31:55,MSFT,201.14,1,ASK
2020-10-30 10:31:56,MSFT,201.1,12,BID
2020-10-30 10:31:56,MSFT,201.13,14,ASK
2020-10-30 10:31:57,MSFT,201.1,2,BID
2020-10-30 10:31:57,MSFT,201.12,4,ASK
2020-10-30 10:31:57,MSFT,201.08,8,BID
2020-10-30 10:31:57,MSFT,201.11,9,ASK
2020-10-30 10:31:59,MSFT,201.09,4,BID
2020-10-30 10:31:59,MSFT,201.13,17,ASK
2020-10-30 10:32:00,MSFT,201.07,9,BID
2020-10-30 10:32:00,MSFT,201.09,14,ASK
2020-10-30 10:32:00,MSFT,201.03,8,BID
2020-10-30 10:32:00,MSFT,201.06,3,ASK
2020-10-30 10:32:00,MSFT,201.03,6,BID
2020-10-30 10:32:00,MSFT,201.06,7,ASK
2020-10-30 10:32:01,MSFT,201.04,1,BID
2020-10-30 10:32:00,MSFT,201.06,10,ASK
2020-10-30 10:30:12,MSFT,201.0,17,BID
2020-10-30 10:32:01,MSFT,201.03,1,ASK
2020-10-30 10:32:02,MSFT,200.98,6,BID
2020-10-30 10:32:01,MSFT,201.01,12,ASK
2020-10-30 10:32:02,MSFT,200.97,5,BID
2020-10-30 10:32:02,MSFT,201.0,10,ASK
2020-10-30 10:32:03,MSFT,200.92,3,BID
2020-10-30 10:32:03,MSFT,200.96,16,ASK
2020-10-30 10:32:03,MSFT,200.92,17,BID
2020-10-30 10:32:03,MSFT,200.95,17,ASK
2020-10-30 10:32:04,MSFT,200.95,6,BID
2020-10-30 10:32:04,MSFT,200.98,7,ASK
2020-10-30 10:32:05,MSFT,201.01,1,BID
2020-10-30 10:32:05,MSFT,201.02,8,ASK
2020-10-30 10:32:06,MSFT,200.97,10,BID
2020-10-30 10:32:07,MSFT,201.0,1,ASK
2020-10-30 10:32:08,MSFT,200.98,1,BID
2020-10-30 10:32:08,MSFT,201.0,1,ASK
2020-10-30 10:32:09,MSFT,201.0,1,BID
2020-10-30 10:32:05,MSFT,201.02,15,ASK
2020-10-30 10:32:09,MSFT,200.94,1,BID
2020-10-30 10:32:09,MSFT,200.97,9,ASK
2020-10-30 10:32:10,MSFT,200.95,5,BID
2020-10-30 10:32:10,MSFT,200.98,12,ASK
2020-10-30 10:32:11,MSFT,200.95,15,BID
2020-10-30 10:32:12,MSFT,200.97,1,ASK
2020-10-30 10:32:12,MSFT,200.96,13,BID
2020-10-30 10:32:12,MSFT,200.98,12,ASK
2020-10-30 10:32:13,MSFT,200.96,12,BID
2020-10-30 10:32:11,MSFT,200.99,12,ASK
2020-10-30 10:32:15,MSFT,200.97,7,BID
2020-10-30 10:32:11,MSFT,200.99,12,ASK
2020-10-30 10:32:16,MSFT,200.93,8,BID
2020-10-30 10:32:16,MSFT,200.96,2,ASK
2020-10-30 10:32:17,MSFT,200.92,6,BID
2020-10-30 10:32:17,MSFT,200.94,4,ASK
2020-10-30 10:30:08,MSFT,200.9,10,BID
2020-10-30 10:32:19,MSFT,200.92,1,ASK
2020-10-30 10:32:19,MSFT,200.86,2,BID
2020-10-30 10:32:19,MSFT,200.88,10,ASK
2020-10-30 10:32:20,MSFT,200.83,11,BID
2020-10-30 10:32:20,MSFT,200.86,10,ASK
2020-10-30 10:32:20,MSFT,200.84,8,BID
2020-10-30 10:32:20,MSFT,200.88,1,ASK
2020-10-30 10:32:20,MSFT,200.86,1,BID
2020-10-30 10:32:20,MSFT,200.88,6,ASK
2020-10-30 10:32:21,MSFT,200.82,12,BID
2020-10-30 10:32:21,MSFT,200.85,13,ASK
2020-10-30 10:32:21,MSFT,200.83,11,BID
2020-10-30 10:32:21,MSFT,200.86,1,ASK
2020-10-30 10:32:23,MSFT,200.81,7,BID
2020-10-30 10:32:22,MSFT,200.84,7,ASK
2020-10-30 10:32:23,MSFT,200.82,10,BID
2020-10-30 10:32:23,MSFT,200.86,3,ASK
2020-10-30 10:32:23,MSFT,200.82,15,BID
2020-10-30 10:32:23,MSFT,200.86,2,ASK
2020-10-30 10:32:24,MSFT,200.78,1,BID
2020-10-30 10:32:24,MSFT,200.81,17,ASK
2020-10-30 10:32:24,MSFT,200.73,1,BID
2020-10-30 10:32:24,MSFT,200.76,13,ASK
2020-10-30 10:32:25,MSFT,200.76,1,BID
2020-10-30 10:32:25,MSFT,200.76,1,ASK
2020-10-30 10:32:25,MSFT,200.74,1,BID
2020-10-30 10:32:25,MSFT,200.76,5,ASK
2020-10-30 10:32:25,MSFT,200.76,3,BID
2020-10-30 10:32:25,MSFT,200.79,1,ASK
2020-10-30 10:32:26,MSFT,200.77,1,BID
2020-10-30 10:32:26,MSFT,200.79,1,ASK
2020-10-30 10:32:26,MSFT,200.72,3,BID
2020-10-30 10:32:26,MSFT,200.75,5,ASK
2020-10-30 10:32:27,MSFT,200.7,3,BID
2020-10-30 10:32:27,MSFT,200.73,6,ASK
2020-10-30 10:32:27,MSFT,200.71,7,BID
2020-10-30 10:32:27,MSFT,200.74,7,ASK
2020-10-30 10:32:27,MSFT,200.71,10,BID
2020-10-30 10:32:27,MSFT,200.75,4,ASK
2020-10-30 10:32:28,MSFT,200.74,4,BID
2020-10-30 10:32:28,MSFT,200.77,5,ASK
2020-10-30 10:32:29,MSFT,200.73,1,BID
2020-10-30 10:32:29,MSFT,200.76,2,ASK
2020-10-30 10:32:31,MSFT,200.74,4,BID
2020-10-30 10:32:31,MSFT,200.78,1,ASK
2020-10-30 10:32:31,MSFT,200.74,4,BID
2020-10-30 10:32:31,MSFT,200.79,2,ASK
2020-10-30 10:32:31,MSFT,200.78,5,BID
2020-10-30 10:32:31,MSFT,200.81,15,ASK
2020-10-30 10:32:31,MSFT,200.76,12,BID
2020-10-30 10:32:31,MSFT,200.81,6,ASK
2020-10-30 10:32:32,MSFT,200.79,1,BID
2020-10-30 10:32:32,MSFT,200.81,9,ASK
2020-10-30 10:32:33,MSFT,200.77,8,BID
2020-10-30 10:32:33,MSFT,200.8,3,ASK
2020-10-30 10:32:34,MSFT,200.76,10,BID
2020-10-30 10:32:34,MSFT,200.79,10,ASK
2020-10-30 10:32:36,MSFT,200.76,1,BID
2020-10-30 10:32:36,MSFT,200.79,6,ASK
2020-10-30 10:32:36,MSFT,200.72,1,BID
2020-10-30 10:32:36,MSFT,200.75,3,ASK
2020-10-30 10:32:38,MSFT,200.71,10,BID
2020-10-30 10:32:38,MSFT,200.75,8,ASK
2020-10-30 10:32:38,MSFT,200.67,4,BID
2020-10-30 10:32:38,MSFT,200.71,3,ASK
2020-10-30 10:32:38,MSFT,200.67,6,BID
2020-10-30 10:32:39,MSFT,200.7,1,ASK
2020-10-30 10:32:39,MSFT,200.7,20,BID
2020-10-30 10:32:39,MSFT,200.74,6,ASK
2020-10-30 10:32:40,MSFT,200.71,10,BID
2020-10-30 10:32:40,MSFT,200.74,12,ASK
2020-10-30 10:32:39,MSFT,200.66,32,BID
2020-10-30 10:32:42,MSFT,200.7,10,ASK
2020-10-30 10:32:43,MSFT,200.67,3,BID
2020-10-30 10:32:43,MSFT,200.7,5,ASK
2020-10-30 10:32:44,MSFT,200.65,4,BID
2020-10-30 10:32:44,MSFT,200.66,1,ASK
2020-10-30 10:32:44,MSFT,200.66,1,BID
2020-10-30 10:32:44,MSFT,200.67,16,ASK
2020-10-30 10:32:45,MSFT,200.65,1,BID
2020-10-30 10:32:45,MSFT,200.67,19,ASK
2020-10-30 10:32:46,MSFT,200.67,1,BID
2020-10-30 10:32:46,MSFT,200.7,4,ASK
2020-10-30 10:32:46,MSFT,200.66,7,BID
2020-10-30 10:32:46,MSFT,200.69,7,ASK
2020-10-30 10:32:48,MSFT,200.7,3,BID
2020-10-30 10:32:48,MSFT,200.73,10,ASK
2020-10-30 10:32:48,MSFT,200.76,3,BID
2020-10-30 10:32:49,MSFT,200.8,9,ASK
2020-10-30 10:32:50,MSFT,200.77,1,BID
2020-10-30 10:32:49,MSFT,200.8,14,ASK
2020-10-30 10:32:52,MSFT,200.78,3,BID
2020-10-30 10:32:51,MSFT,200.8,15,ASK
2020-10-30 10:32:54,MSFT,200.77,1,BID
2020-10-30 10:32:54,MSFT,200.79,1,ASK
2020-10-30 10:32:56,MSFT,200.79,4,BID
2020-10-30 10:32:56,MSFT,200.81,6,ASK
2020-10-30 10:32:57,MSFT,200.79,3,BID
2020-10-30 10:32:57,MSFT,200.83,2,ASK
2020-10-30 10:32:57,MSFT,200.82,1,BID
2020-10-30 10:32:57,MSFT,200.84,1,ASK
2020-10-30 10:32:58,MSFT,200.84,1,BID
2020-10-30 10:32:58,MSFT,200.87,8,ASK
2020-10-30 10:32:58,MSFT,200.83,1,BID
2020-10-30 10:32:58,MSFT,200.86,2,ASK
2020-10-30 10:32:59,MSFT,200.85,6,BID
2020-10-30 10:32:59,MSFT,200.89,12,ASK
2020-10-30 10:33:00,MSFT,200.83,1,BID
2020-10-30 10:33:00,MSFT,200.86,6,ASK
2020-10-30 10:33:01,MSFT,200.92,3,BID
2020-10-30 10:33:01,MSFT,200.95,1,ASK
2020-10-30 10:33:02,MSFT,200.95,3,BID
2020-10-30 10:33:02,MSFT,200.97,2,ASK
2020-10-30 10:33:02,MSFT,200.92,8,BID
2020-10-30 10:33:02,MSFT,200.94,1,ASK
2020-10-30 10:33:03,MSFT,200.93,2,BID
2020-10-30 10:33:03,MSFT,200.95,4,ASK
2020-10-30 10:33:04,MSFT,200.96,1,BID
2020-10-30 10:33:04,MSFT,200.97,8,ASK
2020-10-30 10:33:05,MSFT,200.97,3,BID
2020-10-30 10:33:05,MSFT,201.01,2,ASK
2020-10-30 10:33:06,MSFT,200.96,10,BID
2020-10-30 10:33:07,MSFT,200.99,2,ASK
2020-10-30 10:33:06,MSFT,200.96,9,BID
2020-10-30 10:33:07,MSFT,200.99,2,ASK
2020-10-30 10:33:01,MSFT,200.91,5,BID
2020-10-30 10:33:08,MSFT,200.94,4,ASK
2020-10-30 10:33:01,MSFT,200.87,4,BID
2020-10-30 10:33:09,MSFT,200.92,12,ASK
2020-10-30 10:33:10,MSFT,200.95,1,BID
2020-10-30 10:33:10,MSFT,200.97,11,ASK
2020-10-30 10:33:11,MSFT,200.93,5,BID
2020-10-30 10:33:11,MSFT,200.97,11,ASK
2020-10-30 10:33:12,MSFT,200.96,10,BID
2020-10-30 10:33:12,MSFT,200.98,17,ASK
2020-10-30 10:33:14,MSFT,200.92,3,BID
2020-10-30 10:33:14,MSFT,200.95,9,ASK
2020-10-30 10:33:15,MSFT,200.87,6,BID
2020-10-30 10:33:15,MSFT,200.9,9,ASK
2020-10-30 10:33:16,MSFT,200.89,1,BID
2020-10-30 10:33:16,MSFT,200.9,18,ASK
2020-10-30 10:33:17,MSFT,200.87,1,BID
2020-10-30 10:33:17,MSFT,200.9,1,ASK
2020-10-30 10:33:16,MSFT,200.85,9,BID
2020-10-30 10:33:18,MSFT,200.87,13,ASK
2020-10-30 10:33:19,MSFT,200.78,2,BID
2020-10-30 10:33:19,MSFT,200.79,3,ASK
2020-10-30 10:33:20,MSFT,200.8,3,BID
2020-10-30 10:33:20,MSFT,200.82,4,ASK
2020-10-30 10:33:21,MSFT,200.82,16,BID
2020-10-30 10:33:21,MSFT,200.85,1,ASK
2020-10-30 10:33:22,MSFT,200.81,8,BID
2020-10-30 10:33:22,MSFT,200.84,2,ASK
2020-10-30 10:33:23,MSFT,200.77,10,BID
2020-10-30 10:33:23,MSFT,200.8,1,ASK
2020-10-30 10:33:24,MSFT,200.78,1,BID
2020-10-30 10:33:24,MSFT,200.8,1,ASK
2020-10-30 10:33:25,MSFT,200.77,2,BID
2020-10-30 10:33:25,MSFT,200.78,9,ASK
2020-10-30 10:33:27,MSFT,200.75,1,BID
2020-10-30 10:33:27,MSFT,200.77,5,ASK
2020-10-30 10:33:28,MSFT,200.76,11,BID
2020-10-30 10:33:27,MSFT,200.78,3,ASK
2020-10-30 10:33:29,MSFT,200.77,3,BID
2020-10-30 10:33:27,MSFT,200.79,16,ASK
2020-10-30 10:33:31,MSFT,200.75,7,BID
2020-10-30 10:33:31,MSFT,200.78,5,ASK
2020-10-30 10:33:32,MSFT,200.75,8,BID
2020-10-30 10:33:32,MSFT,200.78,11,ASK
2020-10-30 10:33:33,MSFT,200.78,7,BID
2020-10-30 10:33:33,MSFT,200.8,2,ASK
2020-10-30 10:33:33,MSFT,200.78,10,BID
2020-10-30 10:33:33,MSFT,200.8,2,ASK
2020-10-30 10:33:34,MSFT,200.78,13,BID
2020-10-30 10:33:25,MSFT,200.81,16,ASK
2020-10-30 10:33:34,MSFT,200.78,13,BID
2020-10-30 10:33:25,MSFT,200.81,17,ASK
2020-10-30 10:33:35,MSFT,200.78,5,BID
2020-10-30 10:33:35,MSFT,200.8,2,ASK
2020-10-30 10:33:37,MSFT,200.75,1,BID
2020-10-30 10:33:37,MSFT,200.77,5,ASK
2020-10-30 10:33:37,MSFT,200.75,1,BID
2020-10-30 10:33:37,MSFT,200.77,9,ASK
2020-10-30 10:33:37,MSFT,200.76,11,BID
2020-10-30 10:33:38,MSFT,200.78,1,ASK
2020-10-30 10:33:39,MSFT,200.78,7,BID
2020-10-30 10:33:39,MSFT,200.8,2,ASK
2020-10-30 10:33:40,MSFT,200.78,3,BID
2020-10-30 10:33:39,MSFT,200.8,2,ASK
2020-10-30 10:33:41,MSFT,200.77,1,BID
2020-10-30 10:33:41,MSFT,200.78,1,ASK
2020-10-30 10:33:43,MSFT,200.76,1,BID
2020-10-30 10:33:43,MSFT,200.77,9,ASK
2020-10-30 10:33:44,MSFT,200.76,1,BID
2020-10-30 10:33:44,MSFT,200.77,2,ASK
2020-10-30 10:33:44,MSFT,200.72,9,BID
2020-10-30 10:33:44,MSFT,200.74,11,ASK
2020-10-30 10:33:45,MSFT,200.76,6,BID
2020-10-30 10:33:42,MSFT,200.78,19,ASK
2020-10-30 10:33:46,MSFT,200.78,8,BID
2020-10-30 10:33:25,MSFT,200.81,15,ASK
2020-10-30 10:33:47,MSFT,200.79,8,BID
2020-10-30 10:33:47,MSFT,200.82,12,ASK
2020-10-30 10:33:48,MSFT,200.82,5,BID
2020-10-30 10:33:48,MSFT,200.86,12,ASK
2020-10-30 10:33:48,MSFT,200.85,9,BID
2020-10-30 10:33:48,MSFT,200.86,2,ASK
2020-10-30 10:33:49,MSFT,200.82,10,BID
2020-10-30 10:33:49,MSFT,200.85,1,ASK
2020-10-30 10:33:49,MSFT,200.82,11,BID
2020-10-30 10:33:49,MSFT,200.86,7,ASK
2020-10-30 10:33:49,MSFT,200.82,11,BID
2020-10-30 10:33:50,MSFT,200.85,5,ASK
2020-10-30 10:33:52,MSFT,200.81,1,BID
2020-10-30 10:33:52,MSFT,200.82,1,ASK
2020-10-30 10:33:53,MSFT,200.79,8,BID
2020-10-30 10:33:53,MSFT,200.81,7,ASK
2020-10-30 10:33:55,MSFT,200.82,9,BID
2020-10-30 10:33:55,MSFT,200.85,10,ASK
2020-10-30 10:33:55,MSFT,200.82,8,BID
2020-10-30 10:33:56,MSFT,200.84,10,ASK
2020-10-30 10:33:57,MSFT,200.86,9,BID
2020-10-30 10:33:57,MSFT,200.89,8,ASK
2020-10-30 10:33:58,MSFT,200.89,1,BID
2020-10-30 10:33:58,MSFT,200.92,7,ASK
2020-10-30 10:34:00,MSFT,200.9,5,BID
2020-10-30 10:34:00,MSFT,200.93,15,ASK
2020-10-30 10:34:01,MSFT,200.84,6,BID
2020-10-30 10:34:01,MSFT,200.87,6,ASK
2020-10-30 10:34:01,MSFT,200.79,15,BID
2020-10-30 10:34:01,MSFT,200.81,3,ASK
2020-10-30 10:34:02,MSFT,200.8,1,BID
2020-10-30 10:34:02,MSFT,200.83,12,ASK
2020-10-30 10:34:03,MSFT,200.79,13,BID
2020-10-30 10:34:03,MSFT,200.81,12,ASK
2020-10-30 10:34:03,MSFT,200.8,6,BID
2020-10-30 10:34:03,MSFT,200.84,6,ASK
2020-10-30 10:34:04,MSFT,200.8,1,BID
2020-10-30 10:34:04,MSFT,200.84,8,ASK
2020-10-30 10:34:05,MSFT,200.78,4,BID
2020-10-30 10:34:05,MSFT,200.81,12,ASK
2020-10-30 10:34:05,MSFT,200.77,9,BID
2020-10-30 10:34:06,MSFT,200.81,3,ASK
2020-10-30 10:34:07,MSFT,200.81,1,BID
2020-10-30 10:34:07,MSFT,200.82,1,ASK
2020-10-30 10:34:08,MSFT,200.76,6,BID
2020-10-30 10:34:08,MSFT,200.78,2,ASK
2020-10-30 10:34:09,MSFT,200.75,9,BID
2020-10-30 10:34:09,MSFT,200.79,12,ASK
2020-10-30 10:32:48,MSFT,200.7,8,BID
2020-10-30 10:34:09,MSFT,200.73,1,ASK
2020-10-30 10:34:10,MSFT,200.72,1,BID
2020-10-30 10:34:10,MSFT,200.74,13,ASK
2020-10-30 10:34:10,MSFT,200.72,8,BID
2020-10-30 10:34:10,MSFT,200.76,11,ASK
2020-10-30 10:34:11,MSFT,200.78,14,BID
2020-10-30 10:34:11,MSFT,200.82,6,ASK
2020-10-30 10:34:12,MSFT,200.78,17,BID
2020-10-30 10:34:12,MSFT,200.81,8,ASK
2020-10-30 10:34:12,MSFT,200.78,16,BID
2020-10-30 10:34:12,MSFT,200.81,11,ASK
2020-10-30 10:34:14,MSFT,200.75,5,BID
2020-10-30 10:34:14,MSFT,200.78,11,ASK
2020-10-30 10:34:14,MSFT,200.78,1,BID
2020-10-30 10:34:12,MSFT,200.81,6,ASK
2020-10-30 10:34:14,MSFT,200.77,10,BID
2020-10-30 10:34:14,MSFT,200.81,10,ASK
2020-10-30 10:34:15,MSFT,200.75,5,BID
2020-10-30 10:34:15,MSFT,200.79,2,ASK
2020-10-30 10:34:16,MSFT,200.77,4,BID
2020-10-30 10:34:16,MSFT,200.81,1,ASK
2020-10-30 10:34:17,MSFT,200.8,14,BID
2020-10-30 10:34:17,MSFT,200.83,15,ASK
2020-10-30 10:34:19,MSFT,200.77,15,BID
2020-10-30 10:34:19,MSFT,200.8,4,ASK
2020-10-30 10:34:20,MSFT,200.77,10,BID
2020-10-30 10:34:20,MSFT,200.81,11,ASK
2020-10-30 10:34:22,MSFT,200.79,2,BID
2020-10-30 10:34:22,MSFT,200.82,1,ASK
2020-10-30 10:34:23,MSFT,200.75,7,BID
2020-10-30 10:34:23,MSFT,200.78,6,ASK
2020-10-30 10:34:24,MSFT,200.77,9,BID
2020-10-30 10:34:24,MSFT,200.81,18,ASK
2020-10-30 10:34:24,MSFT,200.78,11,BID
2020-10-30 10:34:24,MSFT,200.8,6,ASK
2020-10-30 10:34:25,MSFT,200.78,1,BID
2020-10-30 10:34:25,MSFT,200.8,8,ASK
2020-10-30 10:34:26,MSFT,200.79,1,BID
2020-10-30 10:34:26,MSFT,200.82,3,ASK
2020-10-30 10:34:27,MSFT,200.77,8,BID
2020-10-30 10:34:28,MSFT,200.79,2,ASK
2020-10-30 10:34:29,MSFT,200.74,7,BID
2020-10-30 10:34:29,MSFT,200.78,1,ASK
2020-10-30 10:34:31,MSFT,200.75,10,BID
2020-10-30 10:34:31,MSFT,200.77,4,ASK
2020-10-30 10:34:32,MSFT,200.72,6,BID
2020-10-30 10:34:32,MSFT,200.75,9,ASK
2020-10-30 10:34:34,MSFT,200.72,9,BID
2020-10-30 10:34:34,MSFT,200.74,2,ASK
2020-10-30 10:34:35,MSFT,200.71,8,BID
2020-10-30 10:34:35,MSFT,200.73,2,ASK
2020-10-30 10:34:36,MSFT,200.72,2,BID
2020-10-30 10:34:36,MSFT,200.74,8,ASK
2020-10-30 10:34:37,MSFT,200.76,8,BID
2020-10-30 10:34:37,MSFT,200.79,1,ASK
2020-10-30 10:34:38,MSFT,200.77,12,BID
2020-10-30 10:34:38,MSFT,200.8,12,ASK
2020-10-30 10:34:41,MSFT,200.79,9,BID
2020-10-30 10:34:41,MSFT,200.82,14,ASK
2020-10-30 10:34:42,MSFT,200.78,9,BID
2020-10-30 10:34:41,MSFT,200.82,11,ASK
2020-10-30 10:34:44,MSFT,200.77,1,BID
2020-10-30 10:34:44,MSFT,200.8,4,ASK
2020-10-30 10:34:45,MSFT,200.78,16,BID
2020-10-30 10:34:45,MSFT,200.81,6,ASK
2020-10-30 10:34:46,MSFT,200.76,12,BID
2020-10-30 10:34:46,MSFT,200.81,1,ASK
2020-10-30 10:34:49,MSFT,200.81,1,BID
2020-10-30 10:34:49,MSFT,200.83,11,ASK
2020-10-30 10:34:50,MSFT,200.85,9,BID
2020-10-30 10:34:49,MSFT,200.87,8,ASK
2020-10-30 10:34:50,MSFT,200.87,6,BID
2020-10-30 10:34:50,MSFT,200.91,5,ASK
2020-10-30 10:34:51,MSFT,200.83,7,BID
2020-10-30 10:34:51,MSFT,200.85,11,ASK
2020-10-30 10:34:51,MSFT,200.82,1,BID
2020-10-30 10:34:51,MSFT,200.84,9,ASK
2020-10-30 10:34:52,MSFT,200.8,8,BID
2020-10-30 10:34:52,MSFT,200.84,6,ASK
2020-10-30 10:34:47,MSFT,200.79,7,BID
2020-10-30 10:34:52,MSFT,200.82,4,ASK
2020-10-30 10:34:52,MSFT,200.79,2,BID
2020-10-30 10:34:52,MSFT,200.82,12,ASK
2020-10-30 10:34:53,MSFT,200.79,10,BID
2020-10-30 10:34:53,MSFT,200.8,2,ASK
2020-10-30 10:34:53,MSFT,200.79,8,BID
2020-10-30 10:34:53,MSFT,200.8,2,ASK
2020-10-30 10:34:53,MSFT,200.78,3,BID
2020-10-30 10:34:53,MSFT,200.8,3,ASK
2020-10-30 10:34:53,MSFT,200.77,13,BID
2020-10-30 10:34:53,MSFT,200.78,1,ASK
2020-10-30 10:34:53,MSFT,200.75,13,BID
2020-10-30 10:34:53,MSFT,200.76,16,ASK
2020-10-30 10:32:48,MSFT,200.7,9,BID
2020-10-30 10:34:54,MSFT,200.73,7,ASK
2020-10-30 10:34:55,MSFT,200.68,2,BID
2020-10-30 10:34:55,MSFT,200.7,1,ASK
2020-10-30 10:34:58,MSFT,200.71,14,BID
2020-10-30 10:34:58,MSFT,200.75,14,ASK
2020-10-30 10:35:00,MSFT,200.69,7,BID
2020-10-30 10:35:00,MSFT,200.71,7,ASK
2020-10-30 10:35:03,MSFT,200.67,3,BID
2020-10-30 10:35:03,MSFT,200.69,3,ASK
2020-10-30 10:35:04,MSFT,200.67,1,BID
2020-10-30 10:35:04,MSFT,200.69,13,ASK
2020-10-30 10:35:05,MSFT,200.66,8,BID
2020-10-30 10:35:05,MSFT,200.7,9,ASK
2020-10-30 10:35:05,MSFT,200.66,8,BID
2020-10-30 10:35:05,MSFT,200.7,9,ASK
2020-10-30 10:35:05,MSFT,200.66,8,BID
2020-10-30 10:35:05,MSFT,200.7,8,ASK
2020-10-30 10:35:05,MSFT,200.65,12,BID
2020-10-30 10:35:05,MSFT,200.67,2,ASK
2020-10-30 10:35:05,MSFT,200.63,9,BID
2020-10-30 10:35:05,MSFT,200.65,11,ASK
2020-10-30 10:35:05,MSFT,200.6,8,BID
2020-10-30 10:35:05,MSFT,200.62,10,ASK
2020-10-30 10:35:05,MSFT,200.6,7,BID
2020-10-30 10:35:05,MSFT,200.62,10,ASK
2020-10-30 10:35:05,MSFT,200.6,7,BID
2020-10-30 10:35:05,MSFT,200.62,10,ASK
2020-10-30 10:35:05,MSFT,200.6,7,BID
2020-10-30 10:35:05,MSFT,200.62,10,ASK
2020-10-30 10:35:05,MSFT,200.6,7,BID
2020-10-30 10:35:05,MSFT,200.62,10,ASK
2020-10-30 10:35:05,MSFT,200.6,7,BID
2020-10-30 10:35:05,MSFT,200.62,10,ASK
2020-10-30 10:35:05,MSFT,200.6,7,BID
2020-10-30 10:35:05,MSFT,200.62,10,ASK
2020-10-30 10:35:05,MSFT,200.6,8,BID
2020-10-30 10:35:05,MSFT,200.63,14,ASK
2020-10-30 10:35:05,MSFT,200.6,10,BID
2020-10-30 10:35:06,MSFT,200.63,5,ASK
2020-10-30 10:35:08,MSFT,200.64,8,BID
2020-10-30 10:35:07,MSFT,200.66,11,ASK
2020-10-30 10:35:08,MSFT,200.63,9,BID
2020-10-30 10:35:08,MSFT,200.66,1,ASK
2020-10-30 10:35:08,MSFT,200.63,9,BID
2020-10-30 10:35:08,MSFT,200.66,1,ASK
2020-10-30 10:35:08,MSFT,200.63,9,BID
2020-10-30 10:35:08,MSFT,200.66,1,ASK
2020-10-30 10:35:09,MSFT,200.62,5,BID
2020-10-30 10:35:09,MSFT,200.66,2,ASK
2020-10-30 10:35:09,MSFT,200.66,17,BID
2020-10-30 10:35:09,MSFT,200.69,4,ASK
2020-10-30 10:35:11,MSFT,200.69,1,BID
2020-10-30 10:35:11,MSFT,200.71,1,ASK
2020-10-30 10:35:13,MSFT,200.68,11,BID
2020-10-30 10:35:13,MSFT,200.71,5,ASK
2020-10-30 10:35:16,MSFT,200.63,8,BID
2020-10-30 10:35:17,MSFT,200.65,1,ASK
2020-10-30 10:35:20,MSFT,200.58,4,BID
2020-10-30 10:35:20,MSFT,200.6,6,ASK
2020-10-30 10:35:20,MSFT,200.55,3,BID
2020-10-30 10:35:20,MSFT,200.56,9,ASK
2020-10-30 10:35:20,MSFT,200.52,6,BID
2020-10-30 10:35:20,MSFT,200.54,1,ASK
2020-10-30 10:35:20,MSFT,200.52,1,BID
2020-10-30 10:35:20,MSFT,200.53,9,ASK
2020-10-30 10:35:21,MSFT,200.53,14,BID
2020-10-30 10:35:21,MSFT,200.55,18,ASK
2020-10-30 10:35:21,MSFT,200.53,15,BID
2020-10-30 10:35:21,MSFT,200.56,11,ASK
2020-10-30 10:35:21,MSFT,200.5,332,BID
2020-10-30 10:35:21,MSFT,200.54,12,ASK
2020-10-30 10:35:22,MSFT,200.5,261,BID
2020-10-30 10:35:22,MSFT,200.53,9,ASK
2020-10-30 10:35:22,MSFT,200.53,4,BID
2020-10-30 10:35:22,MSFT,200.56,16,ASK
2020-10-30 10:35:22,MSFT,200.55,11,BID
2020-10-30 10:35:22,MSFT,200.56,9,ASK
2020-10-30 10:35:23,MSFT,200.55,10,BID
2020-10-30 10:35:23,MSFT,200.58,7,ASK
2020-10-30 10:35:24,MSFT,200.57,10,BID
2020-10-30 10:35:24,MSFT,200.61,4,ASK
2020-10-30 10:35:24,MSFT,200.53,11,BID
2020-10-30 10:35:24,MSFT,200.56,2,ASK
2020-10-30 10:35:25,MSFT,200.51,3,BID
2020-10-30 10:35:25,MSFT,200.55,9,ASK
2020-10-30 10:35:26,MSFT,200.52,1,BID
2020-10-30 10:35:26,MSFT,200.55,11,ASK
2020-10-30 10:35:27,MSFT,200.52,1,BID
2020-10-30 10:35:26,MSFT,200.55,15,ASK
2020-10-30 10:35:28,MSFT,200.52,9,BID
2020-10-30 10:35:28,MSFT,200.54,1,ASK
2020-10-30 10:35:29,MSFT,200.52,1,BID
2020-10-30 10:35:29,MSFT,200.53,1,ASK
2020-10-30 10:35:29,MSFT,200.53,4,BID
2020-10-30 10:35:29,MSFT,200.56,12,ASK
2020-10-30 10:35:29,MSFT,200.53,9,BID
2020-10-30 10:35:29,MSFT,200.55,1,ASK
2020-10-30 10:35:30,MSFT,200.51,16,BID
2020-10-30 10:35:30,MSFT,200.53,1,ASK
2020-10-30 10:35:30,MSFT,200.49,2,BID
2020-10-30 10:35:30,MSFT,200.51,20,ASK
2020-10-30 10:35:31,MSFT,200.53,1,BID
2020-10-30 10:35:31,MSFT,200.55,6,ASK
2020-10-30 10:35:32,MSFT,200.53,1,BID
2020-10-30 10:35:32,MSFT,200.55,16,ASK
2020-10-30 10:35:32,MSFT,200.55,14,BID
2020-10-30 10:35:32,MSFT,200.56,11,ASK
2020-10-30 10:35:32,MSFT,200.55,16,BID
2020-10-30 10:35:32,MSFT,200.56,11,ASK
2020-10-30 10:35:33,MSFT,200.56,1,BID
2020-10-30 10:35:33,MSFT,200.59,14,ASK
2020-10-30 10:35:35,MSFT,200.59,1,BID
2020-10-30 10:35:35,MSFT,200.6,2,ASK
2020-10-30 10:35:36,MSFT,200.59,6,BID
2020-10-30 10:35:34,MSFT,200.61,9,ASK
2020-10-30 10:35:38,MSFT,200.58,3,BID
2020-10-30 10:35:38,MSFT,200.61,3,ASK
2020-10-30 10:35:39,MSFT,200.58,5,BID
2020-10-30 10:35:39,MSFT,200.62,1,ASK
2020-10-30 10:35:40,MSFT,200.57,1,BID
2020-10-30 10:35:40,MSFT,200.6,7,ASK
2020-10-30 10:35:42,MSFT,200.53,7,BID
2020-10-30 10:35:42,MSFT,200.56,10,ASK
2020-10-30 10:35:42,MSFT,200.57,2,BID
2020-10-30 10:35:42,MSFT,200.6,8,ASK
2020-10-30 10:35:43,MSFT,200.58,1,BID
2020-10-30 10:35:43,MSFT,200.6,2,ASK
2020-10-30 10:35:44,MSFT,200.62,4,BID
2020-10-30 10:35:44,MSFT,200.65,5,ASK
2020-10-30 10:35:44,MSFT,200.64,4,BID
2020-10-30 10:35:44,MSFT,200.67,9,ASK
2020-10-30 10:35:44,MSFT,200.66,1,BID
2020-10-30 10:35:16,MSFT,200.68,13,ASK
2020-10-30 10:35:45,MSFT,200.66,3,BID
2020-10-30 10:35:45,MSFT,200.68,4,ASK
2020-10-30 10:35:45,MSFT,200.67,9,BID
2020-10-30 10:35:45,MSFT,200.69,18,ASK
2020-10-30 10:35:45,MSFT,200.61,9,BID
2020-10-30 10:35:45,MSFT,200.64,1,ASK
2020-10-30 10:35:46,MSFT,200.57,18,BID
2020-10-30 10:35:47,MSFT,200.62,10,ASK
2020-10-30 10:35:48,MSFT,200.62,8,BID
2020-10-30 10:35:48,MSFT,200.67,4,ASK
2020-10-30 10:35:50,MSFT,200.65,14,BID
2020-10-30 10:35:50,MSFT,200.68,6,ASK
2020-10-30 10:35:51,MSFT,200.63,10,BID
2020-10-30 10:35:51,MSFT,200.65,1,ASK
2020-10-30 10:35:48,MSFT,200.61,3,BID
2020-10-30 10:35:52,MSFT,200.63,2,ASK
2020-10-30 10:35:52,MSFT,200.6,11,BID
2020-10-30 10:35:52,MSFT,200.64,14,ASK
2020-10-30 10:35:54,MSFT,200.61,3,BID
2020-10-30 10:35:53,MSFT,200.64,13,ASK
2020-10-30 10:35:55,MSFT,200.62,10,BID
2020-10-30 10:35:55,MSFT,200.65,2,ASK
2020-10-30 10:35:55,MSFT,200.62,7,BID
2020-10-30 10:35:55,MSFT,200.65,11,ASK
2020-10-30 10:35:57,MSFT,200.64,3,BID
2020-10-30 10:35:57,MSFT,200.66,2,ASK
2020-10-30 10:35:57,MSFT,200.67,9,BID
2020-10-30 10:35:57,MSFT,200.7,7,ASK
2020-10-30 10:35:57,MSFT,200.67,9,BID
2020-10-30 10:35:57,MSFT,200.7,7,ASK
2020-10-30 10:35:57,MSFT,200.67,9,BID
2020-10-30 10:35:57,MSFT,200.7,7,ASK
2020-10-30 10:35:57,MSFT,200.67,9,BID
2020-10-30 10:35:57,MSFT,200.7,7,ASK
2020-10-30 10:35:57,MSFT,200.67,9,BID
2020-10-30 10:35:57,MSFT,200.7,7,ASK
2020-10-30 10:35:58,MSFT,200.73,6,BID
2020-10-30 10:35:58,MSFT,200.75,14,ASK
2020-10-30 10:36:01,MSFT,200.64,1,BID
2020-10-30 10:36:01,MSFT,200.67,3,ASK
2020-10-30 10:36:02,MSFT,200.61,1,BID
2020-10-30 10:36:02,MSFT,200.63,1,ASK
2020-10-30 10:36:03,MSFT,200.62,7,BID
2020-10-30 10:36:02,MSFT,200.64,12,ASK
2020-10-30 10:36:04,MSFT,200.62,7,BID
2020-10-30 10:36:04,MSFT,200.63,5,ASK
2020-10-30 10:36:04,MSFT,200.62,7,BID
2020-10-30 10:36:03,MSFT,200.66,14,ASK
2020-10-30 10:36:06,MSFT,200.59,10,BID
2020-10-30 10:36:06,MSFT,200.62,1,ASK
2020-10-30 10:36:06,MSFT,200.62,8,BID
2020-10-30 10:36:06,MSFT,200.66,12,ASK
2020-10-30 10:36:08,MSFT,200.64,1,BID
2020-10-30 10:36:07,MSFT,200.65,11,ASK
2020-10-30 10:36:08,MSFT,200.62,13,BID
2020-10-30 10:36:09,MSFT,200.65,9,ASK
2020-10-30 10:36:06,MSFT,200.59,9,BID
2020-10-30 10:36:11,MSFT,200.61,19,ASK
2020-10-30 10:36:12,MSFT,200.6,1,BID
2020-10-30 10:36:12,MSFT,200.61,2,ASK
2020-10-30 10:36:14,MSFT,200.55,9,BID
2020-10-30 10:36:14,MSFT,200.58,1,ASK
2020-10-30 10:36:14,MSFT,200.53,2,BID
2020-10-30 10:36:14,MSFT,200.54,3,ASK
2020-10-30 10:36:15,MSFT,200.53,9,BID
2020-10-30 10:36:15,MSFT,200.55,11,ASK
2020-10-30 10:36:15,MSFT,200.54,2,BID
2020-10-30 10:36:14,MSFT,200.56,16,ASK
2020-10-30 10:36:17,MSFT,200.54,2,BID
2020-10-30 10:36:17,MSFT,200.55,2,ASK
2020-10-30 10:36:17,MSFT,200.54,2,BID
2020-10-30 10:36:17,MSFT,200.56,9,ASK
2020-10-30 10:36:17,MSFT,200.53,12,BID
2020-10-30 10:36:18,MSFT,200.54,1,ASK
2020-10-30 10:36:19,MSFT,200.5,4,BID
2020-10-30 10:36:19,MSFT,200.52,9,ASK
2020-10-30 10:36:20,MSFT,200.45,2,BID
2020-10-30 10:36:20,MSFT,200.49,14,ASK
2020-10-30 10:36:21,MSFT,200.44,14,BID
2020-10-30 10:36:21,MSFT,200.48,17,ASK
2020-10-30 10:36:21,MSFT,200.4,13,BID
2020-10-30 10:36:21,MSFT,200.42,8,ASK
2020-10-30 10:36:22,MSFT,200.36,8,BID
2020-10-30 10:36:22,MSFT,200.39,7,ASK
2020-10-30 10:36:22,MSFT,200.33,1,BID
2020-10-30 10:36:22,MSFT,200.35,11,ASK
2020-10-30 10:36:23,MSFT,200.31,12,BID
2020-10-30 10:36:23,MSFT,200.34,15,ASK
2020-10-30 10:36:24,MSFT,200.35,1,BID
2020-10-30 10:36:24,MSFT,200.36,18,ASK
2020-10-30 10:36:24,MSFT,200.39,3,BID
2020-10-30 10:36:24,MSFT,200.41,14,ASK
2020-10-30 10:36:24,MSFT,200.38,6,BID
2020-10-30 10:36:25,MSFT,200.41,19,ASK
2020-10-30 10:36:27,MSFT,200.37,2,BID
2020-10-30 10:36:25,MSFT,200.41,22,ASK
2020-10-30 10:36:28,MSFT,200.37,9,BID
2020-10-30 10:36:28,MSFT,200.39,8,ASK
2020-10-30 10:36:28,MSFT,200.34,1,BID
2020-10-30 10:36:28,MSFT,200.38,7,ASK
2020-10-30 10:36:29,MSFT,200.35,1,BID
2020-10-30 10:36:29,MSFT,200.38,13,ASK
2020-10-30 10:36:30,MSFT,200.33,6,BID
2020-10-30 10:36:30,MSFT,200.37,10,ASK
2020-10-30 10:36:31,MSFT,200.3,11,BID
2020-10-30 10:36:31,MSFT,200.34,12,ASK
2020-10-30 10:36:31,MSFT,200.27,3,BID
2020-10-30 10:36:31,MSFT,200.29,8,ASK
2020-10-30 10:36:31,MSFT,200.25,9,BID
2020-10-30 10:36:31,MSFT,200.26,17,ASK
2020-10-30 10:36:32,MSFT,200.26,3,BID
2020-10-30 10:36:31,MSFT,200.28,16,ASK
2020-10-30 10:36:33,MSFT,200.26,7,BID
2020-10-30 10:36:32,MSFT,200.28,11,ASK
2020-10-30 10:36:35,MSFT,200.27,3,BID
2020-10-30 10:36:34,MSFT,200.28,20,ASK
2020-10-30 10:36:36,MSFT,200.27,1,BID
2020-10-30 10:36:34,MSFT,200.28,20,ASK
2020-10-30 10:36:37,MSFT,200.29,2,BID
2020-10-30 10:36:36,MSFT,200.3,11,ASK
2020-10-30 10:36:38,MSFT,200.33,3,BID
2020-10-30 10:36:38,MSFT,200.36,8,ASK
2020-10-30 10:36:39,MSFT,200.35,2,BID
2020-10-30 10:36:39,MSFT,200.36,2,ASK
2020-10-30 10:36:38,MSFT,200.31,5,BID
2020-10-30 10:36:40,MSFT,200.34,3,ASK
2020-10-30 10:36:41,MSFT,200.34,1,BID
2020-10-30 10:36:41,MSFT,200.35,9,ASK
2020-10-30 10:36:43,MSFT,200.35,7,BID
2020-10-30 10:36:43,MSFT,200.37,4,ASK
2020-10-30 10:36:44,MSFT,200.31,9,BID
2020-10-30 10:36:44,MSFT,200.35,12,ASK
2020-10-30 10:36:44,MSFT,200.31,11,BID
2020-10-30 10:36:44,MSFT,200.33,12,ASK
2020-10-30 10:36:45,MSFT,200.3,17,BID
2020-10-30 10:36:45,MSFT,200.32,3,ASK
2020-10-30 10:36:46,MSFT,200.27,1,BID
2020-10-30 10:36:46,MSFT,200.27,7,ASK
2020-10-30 10:36:46,MSFT,200.27,4,BID
2020-10-30 10:36:46,MSFT,200.29,7,ASK
2020-10-30 10:36:46,MSFT,200.27,4,BID
2020-10-30 10:36:47,MSFT,200.29,2,ASK
2020-10-30 10:36:47,MSFT,200.25,16,BID
2020-10-30 10:36:47,MSFT,200.27,10,ASK
2020-10-30 10:36:48,MSFT,200.26,8,BID
2020-10-30 10:36:47,MSFT,200.28,11,ASK
2020-10-30 10:36:49,MSFT,200.28,14,BID
2020-10-30 10:36:49,MSFT,200.29,2,ASK
2020-10-30 10:36:50,MSFT,200.28,9,BID
2020-10-30 10:36:46,MSFT,200.3,31,ASK
2020-10-30 10:36:51,MSFT,200.28,15,BID
2020-10-30 10:36:51,MSFT,200.31,11,ASK
2020-10-30 10:36:52,MSFT,200.28,7,BID
2020-10-30 10:36:51,MSFT,200.31,19,ASK
2020-10-30 10:36:53,MSFT,200.32,15,BID
2020-10-30 10:36:53,MSFT,200.36,12,ASK
2020-10-30 10:36:54,MSFT,200.34,2,BID
2020-10-30 10:36:53,MSFT,200.36,17,ASK
2020-10-30 10:36:54,MSFT,200.31,18,BID
2020-10-30 10:36:54,MSFT,200.34,3,ASK
2020-10-30 10:36:55,MSFT,200.37,12,BID
2020-10-30 10:36:55,MSFT,200.4,8,ASK
2020-10-30 10:36:55,MSFT,200.37,3,BID
2020-10-30 10:36:55,MSFT,200.39,2,ASK
2020-10-30 10:36:55,MSFT,200.36,9,BID
2020-10-30 10:36:55,MSFT,200.39,12,ASK
2020-10-30 10:36:56,MSFT,200.35,2,BID
2020-10-30 10:36:56,MSFT,200.37,9,ASK
2020-10-30 10:36:57,MSFT,200.36,3,BID
2020-10-30 10:36:55,MSFT,200.39,12,ASK
2020-10-30 10:36:59,MSFT,200.35,19,BID
2020-10-30 10:36:59,MSFT,200.38,11,ASK
2020-10-30 10:37:00,MSFT,200.35,9,BID
2020-10-30 10:37:00,MSFT,200.38,8,ASK
2020-10-30 10:37:01,MSFT,200.42,2,BID
2020-10-30 10:37:01,MSFT,200.44,2,ASK
2020-10-30 10:37:01,MSFT,200.39,10,BID
2020-10-30 10:37:01,MSFT,200.42,2,ASK
2020-10-30 10:37:02,MSFT,200.44,13,BID
2020-10-30 10:37:02,MSFT,200.47,10,ASK
2020-10-30 10:37:02,MSFT,200.4,12,BID
2020-10-30 10:37:03,MSFT,200.44,8,ASK
2020-10-30 10:37:02,MSFT,200.4,13,BID
2020-10-30 10:37:04,MSFT,200.45,4,ASK
2020-10-30 10:37:05,MSFT,200.38,13,BID
2020-10-30 10:37:05,MSFT,200.4,8,ASK
2020-10-30 10:37:06,MSFT,200.37,2,BID
2020-10-30 10:37:06,MSFT,200.41,10,ASK
2020-10-30 10:37:06,MSFT,200.35,6,BID
2020-10-30 10:37:06,MSFT,200.38,13,ASK
2020-10-30 10:37:07,MSFT,200.37,1,BID
2020-10-30 10:37:07,MSFT,200.4,4,ASK
2020-10-30 10:37:08,MSFT,200.38,4,BID
2020-10-30 10:37:07,MSFT,200.41,9,ASK
2020-10-30 10:37:09,MSFT,200.38,9,BID
2020-10-30 10:37:09,MSFT,200.4,3,ASK
2020-10-30 10:37:10,MSFT,200.39,1,BID
2020-10-30 10:37:10,MSFT,200.42,10,ASK
2020-10-30 10:37:11,MSFT,200.35,12,BID
2020-10-30 10:37:11,MSFT,200.37,6,ASK
2020-10-30 10:37:12,MSFT,200.39,1,BID
2020-10-30 10:37:12,MSFT,200.42,3,ASK
2020-10-30 10:37:13,MSFT,200.4,2,BID
2020-10-30 10:37:13,MSFT,200.42,12,ASK
2020-10-30 10:37:13,MSFT,200.38,6,BID
2020-10-30 10:37:14,MSFT,200.41,3,ASK
2020-10-30 10:37:15,MSFT,200.37,8,BID
2020-10-30 10:37:15,MSFT,200.4,2,ASK
2020-10-30 10:37:15,MSFT,200.39,10,BID
2020-10-30 10:37:15,MSFT,200.41,13,ASK
2020-10-30 10:37:16,MSFT,200.43,11,BID
2020-10-30 10:37:16,MSFT,200.46,12,ASK
2020-10-30 10:37:17,MSFT,200.41,14,BID
2020-10-30 10:37:17,MSFT,200.43,10,ASK
2020-10-30 10:37:18,MSFT,200.43,9,BID
2020-10-30 10:37:18,MSFT,200.46,14,ASK
2020-10-30 10:37:19,MSFT,200.41,16,BID
2020-10-30 10:37:20,MSFT,200.44,21,ASK
2020-10-30 10:37:19,MSFT,200.41,12,BID
2020-10-30 10:37:21,MSFT,200.42,2,ASK
2020-10-30 10:37:22,MSFT,200.42,1,BID
2020-10-30 10:37:21,MSFT,200.44,16,ASK
2020-10-30 10:37:22,MSFT,200.5,12,BID
2020-10-30 10:37:22,MSFT,200.52,4,ASK
2020-10-30 10:37:23,MSFT,200.48,1,BID
2020-10-30 10:37:23,MSFT,200.5,18,ASK
2020-10-30 10:37:23,MSFT,200.48,9,BID
2020-10-30 10:37:23,MSFT,200.5,20,ASK
2020-10-30 10:37:25,MSFT,200.45,10,BID
2020-10-30 10:37:25,MSFT,200.46,16,ASK
2020-10-30 10:37:25,MSFT,200.44,1,BID
2020-10-30 10:37:25,MSFT,200.45,2,ASK
2020-10-30 10:37:26,MSFT,200.45,13,BID
2020-10-30 10:37:26,MSFT,200.48,12,ASK
2020-10-30 10:37:27,MSFT,200.47,1,BID
2020-10-30 10:37:27,MSFT,200.5,6,ASK
2020-10-30 10:37:28,MSFT,200.47,4,BID
2020-10-30 10:37:29,MSFT,200.49,1,ASK
2020-10-30 10:37:30,MSFT,200.46,13,BID
2020-10-30 10:37:30,MSFT,200.48,4,ASK
2020-10-30 10:37:30,MSFT,200.51,12,BID
2020-10-30 10:37:30,MSFT,200.53,15,ASK
2020-10-30 10:37:31,MSFT,200.5,12,BID
2020-10-30 10:37:31,MSFT,200.53,13,ASK
2020-10-30 10:37:31,MSFT,200.54,13,BID
2020-10-30 10:37:31,MSFT,200.55,1,ASK
2020-10-30 10:37:33,MSFT,200.52,9,BID
2020-10-30 10:37:33,MSFT,200.54,2,ASK
2020-10-30 10:37:34,MSFT,200.53,11,BID
2020-10-30 10:37:31,MSFT,200.56,118,ASK
2020-10-30 10:37:34,MSFT,200.55,12,BID
2020-10-30 10:37:34,MSFT,200.57,2,ASK
2020-10-30 10:37:35,MSFT,200.6,12,BID
2020-10-30 10:37:35,MSFT,200.63,10,ASK
2020-10-30 10:37:35,MSFT,200.59,5,BID
2020-10-30 10:37:35,MSFT,200.62,6,ASK
2020-10-30 10:37:36,MSFT,200.59,15,BID
2020-10-30 10:37:36,MSFT,200.62,12,ASK
2020-10-30 10:37:37,MSFT,200.6,2,BID
2020-10-30 10:37:37,MSFT,200.63,3,ASK
2020-10-30 10:37:37,MSFT,200.61,2,BID
2020-10-30 10:37:37,MSFT,200.64,17,ASK
2020-10-30 10:37:38,MSFT,200.64,4,BID
2020-10-30 10:37:38,MSFT,200.66,14,ASK
2020-10-30 10:37:39,MSFT,200.65,18,BID
2020-10-30 10:37:39,MSFT,200.68,4,ASK
2020-10-30 10:37:40,MSFT,200.6,14,BID
2020-10-30 10:37:40,MSFT,200.62,2,ASK
2020-10-30 10:37:40,MSFT,200.63,1,BID
2020-10-30 10:37:40,MSFT,200.65,4,ASK
2020-10-30 10:37:41,MSFT,200.6,13,BID
2020-10-30 10:37:41,MSFT,200.62,3,ASK
2020-10-30 10:37:42,MSFT,200.6,14,BID
2020-10-30 10:37:42,MSFT,200.63,2,ASK
2020-10-30 10:37:44,MSFT,200.57,6,BID
2020-10-30 10:37:44,MSFT,200.6,10,ASK
2020-10-30 10:37:35,MSFT,200.56,16,BID
2020-10-30 10:37:45,MSFT,200.59,7,ASK
2020-10-30 10:37:46,MSFT,200.55,14,BID
2020-10-30 10:37:46,MSFT,200.57,8,ASK
2020-10-30 10:37:46,MSFT,200.59,17,BID
2020-10-30 10:37:46,MSFT,200.61,8,ASK
2020-10-30 10:37:47,MSFT,200.6,14,BID
2020-10-30 10:37:47,MSFT,200.64,14,ASK
2020-10-30 10:37:47,MSFT,200.65,16,BID
2020-10-30 10:37:47,MSFT,200.68,9,ASK
2020-10-30 10:37:48,MSFT,200.66,10,BID
2020-10-30 10:37:47,MSFT,200.69,3,ASK
2020-10-30 10:37:49,MSFT,200.63,12,BID
2020-10-30 10:37:49,MSFT,200.66,3,ASK
2020-10-30 10:37:50,MSFT,200.64,4,BID
2020-10-30 10:37:50,MSFT,200.67,5,ASK
2020-10-30 10:37:51,MSFT,200.64,8,BID
2020-10-30 10:37:51,MSFT,200.66,1,ASK
2020-10-30 10:37:52,MSFT,200.65,6,BID
2020-10-30 10:37:52,MSFT,200.69,10,ASK
2020-10-30 10:37:52,MSFT,200.66,2,BID
2020-10-30 10:37:52,MSFT,200.68,1,ASK
2020-10-30 10:37:53,MSFT,200.65,5,BID
2020-10-30 10:37:53,MSFT,200.69,3,ASK
2020-10-30 10:37:53,MSFT,200.67,2,BID
2020-10-30 10:37:53,MSFT,200.7,13,ASK
2020-10-30 10:37:54,MSFT,200.68,5,BID
2020-10-30 10:37:53,MSFT,200.71,9,ASK
2020-10-30 10:37:54,MSFT,200.67,2,BID
2020-10-30 10:37:54,MSFT,200.69,2,ASK
2020-10-30 10:37:55,MSFT,200.71,2,BID
2020-10-30 10:37:55,MSFT,200.74,7,ASK
2020-10-30 10:37:55,MSFT,200.68,9,BID
2020-10-30 10:37:55,MSFT,200.71,10,ASK
2020-10-30 10:37:57,MSFT,200.7,3,BID
2020-10-30 10:37:57,MSFT,200.74,3,ASK
2020-10-30 10:37:57,MSFT,200.67,10,BID
2020-10-30 10:37:57,MSFT,200.7,4,ASK
2020-10-30 10:37:58,MSFT,200.66,2,BID
2020-10-30 10:37:58,MSFT,200.69,11,ASK
2020-10-30 10:38:00,MSFT,200.65,9,BID
2020-10-30 10:38:00,MSFT,200.67,2,ASK
2020-10-30 10:38:01,MSFT,200.63,9,BID
2020-10-30 10:38:01,MSFT,200.64,2,ASK
2020-10-30 10:38:01,MSFT,200.65,8,BID
2020-10-30 10:38:01,MSFT,200.68,2,ASK
2020-10-30 10:38:02,MSFT,200.61,11,BID
2020-10-30 10:38:02,MSFT,200.64,9,ASK
2020-10-30 10:38:02,MSFT,200.61,11,BID
2020-10-30 10:38:02,MSFT,200.65,3,ASK
2020-10-30 10:38:03,MSFT,200.61,17,BID
2020-10-30 10:38:03,MSFT,200.65,13,ASK
2020-10-30 10:38:04,MSFT,200.6,3,BID
2020-10-30 10:38:04,MSFT,200.62,15,ASK
2020-10-30 10:38:05,MSFT,200.64,2,BID
2020-10-30 10:38:05,MSFT,200.68,12,ASK
2020-10-30 10:38:05,MSFT,200.65,4,BID
2020-10-30 10:38:06,MSFT,200.67,11,ASK
2020-10-30 10:38:05,MSFT,200.62,16,BID
2020-10-30 10:38:06,MSFT,200.64,18,ASK
2020-10-30 10:38:04,MSFT,200.61,12,BID
2020-10-30 10:38:07,MSFT,200.63,2,ASK
2020-10-30 10:38:08,MSFT,200.6,9,BID
2020-10-30 10:38:08,MSFT,200.65,15,ASK
2020-10-30 10:38:08,MSFT,200.6,13,BID
2020-10-30 10:38:09,MSFT,200.62,2,ASK
2020-10-30 10:38:11,MSFT,200.61,4,BID
2020-10-30 10:38:11,MSFT,200.63,3,ASK
2020-10-30 10:38:08,MSFT,200.6,13,BID
2020-10-30 10:38:12,MSFT,200.62,3,ASK
2020-10-30 10:38:12,MSFT,200.56,7,BID
2020-10-30 10:38:12,MSFT,200.6,1,ASK
2020-10-30 10:38:13,MSFT,200.56,6,BID
2020-10-30 10:38:13,MSFT,200.59,10,ASK
2020-10-30 10:38:14,MSFT,200.59,2,BID
2020-10-30 10:38:14,MSFT,200.61,8,ASK
2020-10-30 10:38:15,MSFT,200.58,1,BID
2020-10-30 10:38:15,MSFT,200.6,14,ASK
2020-10-30 10:38:16,MSFT,200.64,2,BID
2020-10-30 10:38:16,MSFT,200.66,14,ASK
2020-10-30 10:38:17,MSFT,200.59,7,BID
2020-10-30 10:38:17,MSFT,200.62,3,ASK
2020-10-30 10:38:14,MSFT,200.56,9,BID
2020-10-30 10:38:18,MSFT,200.6,7,ASK
2020-10-30 10:38:19,MSFT,200.55,12,BID
2020-10-30 10:38:19,MSFT,200.58,7,ASK
2020-10-30 10:38:19,MSFT,200.61,13,BID
2020-10-30 10:38:19,MSFT,200.64,2,ASK
2020-10-30 10:38:21,MSFT,200.59,4,BID
2020-10-30 10:38:21,MSFT,200.64,17,ASK
2020-10-30 10:38:22,MSFT,200.62,6,BID
2020-10-30 10:38:22,MSFT,200.66,14,ASK
2020-10-30 10:38:23,MSFT,200.64,3,BID
2020-10-30 10:38:21,MSFT,200.67,11,ASK
2020-10-30 10:38:24,MSFT,200.65,2,BID
2020-10-30 10:38:24,MSFT,200.68,9,ASK
2020-10-30 10:38:26,MSFT,200.59,8,BID
2020-10-30 10:38:26,MSFT,200.63,13,ASK
2020-10-30 10:38:27,MSFT,200.56,1,BID
2020-10-30 10:38:27,MSFT,200.58,2,ASK
2020-10-30 10:38:28,MSFT,200.53,11,BID
2020-10-30 10:38:28,MSFT,200.56,2,ASK
2020-10-30 10:38:28,MSFT,200.53,12,BID
2020-10-30 10:38:29,MSFT,200.57,3,ASK
2020-10-30 10:38:31,MSFT,200.51,10,BID
2020-10-30 10:38:31,MSFT,200.54,12,ASK
2020-10-30 10:38:32,MSFT,200.56,3,BID
2020-10-30 10:38:32,MSFT,200.57,1,ASK
2020-10-30 10:38:33,MSFT,200.57,3,BID
2020-10-30 10:38:33,MSFT,200.58,4,ASK
2020-10-30 10:38:34,MSFT,200.55,7,BID
2020-10-30 10:38:34,MSFT,200.58,16,ASK
2020-10-30 10:38:35,MSFT,200.54,4,BID
2020-10-30 10:38:35,MSFT,200.55,16,ASK
2020-10-30 10:38:36,MSFT,200.51,7,BID
2020-10-30 10:38:36,MSFT,200.54,11,ASK
2020-10-30 10:38:37,MSFT,200.57,1,BID
2020-10-30 10:38:34,MSFT,200.58,15,ASK
2020-10-30 10:38:37,MSFT,200.59,10,BID
2020-10-30 10:38:37,MSFT,200.62,15,ASK
2020-10-30 10:38:37,MSFT,200.61,5,BID
2020-10-30 10:38:37,MSFT,200.64,2,ASK
2020-10-30 10:38:39,MSFT,200.64,9,BID
2020-10-30 10:38:39,MSFT,200.67,2,ASK
2020-10-30 10:38:40,MSFT,200.66,12,BID
2020-10-30 10:38:40,MSFT,200.68,2,ASK
2020-10-30 10:38:41,MSFT,200.67,6,BID
2020-10-30 10:38:41,MSFT,200.69,17,ASK
2020-10-30 10:38:42,MSFT,200.73,2,BID
2020-10-30 10:35:58,MSFT,200.76,11,ASK
2020-10-30 10:38:43,MSFT,200.73,5,BID
2020-10-30 10:38:43,MSFT,200.76,13,ASK
2020-10-30 10:38:44,MSFT,200.74,3,BID
2020-10-30 10:38:44,MSFT,200.78,11,ASK
2020-10-30 10:38:46,MSFT,200.72,17,BID
2020-10-30 10:38:46,MSFT,200.75,3,ASK
2020-10-30 10:38:47,MSFT,200.72,17,BID
2020-10-30 10:38:47,MSFT,200.76,17,ASK
2020-10-30 10:38:48,MSFT,200.76,2,BID
2020-10-30 10:38:48,MSFT,200.79,20,ASK
2020-10-30 10:38:50,MSFT,200.78,4,BID
2020-10-30 10:38:50,MSFT,200.81,15,ASK
2020-10-30 10:38:50,MSFT,200.78,13,BID
2020-10-30 10:38:50,MSFT,200.81,10,ASK
2020-10-30 10:38:50,MSFT,200.78,13,BID
2020-10-30 10:38:50,MSFT,200.81,7,ASK
2020-10-30 10:38:51,MSFT,200.84,7,BID
2020-10-30 10:38:51,MSFT,200.86,7,ASK
2020-10-30 10:38:51,MSFT,200.84,17,BID
2020-10-30 10:38:51,MSFT,200.87,3,ASK
2020-10-30 10:38:52,MSFT,200.86,2,BID
2020-10-30 10:38:52,MSFT,200.89,12,ASK
2020-10-30 10:38:53,MSFT,200.86,1,BID
2020-10-30 10:38:53,MSFT,200.88,9,ASK
2020-10-30 10:38:53,MSFT,200.85,1,BID
2020-10-30 10:38:53,MSFT,200.88,5,ASK
2020-10-30 10:38:54,MSFT,200.86,1,BID
2020-10-30 10:38:54,MSFT,200.88,13,ASK
2020-10-30 10:38:55,MSFT,200.83,4,BID
2020-10-30 10:38:55,MSFT,200.86,9,ASK
2020-10-30 10:38:57,MSFT,200.8,14,BID
2020-10-30 10:38:57,MSFT,200.83,2,ASK
2020-10-30 10:38:58,MSFT,200.8,10,BID
2020-10-30 10:38:58,MSFT,200.83,1,ASK
2020-10-30 10:38:59,MSFT,200.79,9,BID
2020-10-30 10:38:59,MSFT,200.83,5,ASK
2020-10-30 10:39:00,MSFT,200.76,2,BID
2020-10-30 10:39:00,MSFT,200.79,7,ASK
2020-10-30 10:39:01,MSFT,200.76,5,BID
2020-10-30 10:39:01,MSFT,200.8,1,ASK
2020-10-30 10:39:02,MSFT,200.76,5,BID
2020-10-30 10:39:02,MSFT,200.79,11,ASK
2020-10-30 10:39:02,MSFT,200.77,3,BID
2020-10-30 10:39:02,MSFT,200.8,5,ASK
2020-10-30 10:39:03,MSFT,200.74,9,BID
2020-10-30 10:39:03,MSFT,200.78,8,ASK
2020-10-30 10:39:04,MSFT,200.73,17,BID
2020-10-30 10:39:04,MSFT,200.76,3,ASK
2020-10-30 10:39:04,MSFT,200.75,1,BID
2020-10-30 10:39:04,MSFT,200.78,9,ASK
2020-10-30 10:39:05,MSFT,200.77,4,BID
2020-10-30 10:39:05,MSFT,200.8,18,ASK
2020-10-30 10:39:06,MSFT,200.75,7,BID
2020-10-30 10:39:06,MSFT,200.79,1,ASK
2020-10-30 10:39:04,MSFT,200.72,18,BID
2020-10-30 10:39:08,MSFT,200.75,6,ASK
2020-10-30 10:39:10,MSFT,200.72,7,BID
2020-10-30 10:39:10,MSFT,200.76,13,ASK
2020-10-30 10:39:10,MSFT,200.71,6,BID
2020-10-30 10:39:10,MSFT,200.73,7,ASK
2020-10-30 10:39:10,MSFT,200.71,6,BID
2020-10-30 10:39:10,MSFT,200.73,7,ASK
2020-10-30 10:39:10,MSFT,200.74,1,BID
2020-10-30 10:39:10,MSFT,200.76,18,ASK
2020-10-30 10:39:12,MSFT,200.74,7,BID
2020-10-30 10:39:12,MSFT,200.77,18,ASK
2020-10-30 10:39:13,MSFT,200.76,7,BID
2020-10-30 10:39:13,MSFT,200.8,20,ASK
2020-10-30 10:39:14,MSFT,200.76,13,BID
2020-10-30 10:39:14,MSFT,200.78,11,ASK
2020-10-30 10:39:15,MSFT,200.76,4,BID
2020-10-30 10:39:15,MSFT,200.79,1,ASK
2020-10-30 10:39:17,MSFT,200.8,13,BID
2020-10-30 10:39:17,MSFT,200.83,4,ASK
2020-10-30 10:39:20,MSFT,200.78,8,BID
2020-10-30 10:39:20,MSFT,200.81,3,ASK
2020-10-30 10:39:22,MSFT,200.85,2,BID
2020-10-30 10:39:22,MSFT,200.87,6,ASK
2020-10-30 10:39:24,MSFT,200.83,9,BID
2020-10-30 10:39:24,MSFT,200.86,1,ASK
2020-10-30 10:39:26,MSFT,200.86,11,BID
2020-10-30 10:39:26,MSFT,200.87,3,ASK
2020-10-30 10:39:28,MSFT,200.82,1,BID
2020-10-30 10:39:28,MSFT,200.83,15,ASK
2020-10-30 10:39:29,MSFT,200.82,3,BID
2020-10-30 10:39:29,MSFT,200.84,16,ASK
2020-10-30 10:39:29,MSFT,200.77,4,BID
2020-10-30 10:39:29,MSFT,200.79,10,ASK
2020-10-30 10:39:31,MSFT,200.8,2,BID
2020-10-30 10:39:29,MSFT,200.83,8,ASK
2020-10-30 10:39:32,MSFT,200.82,2,BID
2020-10-30 10:39:32,MSFT,200.84,17,ASK
2020-10-30 10:39:32,MSFT,200.81,14,BID
2020-10-30 10:39:32,MSFT,200.84,17,ASK
2020-10-30 10:39:32,MSFT,200.81,14,BID
2020-10-30 10:39:32,MSFT,200.84,17,ASK
2020-10-30 10:39:33,MSFT,200.75,9,BID
2020-10-30 10:39:33,MSFT,200.78,6,ASK
2020-10-30 10:39:36,MSFT,200.64,7,BID
2020-10-30 10:39:36,MSFT,200.66,3,ASK
2020-10-30 10:39:37,MSFT,200.65,3,BID
2020-10-30 10:39:37,MSFT,200.67,8,ASK
2020-10-30 10:39:39,MSFT,200.7,6,BID
2020-10-30 10:39:39,MSFT,200.71,5,ASK
2020-10-30 10:39:40,MSFT,200.67,2,BID
2020-10-30 10:39:40,MSFT,200.7,14,ASK
2020-10-30 10:39:41,MSFT,200.7,13,BID
2020-10-30 10:39:41,MSFT,200.72,1,ASK
2020-10-30 10:39:41,MSFT,200.7,13,BID
2020-10-30 10:39:41,MSFT,200.72,1,ASK
2020-10-30 10:39:43,MSFT,200.69,12,BID
2020-10-30 10:39:43,MSFT,200.71,1,ASK
2020-10-30 10:39:46,MSFT,200.74,7,BID
2020-10-30 10:39:46,MSFT,200.76,3,ASK
2020-10-30 10:39:46,MSFT,200.77,2,BID
2020-10-30 10:39:46,MSFT,200.79,10,ASK
2020-10-30 10:39:47,MSFT,200.8,9,BID
2020-10-30 10:39:46,MSFT,200.82,8,ASK
2020-10-30 10:39:47,MSFT,200.78,19,BID
2020-10-30 10:39:47,MSFT,200.81,16,ASK
2020-10-30 10:39:47,MSFT,200.79,2,BID
2020-10-30 10:39:47,MSFT,200.81,16,ASK
2020-10-30 10:39:48,MSFT,200.79,2,BID
2020-10-30 10:39:48,MSFT,200.81,17,ASK
2020-10-30 10:39:49,MSFT,200.78,2,BID
2020-10-30 10:39:49,MSFT,200.8,13,ASK
2020-10-30 10:39:52,MSFT,200.82,13,BID
2020-10-30 10:39:29,MSFT,200.85,11,ASK
2020-10-30 10:39:54,MSFT,200.85,16,BID
2020-10-30 10:39:54,MSFT,200.87,17,ASK
2020-10-30 10:39:56,MSFT,200.87,2,BID
2020-10-30 10:39:56,MSFT,200.9,15,ASK
2020-10-30 10:39:57,MSFT,200.84,13,BID
2020-10-30 10:39:57,MSFT,200.87,11,ASK
2020-10-30 10:39:58,MSFT,200.9,13,BID
2020-10-30 10:39:58,MSFT,200.93,12,ASK
2020-10-30 10:40:00,MSFT,200.82,4,BID
2020-10-30 10:40:00,MSFT,200.86,9,ASK
2020-10-30 10:40:00,MSFT,200.81,22,BID
2020-10-30 10:40:00,MSFT,200.83,1,ASK
2020-10-30 10:40:00,MSFT,200.81,22,BID
2020-10-30 10:40:00,MSFT,200.83,1,ASK
2020-10-30 10:40:00,MSFT,200.81,22,BID
2020-10-30 10:40:00,MSFT,200.83,1,ASK
2020-10-30 10:40:00,MSFT,200.81,22,BID
2020-10-30 10:40:00,MSFT,200.83,1,ASK
2020-10-30 10:40:00,MSFT,200.81,22,BID
2020-10-30 10:40:00,MSFT,200.83,1,ASK
2020-10-30 10:40:00,MSFT,200.8,23,BID
2020-10-30 10:40:00,MSFT,200.83,4,ASK
2020-10-30 10:40:00,MSFT,200.79,5,BID
2020-10-30 10:40:00,MSFT,200.82,1,ASK
2020-10-30 10:40:00,MSFT,200.79,5,BID
2020-10-30 10:40:00,MSFT,200.82,1,ASK
2020-10-30 10:40:01,MSFT,200.79,9,BID
2020-10-30 10:40:01,MSFT,200.81,1,ASK
2020-10-30 10:40:01,MSFT,200.8,3,BID
2020-10-30 10:40:01,MSFT,200.82,4,ASK
2020-10-30 10:40:02,MSFT,200.78,10,BID
2020-10-30 10:40:02,MSFT,200.8,19,ASK
2020-10-30 10:40:03,MSFT,200.74,8,BID
2020-10-30 10:40:03,MSFT,200.76,7,ASK
2020-10-30 10:40:04,MSFT,200.72,12,BID
2020-10-30 10:40:04,MSFT,200.74,1,ASK
2020-10-30 10:40:05,MSFT,200.68,8,BID
2020-10-30 10:40:05,MSFT,200.72,2,ASK
2020-10-30 10:40:07,MSFT,200.68,9,BID
2020-10-30 10:40:07,MSFT,200.71,5,ASK
2020-10-30 10:40:08,MSFT,200.7,8,BID
2020-10-30 10:40:08,MSFT,200.73,4,ASK
2020-10-30 10:40:09,MSFT,200.69,14,BID
2020-10-30 10:40:09,MSFT,200.73,7,ASK
2020-10-30 10:40:10,MSFT,200.73,12,BID
2020-10-30 10:40:10,MSFT,200.76,5,ASK
2020-10-30 10:40:11,MSFT,200.73,14,BID
2020-10-30 10:40:11,MSFT,200.76,1,ASK
2020-10-30 10:40:11,MSFT,200.72,12,BID
2020-10-30 10:40:11,MSFT,200.77,2,ASK
2020-10-30 10:40:12,MSFT,200.73,1,BID
2020-10-30 10:40:12,MSFT,200.75,1,ASK
2020-10-30 10:40:13,MSFT,200.73,1,BID
2020-10-30 10:40:13,MSFT,200.74,7,ASK
2020-10-30 10:40:13,MSFT,200.71,12,BID
2020-10-30 10:40:13,MSFT,200.74,3,ASK
2020-10-30 10:40:14,MSFT,200.67,1,BID
2020-10-30 10:40:14,MSFT,200.7,1,ASK
2020-10-30 10:40:14,MSFT,200.66,3,BID
2020-10-30 10:40:14,MSFT,200.68,4,ASK
2020-10-30 10:40:17,MSFT,200.7,12,BID
2020-10-30 10:40:17,MSFT,200.71,1,ASK
2020-10-30 10:40:17,MSFT,200.69,7,BID
2020-10-30 10:40:17,MSFT,200.73,6,ASK
2020-10-30 10:40:18,MSFT,200.66,2,BID
2020-10-30 10:40:18,MSFT,200.69,2,ASK
2020-10-30 10:40:18,MSFT,200.68,13,BID
2020-10-30 10:40:18,MSFT,200.7,2,ASK
2020-10-30 10:40:18,MSFT,200.67,9,BID
2020-10-30 10:40:18,MSFT,200.7,3,ASK
2020-10-30 10:40:18,MSFT,200.67,6,BID
2020-10-30 10:40:18,MSFT,200.7,2,ASK
2020-10-30 10:40:18,MSFT,200.67,9,BID
2020-10-30 10:40:18,MSFT,200.7,3,ASK
2020-10-30 10:40:18,MSFT,200.66,4,BID
2020-10-30 10:40:19,MSFT,200.68,3,ASK
2020-10-30 10:40:14,MSFT,200.62,12,BID
2020-10-30 10:40:19,MSFT,200.66,3,ASK
2020-10-30 10:40:20,MSFT,200.66,9,BID
2020-10-30 10:40:20,MSFT,200.69,1,ASK
2020-10-30 10:40:27,MSFT,200.71,10,BID
2020-10-30 10:40:28,MSFT,200.75,2,ASK
2020-10-30 10:40:30,MSFT,200.68,11,BID
2020-10-30 10:40:30,MSFT,200.71,1,ASK
2020-10-30 10:40:31,MSFT,200.67,11,BID
2020-10-30 10:40:31,MSFT,200.68,2,ASK
2020-10-30 10:40:32,MSFT,200.59,1,BID
2020-10-30 10:40:32,MSFT,200.62,5,ASK
2020-10-30 10:40:32,MSFT,200.62,8,BID
2020-10-30 10:40:32,MSFT,200.65,1,ASK
2020-10-30 10:40:33,MSFT,200.65,9,BID
2020-10-30 10:40:33,MSFT,200.67,1,ASK
2020-10-30 10:40:34,MSFT,200.6,3,BID
2020-10-30 10:40:34,MSFT,200.63,1,ASK
2020-10-30 10:40:35,MSFT,200.61,1,BID
2020-10-30 10:40:35,MSFT,200.64,3,ASK
2020-10-30 10:40:36,MSFT,200.62,18,BID
2020-10-30 10:40:36,MSFT,200.66,2,ASK
2020-10-30 10:40:37,MSFT,200.66,12,BID
2020-10-30 10:40:37,MSFT,200.68,4,ASK
2020-10-30 10:40:38,MSFT,200.68,9,BID
2020-10-30 10:40:37,MSFT,200.7,6,ASK
2020-10-30 10:40:40,MSFT,200.65,11,BID
2020-10-30 10:40:40,MSFT,200.69,2,ASK
2020-10-30 10:40:41,MSFT,200.66,9,BID
2020-10-30 10:40:41,MSFT,200.7,6,ASK
2020-10-30 10:40:42,MSFT,200.66,4,BID
2020-10-30 10:40:42,MSFT,200.69,5,ASK
2020-10-30 10:40:43,MSFT,200.61,2,BID
2020-10-30 10:40:43,MSFT,200.64,9,ASK
2020-10-30 10:40:45,MSFT,200.65,2,BID
2020-10-30 10:40:45,MSFT,200.68,4,ASK
2020-10-30 10:40:46,MSFT,200.65,6,BID
2020-10-30 10:40:46,MSFT,200.68,1,ASK
2020-10-30 10:40:47,MSFT,200.63,9,BID
2020-10-30 10:40:47,MSFT,200.67,3,ASK
2020-10-30 10:40:48,MSFT,200.61,8,BID
2020-10-30 10:40:48,MSFT,200.64,1,ASK
2020-10-30 10:40:35,MSFT,200.6,7,BID
2020-10-30 10:40:50,MSFT,200.63,1,ASK
2020-10-30 10:40:51,MSFT,200.6,10,BID
2020-10-30 10:40:51,MSFT,200.63,3,ASK
2020-10-30 10:40:52,MSFT,200.61,1,BID
2020-10-30 10:40:52,MSFT,200.63,3,ASK
2020-10-30 10:40:53,MSFT,200.69,13,BID
2020-10-30 10:40:53,MSFT,200.72,3,ASK
2020-10-30 10:40:54,MSFT,200.7,3,BID
2020-10-30 10:40:54,MSFT,200.73,2,ASK
2020-10-30 10:40:55,MSFT,200.72,14,BID
2020-10-30 10:40:55,MSFT,200.75,2,ASK
2020-10-30 10:40:55,MSFT,200.7,11,BID
2020-10-30 10:40:55,MSFT,200.73,1,ASK
2020-10-30 10:40:56,MSFT,200.68,8,BID
2020-10-30 10:40:56,MSFT,200.71,6,ASK
2020-10-30 10:40:58,MSFT,200.65,10,BID
2020-10-30 10:40:58,MSFT,200.69,3,ASK
2020-10-30 10:40:58,MSFT,200.63,13,BID
2020-10-30 10:40:58,MSFT,200.66,4,ASK
2020-10-30 10:40:59,MSFT,200.61,8,BID
2020-10-30 10:40:59,MSFT,200.65,1,ASK
2020-10-30 10:41:00,MSFT,200.61,8,BID
2020-10-30 10:41:00,MSFT,200.64,2,ASK
2020-10-30 10:41:02,MSFT,200.65,7,BID
2020-10-30 10:41:02,MSFT,200.68,5,ASK
2020-10-30 10:41:03,MSFT,200.62,13,BID
2020-10-30 10:41:03,MSFT,200.65,1,ASK
2020-10-30 10:41:04,MSFT,200.66,9,BID
2020-10-30 10:41:04,MSFT,200.69,3,ASK
2020-10-30 10:41:04,MSFT,200.67,14,BID
2020-10-30 10:40:58,MSFT,200.7,7,ASK
2020-10-30 10:41:05,MSFT,200.66,11,BID
2020-10-30 10:41:05,MSFT,200.69,2,ASK
2020-10-30 10:41:06,MSFT,200.65,13,BID
2020-10-30 10:41:06,MSFT,200.68,5,ASK
2020-10-30 10:41:07,MSFT,200.65,2,BID
2020-10-30 10:41:07,MSFT,200.67,4,ASK
2020-10-30 10:41:08,MSFT,200.67,17,BID
2020-10-30 10:40:58,MSFT,200.7,6,ASK
2020-10-30 10:41:08,MSFT,200.66,17,BID
2020-10-30 10:41:10,MSFT,200.68,2,ASK
2020-10-30 10:41:11,MSFT,200.68,2,BID
2020-10-30 10:41:10,MSFT,200.7,3,ASK
2020-10-30 10:41:12,MSFT,200.67,13,BID
2020-10-30 10:41:10,MSFT,200.7,6,ASK
2020-10-30 10:41:14,MSFT,200.66,1,BID
2020-10-30 10:41:14,MSFT,200.68,8,ASK
2020-10-30 10:41:15,MSFT,200.61,15,BID
2020-10-30 10:41:15,MSFT,200.65,4,ASK
2020-10-30 10:41:16,MSFT,200.61,12,BID
2020-10-30 10:41:16,MSFT,200.63,2,ASK
2020-10-30 10:41:16,MSFT,200.61,15,BID
2020-10-30 10:41:17,MSFT,200.64,2,ASK
2020-10-30 10:41:17,MSFT,200.64,4,BID
2020-10-30 10:41:17,MSFT,200.67,10,ASK
2020-10-30 10:41:18,MSFT,200.64,9,BID
2020-10-30 10:41:17,MSFT,200.67,10,ASK
2020-10-30 10:41:19,MSFT,200.61,3,BID
2020-10-30 10:41:19,MSFT,200.64,6,ASK
2020-10-30 10:40:52,MSFT,200.6,15,BID
2020-10-30 10:41:20,MSFT,200.64,12,ASK
2020-10-30 10:41:20,MSFT,200.6,21,BID
2020-10-30 10:41:21,MSFT,200.62,2,ASK
2020-10-30 10:41:22,MSFT,200.6,3,BID
2020-10-30 10:41:22,MSFT,200.61,3,ASK
2020-10-30 10:41:22,MSFT,200.56,7,BID
2020-10-30 10:41:22,MSFT,200.58,2,ASK
2020-10-30 10:41:22,MSFT,200.54,6,BID
2020-10-30 10:41:22,MSFT,200.59,10,ASK
2020-10-30 10:41:23,MSFT,200.55,1,BID
2020-10-30 10:41:23,MSFT,200.58,5,ASK
2020-10-30 10:41:23,MSFT,200.56,13,BID
2020-10-30 10:41:23,MSFT,200.59,1,ASK
2020-10-30 10:41:24,MSFT,200.6,4,BID
2020-10-30 10:41:24,MSFT,200.62,2,ASK
2020-10-30 10:41:24,MSFT,200.57,8,BID
2020-10-30 10:41:25,MSFT,200.62,3,ASK
2020-10-30 10:41:26,MSFT,200.59,1,BID
2020-10-30 10:41:26,MSFT,200.62,2,ASK
2020-10-30 10:41:26,MSFT,200.59,1,BID
2020-10-30 10:41:26,MSFT,200.62,3,ASK
2020-10-30 10:41:27,MSFT,200.58,10,BID
2020-10-30 10:41:27,MSFT,200.62,3,ASK
2020-10-30 10:41:27,MSFT,200.58,2,BID
2020-10-30 10:41:28,MSFT,200.61,10,ASK
2020-10-30 10:41:29,MSFT,200.59,7,BID
2020-10-30 10:41:29,MSFT,200.61,12,ASK
2020-10-30 10:41:30,MSFT,200.62,9,BID
2020-10-30 10:41:30,MSFT,200.64,1,ASK
2020-10-30 10:41:31,MSFT,200.65,2,BID
2020-10-30 10:41:30,MSFT,200.68,12,ASK
2020-10-30 10:41:32,MSFT,200.62,3,BID
2020-10-30 10:41:32,MSFT,200.64,1,ASK
2020-10-30 10:41:35,MSFT,200.59,14,BID
2020-10-30 10:41:35,MSFT,200.62,1,ASK
2020-10-30 10:41:35,MSFT,200.57,1,BID
2020-10-30 10:41:35,MSFT,200.59,5,ASK
2020-10-30 10:41:36,MSFT,200.52,3,BID
2020-10-30 10:41:36,MSFT,200.56,6,ASK
2020-10-30 10:41:37,MSFT,200.55,13,BID
2020-10-30 10:41:36,MSFT,200.58,12,ASK
2020-10-30 10:41:38,MSFT,200.56,1,BID
2020-10-30 10:41:38,MSFT,200.58,2,ASK
2020-10-30 10:41:40,MSFT,200.54,8,BID
2020-10-30 10:41:40,MSFT,200.56,8,ASK
2020-10-30 10:41:41,MSFT,200.53,7,BID
2020-10-30 10:41:41,MSFT,200.55,8,ASK
2020-10-30 10:41:37,MSFT,200.52,18,BID
2020-10-30 10:41:41,MSFT,200.53,2,ASK
2020-10-30 10:41:37,MSFT,200.52,20,BID
2020-10-30 10:41:42,MSFT,200.54,1,ASK
2020-10-30 10:41:43,MSFT,200.56,11,BID
2020-10-30 10:41:43,MSFT,200.6,12,ASK
2020-10-30 10:41:44,MSFT,200.56,11,BID
2020-10-30 10:41:44,MSFT,200.59,10,ASK
2020-10-30 10:41:45,MSFT,200.59,12,BID
2020-10-30 10:41:45,MSFT,200.62,1,ASK
2020-10-30 10:41:45,MSFT,200.62,9,BID
2020-10-30 10:41:45,MSFT,200.65,1,ASK
2020-10-30 10:41:46,MSFT,200.62,11,BID
2020-10-30 10:41:46,MSFT,200.65,1,ASK
2020-10-30 10:41:46,MSFT,200.61,8,BID
2020-10-30 10:41:47,MSFT,200.62,11,ASK
2020-10-30 10:41:48,MSFT,200.6,8,BID
2020-10-30 10:41:48,MSFT,200.63,2,ASK
2020-10-30 10:41:49,MSFT,200.61,5,BID
2020-10-30 10:41:49,MSFT,200.65,3,ASK
2020-10-30 10:41:50,MSFT,200.64,9,BID
2020-10-30 10:41:50,MSFT,200.67,3,ASK
2020-10-30 10:41:47,MSFT,200.59,13,BID
2020-10-30 10:41:50,MSFT,200.61,1,ASK
2020-10-30 10:41:50,MSFT,200.59,3,BID
2020-10-30 10:41:50,MSFT,200.61,2,ASK
2020-10-30 10:41:50,MSFT,200.59,4,BID
2020-10-30 10:41:50,MSFT,200.6,2,ASK
2020-10-30 10:41:51,MSFT,200.6,8,BID
2020-10-30 10:41:51,MSFT,200.63,5,ASK
2020-10-30 10:41:52,MSFT,200.62,12,BID
2020-10-30 10:41:52,MSFT,200.65,3,ASK
2020-10-30 10:41:53,MSFT,200.58,16,BID
2020-10-30 10:41:54,MSFT,200.61,2,ASK
2020-10-30 10:41:54,MSFT,200.6,12,BID
2020-10-30 10:41:54,MSFT,200.63,1,ASK
2020-10-30 10:41:56,MSFT,200.58,12,BID
2020-10-30 10:41:56,MSFT,200.6,1,ASK
2020-10-30 10:41:57,MSFT,200.61,6,BID
2020-10-30 10:41:57,MSFT,200.65,5,ASK
2020-10-30 10:41:58,MSFT,200.62,15,BID
2020-10-30 10:41:58,MSFT,200.63,1,ASK
2020-10-30 10:41:59,MSFT,200.61,9,BID
2020-10-30 10:41:59,MSFT,200.64,1,ASK
2020-10-30 10:41:59,MSFT,200.58,1,BID
2020-10-30 10:41:59,MSFT,200.62,11,ASK
2020-10-30 10:41:45,MSFT,200.56,12,BID
2020-10-30 10:42:00,MSFT,200.59,1,ASK
2020-10-30 10:42:00,MSFT,200.57,2,BID
2020-10-30 10:42:00,MSFT,200.59,14,ASK
2020-10-30 10:42:01,MSFT,200.63,5,BID
2020-10-30 10:42:01,MSFT,200.65,12,ASK
2020-10-30 10:42:01,MSFT,200.6,4,BID
2020-10-30 10:42:02,MSFT,200.62,2,ASK
2020-10-30 10:42:03,MSFT,200.56,4,BID
2020-10-30 10:42:03,MSFT,200.59,7,ASK
2020-10-30 10:42:03,MSFT,200.55,2,BID
2020-10-30 10:42:03,MSFT,200.59,7,ASK
2020-10-30 10:42:04,MSFT,200.53,14,BID
2020-10-30 10:42:04,MSFT,200.56,7,ASK
2020-10-30 10:42:04,MSFT,200.51,12,BID
2020-10-30 10:42:04,MSFT,200.53,7,ASK
2020-10-30 10:42:04,MSFT,200.51,12,BID
2020-10-30 10:42:05,MSFT,200.53,1,ASK
2020-10-30 10:42:05,MSFT,200.47,21,BID
2020-10-30 10:42:05,MSFT,200.52,2,ASK
2020-10-30 10:42:06,MSFT,200.46,1,BID
2020-10-30 10:42:06,MSFT,200.48,1,ASK
2020-10-30 10:42:07,MSFT,200.44,14,BID
2020-10-30 10:42:07,MSFT,200.48,10,ASK
2020-10-30 10:42:08,MSFT,200.41,6,BID
2020-10-30 10:42:08,MSFT,200.45,9,ASK
2020-10-30 10:42:09,MSFT,200.41,9,BID
2020-10-30 10:42:09,MSFT,200.44,1,ASK
2020-10-30 10:42:11,MSFT,200.46,2,BID
2020-10-30 10:42:11,MSFT,200.47,12,ASK
2020-10-30 10:42:11,MSFT,200.47,12,BID
2020-10-30 10:42:11,MSFT,200.51,12,ASK
2020-10-30 10:42:12,MSFT,200.5,1,BID
2020-10-30 10:42:12,MSFT,200.51,9,ASK
2020-10-30 10:42:12,MSFT,200.48,13,BID
2020-10-30 10:42:13,MSFT,200.51,2,ASK
2020-10-30 10:42:14,MSFT,200.49,14,BID
2020-10-30 10:42:14,MSFT,200.52,4,ASK
2020-10-30 10:42:15,MSFT,200.5,1,BID
2020-10-30 10:42:15,MSFT,200.53,14,ASK
2020-10-30 10:42:16,MSFT,200.54,12,BID
2020-10-30 10:42:16,MSFT,200.56,2,ASK
2020-10-30 10:42:18,MSFT,200.51,5,BID
2020-10-30 10:42:18,MSFT,200.54,3,ASK
2020-10-30 10:42:18,MSFT,200.47,7,BID
2020-10-30 10:42:18,MSFT,200.48,1,ASK
2020-10-30 10:42:18,MSFT,200.42,3,BID
2020-10-30 10:42:18,MSFT,200.45,7,ASK
2020-10-30 10:42:20,MSFT,200.43,13,BID
2020-10-30 10:42:20,MSFT,200.46,4,ASK
2020-10-30 10:42:21,MSFT,200.44,13,BID
2020-10-30 10:42:21,MSFT,200.48,13,ASK
2020-10-30 10:42:22,MSFT,200.42,12,BID
2020-10-30 10:42:22,MSFT,200.46,9,ASK
2020-10-30 10:42:19,MSFT,200.4,24,BID
2020-10-30 10:42:24,MSFT,200.44,7,ASK
2020-10-30 10:42:25,MSFT,200.41,5,BID
2020-10-30 10:42:25,MSFT,200.44,1,ASK
2020-10-30 10:42:26,MSFT,200.44,7,BID
2020-10-30 10:42:26,MSFT,200.48,10,ASK
2020-10-30 10:42:25,MSFT,200.43,6,BID
2020-10-30 10:42:27,MSFT,200.46,1,ASK
2020-10-30 10:42:28,MSFT,200.44,8,BID
2020-10-30 10:42:28,MSFT,200.48,10,ASK
2020-10-30 10:42:29,MSFT,200.44,10,BID
2020-10-30 10:42:30,MSFT,200.47,3,ASK
2020-10-30 10:42:31,MSFT,200.43,11,BID
2020-10-30 10:42:31,MSFT,200.46,3,ASK
2020-10-30 10:42:32,MSFT,200.46,6,BID
2020-10-30 10:42:32,MSFT,200.5,11,ASK
2020-10-30 10:42:31,MSFT,200.43,13,BID
2020-10-30 10:42:33,MSFT,200.46,4,ASK
2020-10-30 10:42:35,MSFT,200.41,14,BID
2020-10-30 10:42:35,MSFT,200.44,12,ASK
2020-10-30 10:42:36,MSFT,200.43,1,BID
2020-10-30 10:42:35,MSFT,200.45,7,ASK
2020-10-30 10:42:37,MSFT,200.44,5,BID
2020-10-30 10:42:37,MSFT,200.46,6,ASK
2020-10-30 10:42:38,MSFT,200.42,3,BID
2020-10-30 10:42:38,MSFT,200.43,4,ASK
2020-10-30 10:42:38,MSFT,200.41,6,BID
2020-10-30 10:42:38,MSFT,200.44,10,ASK
2020-10-30 10:42:40,MSFT,200.43,23,BID
2020-10-30 10:42:40,MSFT,200.44,1,ASK
2020-10-30 10:42:41,MSFT,200.43,4,BID
2020-10-30 10:42:41,MSFT,200.45,6,ASK
2020-10-30 10:42:43,MSFT,200.45,9,BID
2020-10-30 10:42:42,MSFT,200.48,17,ASK
2020-10-30 10:42:43,MSFT,200.46,7,BID
2020-10-30 10:42:43,MSFT,200.48,14,ASK
2020-10-30 10:42:44,MSFT,200.53,4,BID
2020-10-30 10:42:44,MSFT,200.54,1,ASK
2020-10-30 10:42:45,MSFT,200.55,4,BID
2020-10-30 10:42:45,MSFT,200.57,10,ASK
2020-10-30 10:42:46,MSFT,200.54,12,BID
2020-10-30 10:42:46,MSFT,200.55,10,ASK
2020-10-30 10:42:48,MSFT,200.57,12,BID
2020-10-30 10:42:48,MSFT,200.59,3,ASK
2020-10-30 10:42:50,MSFT,200.58,1,BID
2020-10-30 10:42:50,MSFT,200.59,1,ASK
2020-10-30 10:42:51,MSFT,200.55,2,BID
2020-10-30 10:42:51,MSFT,200.58,15,ASK
2020-10-30 10:42:52,MSFT,200.54,23,BID
2020-10-30 10:42:52,MSFT,200.57,7,ASK
2020-10-30 10:42:52,MSFT,200.57,16,BID
2020-10-30 10:42:52,MSFT,200.59,3,ASK
2020-10-30 10:42:53,MSFT,200.55,7,BID
2020-10-30 10:42:54,MSFT,200.57,4,ASK
2020-10-30 10:42:54,MSFT,200.58,13,BID
2020-10-30 10:42:54,MSFT,200.62,5,ASK
2020-10-30 10:42:55,MSFT,200.56,1,BID
2020-10-30 10:42:55,MSFT,200.59,8,ASK
2020-10-30 10:42:56,MSFT,200.56,11,BID
2020-10-30 10:42:56,MSFT,200.59,14,ASK
2020-10-30 10:42:57,MSFT,200.56,12,BID
2020-10-30 10:42:57,MSFT,200.57,2,ASK
2020-10-30 10:42:58,MSFT,200.56,3,BID
2020-10-30 10:42:56,MSFT,200.59,14,ASK
2020-10-30 10:42:58,MSFT,200.55,7,BID
2020-10-30 10:42:58,MSFT,200.58,7,ASK
2020-10-30 10:42:59,MSFT,200.57,16,BID
2020-10-30 10:42:59,MSFT,200.59,2,ASK
2020-10-30 10:43:00,MSFT,200.58,5,BID
2020-10-30 10:43:00,MSFT,200.61,2,ASK
2020-10-30 10:43:00,MSFT,200.66,1,BID
2020-10-30 10:43:00,MSFT,200.68,7,ASK
2020-10-30 10:43:00,MSFT,200.66,2,BID
2020-10-30 10:43:00,MSFT,200.69,2,ASK
2020-10-30 10:43:01,MSFT,200.68,9,BID
2020-10-30 10:43:01,MSFT,200.71,4,ASK
2020-10-30 10:43:01,MSFT,200.69,15,BID
2020-10-30 10:43:01,MSFT,200.71,5,ASK
2020-10-30 10:43:02,MSFT,200.72,10,BID
2020-10-30 10:43:02,MSFT,200.76,5,ASK
2020-10-30 10:43:02,MSFT,200.74,10,BID
2020-10-30 10:43:02,MSFT,200.76,9,ASK
2020-10-30 10:43:02,MSFT,200.74,16,BID
2020-10-30 10:43:02,MSFT,200.78,18,ASK
2020-10-30 10:43:03,MSFT,200.8,9,BID
2020-10-30 10:40:02,MSFT,200.81,17,ASK
2020-10-30 10:43:03,MSFT,200.81,1,BID
2020-10-30 10:43:03,MSFT,200.82,2,ASK
2020-10-30 10:43:04,MSFT,200.81,7,BID
2020-10-30 10:43:04,MSFT,200.82,3,ASK
2020-10-30 10:43:04,MSFT,200.81,6,BID
2020-10-30 10:43:04,MSFT,200.84,3,ASK
2020-10-30 10:43:02,MSFT,200.74,16,BID
2020-10-30 10:43:04,MSFT,200.77,2,ASK
2020-10-30 10:43:05,MSFT,200.73,11,BID
2020-10-30 10:43:05,MSFT,200.75,2,ASK
2020-10-30 10:43:05,MSFT,200.72,8,BID
2020-10-30 10:43:05,MSFT,200.75,1,ASK
2020-10-30 10:43:06,MSFT,200.72,6,BID
2020-10-30 10:43:06,MSFT,200.74,15,ASK
2020-10-30 10:43:06,MSFT,200.68,8,BID
2020-10-30 10:43:06,MSFT,200.7,2,ASK
2020-10-30 10:43:07,MSFT,200.67,9,BID
2020-10-30 10:43:07,MSFT,200.69,1,ASK
2020-10-30 10:43:07,MSFT,200.64,9,BID
2020-10-30 10:43:07,MSFT,200.66,1,ASK
2020-10-30 10:43:08,MSFT,200.63,6,BID
2020-10-30 10:43:08,MSFT,200.65,3,ASK
2020-10-30 10:43:09,MSFT,200.63,13,BID
2020-10-30 10:43:09,MSFT,200.66,3,ASK
2020-10-30 10:43:09,MSFT,200.63,12,BID
2020-10-30 10:43:10,MSFT,200.66,3,ASK
2020-10-30 10:43:09,MSFT,200.62,9,BID
2020-10-30 10:43:11,MSFT,200.64,8,ASK
2020-10-30 10:43:12,MSFT,200.65,7,BID
2020-10-30 10:43:08,MSFT,200.68,14,ASK
2020-10-30 10:43:12,MSFT,200.63,4,BID
2020-10-30 10:43:12,MSFT,200.67,20,ASK
2020-10-30 10:43:13,MSFT,200.65,4,BID
2020-10-30 10:43:13,MSFT,200.67,1,ASK
2020-10-30 10:43:14,MSFT,200.7,9,BID
2020-10-30 10:43:14,MSFT,200.73,2,ASK
2020-10-30 10:43:15,MSFT,200.7,9,BID
2020-10-30 10:43:15,MSFT,200.73,1,ASK
2020-10-30 10:43:15,MSFT,200.74,2,BID
2020-10-30 10:43:15,MSFT,200.76,11,ASK
2020-10-30 10:43:16,MSFT,200.72,7,BID
2020-10-30 10:43:16,MSFT,200.75,20,ASK
2020-10-30 10:43:17,MSFT,200.7,18,BID
2020-10-30 10:43:18,MSFT,200.71,3,ASK
2020-10-30 10:43:18,MSFT,200.66,7,BID
2020-10-30 10:43:18,MSFT,200.7,15,ASK
2020-10-30 10:43:18,MSFT,200.63,8,BID
2020-10-30 10:43:19,MSFT,200.67,3,ASK
2020-10-30 10:43:19,MSFT,200.62,1,BID
2020-10-30 10:43:19,MSFT,200.63,3,ASK
2020-10-30 10:43:20,MSFT,200.62,1,BID
2020-10-30 10:43:20,MSFT,200.64,9,ASK
2020-10-30 10:43:21,MSFT,200.6,7,BID
2020-10-30 10:43:21,MSFT,200.63,6,ASK
2020-10-30 10:43:21,MSFT,200.58,11,BID
2020-10-30 10:43:21,MSFT,200.6,9,ASK
2020-10-30 10:43:22,MSFT,200.55,3,BID
2020-10-30 10:43:22,MSFT,200.57,11,ASK
2020-10-30 10:43:22,MSFT,200.49,6,BID
2020-10-30 10:43:22,MSFT,200.5,8,ASK
2020-10-30 10:43:22,MSFT,200.51,12,BID
2020-10-30 10:43:23,MSFT,200.53,2,ASK
2020-10-30 10:42:42,MSFT,200.43,4,BID
2020-10-30 10:43:23,MSFT,200.44,1,ASK
2020-10-30 10:43:23,MSFT,200.42,2,BID
2020-10-30 10:43:23,MSFT,200.43,2,ASK
2020-10-30 10:43:24,MSFT,200.4,9,BID
2020-10-30 10:43:24,MSFT,200.43,15,ASK
2020-10-30 10:43:24,MSFT,200.42,3,BID
2020-10-30 10:43:24,MSFT,200.45,11,ASK
2020-10-30 10:43:24,MSFT,200.42,3,BID
2020-10-30 10:43:24,MSFT,200.45,15,ASK
2020-10-30 10:43:25,MSFT,200.41,3,BID
2020-10-30 10:43:24,MSFT,200.45,13,ASK
2020-10-30 10:43:26,MSFT,200.45,15,BID
2020-10-30 10:43:26,MSFT,200.47,11,ASK
2020-10-30 10:43:27,MSFT,200.45,3,BID
2020-10-30 10:43:27,MSFT,200.48,3,ASK
2020-10-30 10:43:28,MSFT,200.46,5,BID
2020-10-30 10:43:28,MSFT,200.48,12,ASK
2020-10-30 10:43:30,MSFT,200.48,8,BID
2020-10-30 10:43:30,MSFT,200.51,15,ASK
2020-10-30 10:43:30,MSFT,200.53,3,BID
2020-10-30 10:43:22,MSFT,200.55,14,ASK
2020-10-30 10:43:32,MSFT,200.57,2,BID
2020-10-30 10:43:32,MSFT,200.59,9,ASK
2020-10-30 10:43:32,MSFT,200.56,8,BID
2020-10-30 10:43:32,MSFT,200.59,2,ASK
2020-10-30 10:43:33,MSFT,200.58,2,BID
2020-10-30 10:43:32,MSFT,200.6,15,ASK
2020-10-30 10:43:35,MSFT,200.6,8,BID
2020-10-30 10:43:35,MSFT,200.63,9,ASK
2020-10-30 10:43:35,MSFT,200.56,11,BID
2020-10-30 10:43:35,MSFT,200.59,5,ASK
2020-10-30 10:43:37,MSFT,200.5,5,BID
2020-10-30 10:43:37,MSFT,200.53,2,ASK
2020-10-30 10:43:38,MSFT,200.51,1,BID
2020-10-30 10:43:38,MSFT,200.55,14,ASK
2020-10-30 10:43:39,MSFT,200.54,3,BID
2020-10-30 10:43:37,MSFT,200.57,4,ASK
2020-10-30 10:43:40,MSFT,200.49,1,BID
2020-10-30 10:43:40,MSFT,200.51,12,ASK
2020-10-30 10:43:40,MSFT,200.49,1,BID
2020-10-30 10:43:40,MSFT,200.52,1,ASK
2020-10-30 10:43:41,MSFT,200.49,1,BID
2020-10-30 10:43:41,MSFT,200.52,9,ASK
2020-10-30 10:43:43,MSFT,200.55,15,BID
2020-10-30 10:43:43,MSFT,200.58,2,ASK
2020-10-30 10:43:44,MSFT,200.55,12,BID
2020-10-30 10:43:45,MSFT,200.59,8,ASK
2020-10-30 10:43:45,MSFT,200.47,2,BID
2020-10-30 10:43:45,MSFT,200.51,2,ASK
2020-10-30 10:43:46,MSFT,200.42,2,BID
2020-10-30 10:43:46,MSFT,200.45,3,ASK
2020-10-30 10:43:46,MSFT,200.44,6,BID
2020-10-30 10:43:46,MSFT,200.47,12,ASK
2020-10-30 10:43:47,MSFT,200.42,3,BID
2020-10-30 10:43:47,MSFT,200.45,10,ASK
2020-10-30 10:43:47,MSFT,200.39,9,BID
2020-10-30 10:43:47,MSFT,200.42,2,ASK
2020-10-30 10:43:47,MSFT,200.36,1,BID
2020-10-30 10:43:47,MSFT,200.38,10,ASK
2020-10-30 10:43:48,MSFT,200.35,5,BID
2020-10-30 10:43:48,MSFT,200.38,4,ASK
2020-10-30 10:37:06,MSFT,200.33,16,BID
2020-10-30 10:43:48,MSFT,200.37,8,ASK
2020-10-30 10:36:55,MSFT,200.32,13,BID
2020-10-30 10:43:49,MSFT,200.37,7,ASK
2020-10-30 10:43:49,MSFT,200.33,3,BID
2020-10-30 10:43:49,MSFT,200.34,13,ASK
2020-10-30 10:43:49,MSFT,200.33,2,BID
2020-10-30 10:43:49,MSFT,200.37,10,ASK
2020-10-30 10:43:50,MSFT,200.32,7,BID
2020-10-30 10:43:50,MSFT,200.36,7,ASK
2020-10-30 10:43:50,MSFT,200.32,10,BID
2020-10-30 10:43:50,MSFT,200.36,9,ASK
2020-10-30 10:43:50,MSFT,200.3,15,BID
2020-10-30 10:43:50,MSFT,200.32,1,ASK
2020-10-30 10:43:50,MSFT,200.27,1,BID
2020-10-30 10:43:50,MSFT,200.29,1,ASK
2020-10-30 10:43:51,MSFT,200.2,1,BID
2020-10-30 10:43:51,MSFT,200.23,4,ASK
2020-10-30 10:43:51,MSFT,200.18,1,BID
2020-10-30 10:43:51,MSFT,200.19,2,ASK
2020-10-30 10:43:51,MSFT,200.15,2,BID
2020-10-30 10:43:51,MSFT,200.2,5,ASK
2020-10-30 10:43:52,MSFT,200.18,2,BID
2020-10-30 10:43:51,MSFT,200.2,5,ASK
2020-10-30 10:43:52,MSFT,200.18,1,BID
2020-10-30 10:43:52,MSFT,200.22,3,ASK
2020-10-30 10:43:52,MSFT,200.21,2,BID
2020-10-30 10:43:52,MSFT,200.23,2,ASK
2020-10-30 10:43:53,MSFT,200.21,12,BID
2020-10-30 10:43:53,MSFT,200.23,2,ASK
2020-10-30 10:43:53,MSFT,200.22,10,BID
2020-10-30 10:43:53,MSFT,200.24,15,ASK
2020-10-30 10:43:54,MSFT,200.21,2,BID
2020-10-30 10:43:54,MSFT,200.23,12,ASK
2020-10-30 10:43:54,MSFT,200.25,4,BID
2020-10-30 10:43:54,MSFT,200.28,10,ASK
2020-10-30 10:43:54,MSFT,200.3,6,BID
2020-10-30 10:43:54,MSFT,200.32,6,ASK
2020-10-30 10:43:55,MSFT,200.32,8,BID
2020-10-30 10:43:55,MSFT,200.34,1,ASK
2020-10-30 10:43:55,MSFT,200.34,7,BID
2020-10-30 10:43:55,MSFT,200.37,1,ASK
2020-10-30 10:43:54,MSFT,200.3,12,BID
2020-10-30 10:43:55,MSFT,200.31,1,ASK
2020-10-30 10:43:56,MSFT,200.29,10,BID
2020-10-30 10:43:56,MSFT,200.32,2,ASK
2020-10-30 10:43:56,MSFT,200.24,4,BID
2020-10-30 10:43:56,MSFT,200.28,13,ASK
2020-10-30 10:43:56,MSFT,200.23,3,BID
2020-10-30 10:43:56,MSFT,200.26,1,ASK
2020-10-30 10:43:56,MSFT,200.26,1,BID
2020-10-30 10:43:56,MSFT,200.29,3,ASK
2020-10-30 10:43:57,MSFT,200.2,8,BID
2020-10-30 10:43:57,MSFT,200.24,7,ASK
2020-10-30 10:43:57,MSFT,200.18,1,BID
2020-10-30 10:43:57,MSFT,200.21,6,ASK
2020-10-30 10:43:58,MSFT,200.16,1,BID
2020-10-30 10:43:58,MSFT,200.2,13,ASK
2020-10-30 10:43:59,MSFT,200.21,1,BID
2020-10-30 10:43:59,MSFT,200.24,12,ASK
2020-10-30 10:43:59,MSFT,200.2,1,BID
2020-10-30 10:43:59,MSFT,200.24,10,ASK
2020-10-30 10:44:00,MSFT,200.2,1,BID
2020-10-30 10:44:00,MSFT,200.23,2,ASK
2020-10-30 10:44:01,MSFT,200.23,2,BID
2020-10-30 10:44:01,MSFT,200.26,2,ASK
2020-10-30 10:44:01,MSFT,200.28,3,BID
2020-10-30 10:44:01,MSFT,200.32,2,ASK
2020-10-30 10:44:02,MSFT,200.33,4,BID
2020-10-30 10:44:02,MSFT,200.35,3,ASK
2020-10-30 10:44:03,MSFT,200.32,3,BID
2020-10-30 10:44:03,MSFT,200.34,1,ASK
2020-10-30 10:44:03,MSFT,200.34,3,BID
2020-10-30 10:44:03,MSFT,200.39,4,ASK
2020-10-30 10:44:04,MSFT,200.42,3,BID
2020-10-30 10:44:04,MSFT,200.43,1,ASK
2020-10-30 10:44:04,MSFT,200.36,3,BID
2020-10-30 10:44:04,MSFT,200.39,3,ASK
2020-10-30 10:44:04,MSFT,200.32,3,BID
2020-10-30 10:44:04,MSFT,200.35,3,ASK
2020-10-30 10:44:05,MSFT,200.36,4,BID
2020-10-30 10:44:05,MSFT,200.39,2,ASK
2020-10-30 10:44:05,MSFT,200.34,2,BID
2020-10-30 10:44:05,MSFT,200.35,1,ASK
2020-10-30 10:44:06,MSFT,200.32,3,BID
2020-10-30 10:44:06,MSFT,200.36,10,ASK
2020-10-30 10:44:06,MSFT,200.36,2,BID
2020-10-30 10:44:06,MSFT,200.39,8,ASK
2020-10-30 10:44:07,MSFT,200.38,3,BID
2020-10-30 10:44:07,MSFT,200.42,6,ASK
2020-10-30 10:44:07,MSFT,200.38,6,BID
2020-10-30 10:44:07,MSFT,200.41,4,ASK
2020-10-30 10:44:08,MSFT,200.32,2,BID
2020-10-30 10:44:08,MSFT,200.34,2,ASK
2020-10-30 10:44:09,MSFT,200.35,1,BID
2020-10-30 10:44:09,MSFT,200.39,10,ASK
2020-10-30 10:44:09,MSFT,200.31,10,BID
2020-10-30 10:44:09,MSFT,200.34,5,ASK
2020-10-30 10:44:10,MSFT,200.38,3,BID
2020-10-30 10:44:10,MSFT,200.4,13,ASK
2020-10-30 10:44:11,MSFT,200.35,2,BID
2020-10-30 10:44:11,MSFT,200.37,1,ASK
2020-10-30 10:44:12,MSFT,200.28,8,BID
2020-10-30 10:44:12,MSFT,200.31,9,ASK
2020-10-30 10:44:12,MSFT,200.31,3,BID
2020-10-30 10:44:12,MSFT,200.34,1,ASK
2020-10-30 10:44:13,MSFT,200.32,2,BID
2020-10-30 10:44:13,MSFT,200.33,1,ASK
2020-10-30 10:44:14,MSFT,200.33,4,BID
2020-10-30 10:44:14,MSFT,200.37,4,ASK
2020-10-30 10:44:15,MSFT,200.36,2,BID
2020-10-30 10:44:15,MSFT,200.38,5,ASK
2020-10-30 10:44:17,MSFT,200.45,1,BID
2020-10-30 10:44:17,MSFT,200.47,1,ASK
2020-10-30 10:44:19,MSFT,200.48,4,BID
2020-10-30 10:44:19,MSFT,200.49,1,ASK
2020-10-30 10:44:21,MSFT,200.49,1,BID
2020-10-30 10:44:21,MSFT,200.52,1,ASK
2020-10-30 10:44:22,MSFT,200.5,3,BID
2020-10-30 10:44:22,MSFT,200.51,2,ASK
2020-10-30 10:44:23,MSFT,200.5,1,BID
2020-10-30 10:44:23,MSFT,200.52,4,ASK
2020-10-30 10:44:24,MSFT,200.51,3,BID
2020-10-30 10:44:24,MSFT,200.54,7,ASK
2020-10-30 10:44:24,MSFT,200.5,6,BID
2020-10-30 10:44:25,MSFT,200.54,7,ASK
2020-10-30 10:44:25,MSFT,200.52,7,BID
2020-10-30 10:44:25,MSFT,200.55,2,ASK
2020-10-30 10:44:23,MSFT,200.47,11,BID
2020-10-30 10:44:26,MSFT,200.51,15,ASK
2020-10-30 10:44:27,MSFT,200.51,2,BID
2020-10-30 10:44:27,MSFT,200.55,3,ASK
2020-10-30 10:44:28,MSFT,200.54,2,BID
2020-10-30 10:44:28,MSFT,200.57,6,ASK
2020-10-30 10:44:30,MSFT,200.57,4,BID
2020-10-30 10:44:30,MSFT,200.6,13,ASK
2020-10-30 10:44:31,MSFT,200.56,9,BID
2020-10-30 10:44:31,MSFT,200.6,14,ASK
2020-10-30 10:44:33,MSFT,200.61,1,BID
2020-10-30 10:44:33,MSFT,200.63,2,ASK
2020-10-30 10:44:34,MSFT,200.71,4,BID
2020-10-30 10:44:34,MSFT,200.73,1,ASK
2020-10-30 10:44:35,MSFT,200.62,1,BID
2020-10-30 10:44:35,MSFT,200.65,2,ASK
2020-10-30 10:44:37,MSFT,200.63,2,BID
2020-10-30 10:44:35,MSFT,200.65,6,ASK
2020-10-30 10:44:38,MSFT,200.6,23,BID
2020-10-30 10:44:38,MSFT,200.63,8,ASK
2020-10-30 10:44:39,MSFT,200.56,2,BID
2020-10-30 10:44:39,MSFT,200.58,6,ASK
2020-10-30 10:44:40,MSFT,200.5,4,BID
2020-10-30 10:44:40,MSFT,200.53,1,ASK
2020-10-30 10:44:40,MSFT,200.51,9,BID
2020-10-30 10:44:40,MSFT,200.55,8,ASK
2020-10-30 10:44:41,MSFT,200.5,3,BID
2020-10-30 10:44:41,MSFT,200.52,9,ASK
2020-10-30 10:44:41,MSFT,200.5,1,BID
2020-10-30 10:44:41,MSFT,200.53,1,ASK
2020-10-30 10:44:41,MSFT,200.5,2,BID
2020-10-30 10:44:41,MSFT,200.53,15,ASK
2020-10-30 10:44:42,MSFT,200.52,3,BID
2020-10-30 10:44:42,MSFT,200.55,3,ASK
2020-10-30 10:44:41,MSFT,200.49,10,BID
2020-10-30 10:44:43,MSFT,200.51,12,ASK
2020-10-30 10:44:44,MSFT,200.55,1,BID
2020-10-30 10:44:44,MSFT,200.58,10,ASK
2020-10-30 10:44:46,MSFT,200.56,10,BID
2020-10-30 10:44:46,MSFT,200.6,2,ASK
2020-10-30 10:44:47,MSFT,200.59,3,BID
2020-10-30 10:44:47,MSFT,200.61,4,ASK
2020-10-30 10:44:48,MSFT,200.57,14,BID
2020-10-30 10:44:48,MSFT,200.59,1,ASK
2020-10-30 10:44:48,MSFT,200.59,3,BID
2020-10-30 10:44:48,MSFT,200.62,15,ASK
2020-10-30 10:44:49,MSFT,200.65,7,BID
2020-10-30 10:44:38,MSFT,200.68,9,ASK
2020-10-30 10:44:50,MSFT,200.65,10,BID
2020-10-30 10:44:50,MSFT,200.68,1,ASK
2020-10-30 10:44:51,MSFT,200.64,3,BID
2020-10-30 10:44:51,MSFT,200.68,3,ASK
2020-10-30 10:44:51,MSFT,200.6,10,BID
2020-10-30 10:44:51,MSFT,200.64,9,ASK
2020-10-30 10:44:52,MSFT,200.61,16,BID
2020-10-30 10:44:52,MSFT,200.67,11,ASK
2020-10-30 10:44:52,MSFT,200.61,14,BID
2020-10-30 10:44:53,MSFT,200.64,3,ASK
2020-10-30 10:44:53,MSFT,200.6,11,BID
2020-10-30 10:44:54,MSFT,200.62,6,ASK
2020-10-30 10:44:54,MSFT,200.57,1,BID
2020-10-30 10:44:54,MSFT,200.6,12,ASK
2020-10-30 10:44:54,MSFT,200.61,3,BID
2020-10-30 10:44:54,MSFT,200.65,11,ASK
2020-10-30 10:44:55,MSFT,200.62,6,BID
2020-10-30 10:44:55,MSFT,200.66,9,ASK
2020-10-30 10:44:55,MSFT,200.62,6,BID
2020-10-30 10:44:55,MSFT,200.66,9,ASK
2020-10-30 10:44:55,MSFT,200.62,6,BID
2020-10-30 10:44:55,MSFT,200.66,9,ASK
2020-10-30 10:44:55,MSFT,200.62,6,BID
2020-10-30 10:44:55,MSFT,200.66,9,ASK
2020-10-30 10:44:55,MSFT,200.62,6,BID
2020-10-30 10:44:55,MSFT,200.66,9,ASK
2020-10-30 10:44:55,MSFT,200.62,6,BID
2020-10-30 10:44:55,MSFT,200.66,9,ASK
2020-10-30 10:44:55,MSFT,200.62,6,BID
2020-10-30 10:44:55,MSFT,200.66,9,ASK
2020-10-30 10:44:55,MSFT,200.62,6,BID
2020-10-30 10:44:55,MSFT,200.66,9,ASK
2020-10-30 10:44:56,MSFT,200.62,7,BID
2020-10-30 10:44:56,MSFT,200.66,1,ASK
2020-10-30 10:44:57,MSFT,200.65,2,BID
2020-10-30 10:44:56,MSFT,200.67,14,ASK
2020-10-30 10:44:59,MSFT,200.65,13,BID
2020-10-30 10:44:59,MSFT,200.69,4,ASK
2020-10-30 10:45:00,MSFT,200.72,1,BID
2020-10-30 10:45:00,MSFT,200.73,1,ASK
2020-10-30 10:45:01,MSFT,200.78,3,BID
2020-10-30 10:45:01,MSFT,200.8,3,ASK
2020-10-30 10:45:01,MSFT,200.77,3,BID
2020-10-30 10:45:01,MSFT,200.8,1,ASK
2020-10-30 10:45:01,MSFT,200.76,1,BID
2020-10-30 10:45:01,MSFT,200.82,4,ASK
2020-10-30 10:45:02,MSFT,200.75,11,BID
2020-10-30 10:45:02,MSFT,200.79,4,ASK
2020-10-30 10:45:02,MSFT,200.73,5,BID
2020-10-30 10:45:02,MSFT,200.75,3,ASK
2020-10-30 10:45:03,MSFT,200.67,6,BID
2020-10-30 10:45:03,MSFT,200.71,2,ASK
2020-10-30 10:45:03,MSFT,200.63,4,BID
2020-10-30 10:45:03,MSFT,200.66,2,ASK
2020-10-30 10:45:03,MSFT,200.62,1,BID
2020-10-30 10:45:03,MSFT,200.64,2,ASK
2020-10-30 10:44:54,MSFT,200.57,8,BID
2020-10-30 10:45:04,MSFT,200.61,4,ASK
2020-10-30 10:45:04,MSFT,200.58,2,BID
2020-10-30 10:45:04,MSFT,200.61,7,ASK
2020-10-30 10:45:05,MSFT,200.65,1,BID
2020-10-30 10:45:05,MSFT,200.69,15,ASK
2020-10-30 10:45:06,MSFT,200.64,1,BID
2020-10-30 10:45:06,MSFT,200.69,11,ASK
2020-10-30 10:45:07,MSFT,200.72,1,BID
2020-10-30 10:45:07,MSFT,200.77,9,ASK
2020-10-30 10:45:07,MSFT,200.75,4,BID
2020-10-30 10:45:07,MSFT,200.78,12,ASK
2020-10-30 10:45:08,MSFT,200.69,1,BID
2020-10-30 10:45:08,MSFT,200.72,2,ASK
2020-10-30 10:45:10,MSFT,200.73,2,BID
2020-10-30 10:45:10,MSFT,200.76,9,ASK
2020-10-30 10:45:10,MSFT,200.78,12,BID
2020-10-30 10:45:02,MSFT,200.8,11,ASK
2020-10-30 10:45:11,MSFT,200.79,3,BID
2020-10-30 10:45:11,MSFT,200.83,2,ASK
2020-10-30 10:45:12,MSFT,200.86,17,BID
2020-10-30 10:45:12,MSFT,200.89,10,ASK
2020-10-30 10:45:12,MSFT,200.85,13,BID
2020-10-30 10:45:13,MSFT,200.88,6,ASK
2020-10-30 10:45:14,MSFT,200.86,12,BID
2020-10-30 10:45:14,MSFT,200.88,4,ASK
2020-10-30 10:45:15,MSFT,200.84,13,BID
2020-10-30 10:45:15,MSFT,200.86,11,ASK
2020-10-30 10:45:16,MSFT,200.81,14,BID
2020-10-30 10:45:16,MSFT,200.84,5,ASK
2020-10-30 10:45:16,MSFT,200.8,1,BID
2020-10-30 10:45:16,MSFT,200.82,2,ASK
2020-10-30 10:45:17,MSFT,200.79,5,BID
2020-10-30 10:45:17,MSFT,200.83,11,ASK
2020-10-30 10:45:18,MSFT,200.74,1,BID
2020-10-30 10:45:18,MSFT,200.77,9,ASK
2020-10-30 10:45:19,MSFT,200.77,3,BID
2020-10-30 10:45:19,MSFT,200.79,12,ASK
2020-10-30 10:45:20,MSFT,200.74,1,BID
2020-10-30 10:45:20,MSFT,200.76,6,ASK
2020-10-30 10:45:21,MSFT,200.74,8,BID
2020-10-30 10:45:21,MSFT,200.79,11,ASK
2020-10-30 10:45:21,MSFT,200.74,7,BID
2020-10-30 10:45:22,MSFT,200.77,4,ASK
2020-10-30 10:45:22,MSFT,200.77,1,BID
2020-10-30 10:45:22,MSFT,200.8,8,ASK
2020-10-30 10:45:23,MSFT,200.8,5,BID
2020-10-30 10:45:23,MSFT,200.84,1,ASK
2020-10-30 10:45:24,MSFT,200.77,5,BID
2020-10-30 10:45:24,MSFT,200.81,8,ASK
2020-10-30 10:45:24,MSFT,200.83,1,BID
2020-10-30 10:45:24,MSFT,200.86,12,ASK
2020-10-30 10:45:25,MSFT,200.85,14,BID
2020-10-30 10:45:26,MSFT,200.89,4,ASK
2020-10-30 10:45:27,MSFT,200.88,2,BID
2020-10-30 10:45:27,MSFT,200.91,16,ASK
2020-10-30 10:45:28,MSFT,200.85,16,BID
2020-10-30 10:45:28,MSFT,200.87,1,ASK
2020-10-30 10:45:29,MSFT,200.87,4,BID
2020-10-30 10:45:29,MSFT,200.9,8,ASK
2020-10-30 10:45:30,MSFT,200.89,15,BID
2020-10-30 10:45:30,MSFT,200.92,7,ASK
2020-10-30 10:45:32,MSFT,200.87,2,BID
2020-10-30 10:45:32,MSFT,200.89,1,ASK
2020-10-30 10:45:33,MSFT,200.83,3,BID
2020-10-30 10:45:33,MSFT,200.87,8,ASK
2020-10-30 10:45:34,MSFT,200.89,1,BID
2020-10-30 10:45:34,MSFT,200.91,9,ASK
2020-10-30 10:45:35,MSFT,200.86,10,BID
2020-10-30 10:45:35,MSFT,200.9,13,ASK
2020-10-30 10:45:36,MSFT,200.85,2,BID
2020-10-30 10:45:36,MSFT,200.88,3,ASK
2020-10-30 10:45:38,MSFT,200.82,8,BID
2020-10-30 10:45:38,MSFT,200.85,3,ASK
2020-10-30 10:45:39,MSFT,200.87,10,BID
2020-10-30 10:45:39,MSFT,200.9,1,ASK
2020-10-30 10:45:41,MSFT,200.89,13,BID
2020-10-30 10:45:41,MSFT,200.9,2,ASK
2020-10-30 10:45:41,MSFT,200.85,2,BID
2020-10-30 10:45:41,MSFT,200.89,8,ASK
2020-10-30 10:45:42,MSFT,200.87,1,BID
2020-10-30 10:45:42,MSFT,200.89,4,ASK
2020-10-30 10:45:43,MSFT,200.88,4,BID
2020-10-30 10:45:43,MSFT,200.9,3,ASK
2020-10-30 10:45:44,MSFT,200.89,1,BID
2020-10-30 10:45:43,MSFT,200.92,17,ASK
2020-10-30 10:45:45,MSFT,200.88,13,BID
2020-10-30 10:45:45,MSFT,200.91,19,ASK
2020-10-30 10:45:46,MSFT,200.93,16,BID
2020-10-30 10:45:46,MSFT,200.95,6,ASK
2020-10-30 10:45:46,MSFT,200.97,4,BID
2020-10-30 10:45:46,MSFT,200.99,1,ASK
2020-10-30 10:45:47,MSFT,201.01,17,BID
2020-10-30 10:45:47,MSFT,201.04,1,ASK
2020-10-30 10:45:47,MSFT,200.99,1,BID
2020-10-30 10:45:47,MSFT,201.0,3,ASK
2020-10-30 10:45:48,MSFT,200.97,10,BID
2020-10-30 10:45:48,MSFT,200.99,2,ASK
2020-10-30 10:45:50,MSFT,200.97,13,BID
2020-10-30 10:45:50,MSFT,200.98,8,ASK
2020-10-30 10:45:51,MSFT,200.93,2,BID
2020-10-30 10:45:51,MSFT,200.96,3,ASK
2020-10-30 10:45:53,MSFT,200.96,8,BID
2020-10-30 10:45:53,MSFT,200.99,4,ASK
2020-10-30 10:45:55,MSFT,200.95,1,BID
2020-10-30 10:45:55,MSFT,200.97,6,ASK
2020-10-30 10:45:56,MSFT,200.94,6,BID
2020-10-30 10:45:56,MSFT,200.97,2,ASK
2020-10-30 10:45:58,MSFT,200.92,5,BID
2020-10-30 10:45:58,MSFT,200.96,10,ASK
2020-10-30 10:45:59,MSFT,200.92,1,BID
2020-10-30 10:45:59,MSFT,200.96,2,ASK
2020-10-30 10:46:00,MSFT,200.88,1,BID
2020-10-30 10:46:00,MSFT,200.91,3,ASK
2020-10-30 10:46:01,MSFT,200.89,2,BID
2020-10-30 10:46:01,MSFT,200.92,11,ASK
2020-10-30 10:46:03,MSFT,200.92,3,BID
2020-10-30 10:46:03,MSFT,200.93,4,ASK
2020-10-30 10:46:03,MSFT,200.9,2,BID
2020-10-30 10:46:03,MSFT,200.92,3,ASK
2020-10-30 10:46:04,MSFT,200.93,7,BID
2020-10-30 10:46:04,MSFT,200.96,6,ASK
2020-10-30 10:46:05,MSFT,200.92,3,BID
2020-10-30 10:46:05,MSFT,200.96,9,ASK
2020-10-30 10:46:07,MSFT,200.92,1,BID
2020-10-30 10:46:07,MSFT,200.95,6,ASK
2020-10-30 10:46:08,MSFT,200.95,5,BID
2020-10-30 10:46:08,MSFT,200.98,7,ASK
2020-10-30 10:46:09,MSFT,200.98,2,BID
2020-10-30 10:45:53,MSFT,201.0,11,ASK
2020-10-30 10:46:10,MSFT,201.0,4,BID
2020-10-30 10:46:10,MSFT,201.01,13,ASK
2020-10-30 10:46:10,MSFT,201.0,8,BID
2020-10-30 10:46:10,MSFT,201.04,6,ASK
2020-10-30 10:46:12,MSFT,200.99,8,BID
2020-10-30 10:46:12,MSFT,201.02,2,ASK
2020-10-30 10:46:12,MSFT,200.96,8,BID
2020-10-30 10:46:12,MSFT,200.99,16,ASK
2020-10-30 10:46:13,MSFT,200.98,1,BID
2020-10-30 10:46:13,MSFT,201.0,11,ASK
2020-10-30 10:46:14,MSFT,201.02,1,BID
2020-10-30 10:46:14,MSFT,201.03,16,ASK
2020-10-30 10:46:15,MSFT,201.06,5,BID
2020-10-30 10:46:15,MSFT,201.09,15,ASK
2020-10-30 10:46:16,MSFT,201.05,1,BID
2020-10-30 10:46:16,MSFT,201.08,9,ASK
2020-10-30 10:46:17,MSFT,201.07,8,BID
2020-10-30 10:46:17,MSFT,201.08,54,ASK
2020-10-30 10:46:17,MSFT,201.07,19,BID
2020-10-30 10:46:17,MSFT,201.09,2,ASK
2020-10-30 10:46:18,MSFT,201.05,4,BID
2020-10-30 10:46:18,MSFT,201.07,5,ASK
2020-10-30 10:46:19,MSFT,201.03,8,BID
2020-10-30 10:46:19,MSFT,201.06,1,ASK
2020-10-30 10:46:19,MSFT,200.98,3,BID
2020-10-30 10:46:19,MSFT,200.99,1,ASK
2020-10-30 10:46:19,MSFT,200.95,4,BID
2020-10-30 10:46:19,MSFT,200.98,13,ASK
2020-10-30 10:46:19,MSFT,200.97,3,BID
2020-10-30 10:46:19,MSFT,201.01,2,ASK
2020-10-30 10:46:20,MSFT,200.95,6,BID
2020-10-30 10:46:20,MSFT,200.99,12,ASK
2020-10-30 10:46:21,MSFT,200.97,4,BID
2020-10-30 10:46:21,MSFT,200.99,7,ASK
2020-10-30 10:46:22,MSFT,201.01,1,BID
2020-10-30 10:46:22,MSFT,201.02,3,ASK
2020-10-30 10:46:23,MSFT,200.97,1,BID
2020-10-30 10:46:23,MSFT,201.0,3,ASK
2020-10-30 10:46:24,MSFT,200.97,1,BID
2020-10-30 10:46:24,MSFT,201.0,13,ASK
2020-10-30 10:46:25,MSFT,200.9,12,BID
2020-10-30 10:46:25,MSFT,200.94,7,ASK
2020-10-30 10:46:25,MSFT,200.87,8,BID
2020-10-30 10:46:26,MSFT,200.9,3,ASK
2020-10-30 10:46:26,MSFT,200.87,2,BID
2020-10-30 10:46:26,MSFT,200.9,1,ASK
2020-10-30 10:46:27,MSFT,200.87,9,BID
2020-10-30 10:46:27,MSFT,200.9,3,ASK
2020-10-30 10:46:26,MSFT,200.86,5,BID
2020-10-30 10:46:28,MSFT,200.89,10,ASK
2020-10-30 10:46:29,MSFT,200.88,4,BID
2020-10-30 10:46:29,MSFT,200.91,9,ASK
2020-10-30 10:46:30,MSFT,200.93,2,BID
2020-10-30 10:46:30,MSFT,200.96,12,ASK
2020-10-30 10:46:31,MSFT,200.96,2,BID
2020-10-30 10:46:25,MSFT,200.98,8,ASK
2020-10-30 10:46:32,MSFT,200.95,17,BID
2020-10-30 10:46:32,MSFT,200.98,11,ASK
2020-10-30 10:46:32,MSFT,200.95,17,BID
2020-10-30 10:46:33,MSFT,200.98,11,ASK
2020-10-30 10:46:35,MSFT,200.96,5,BID
2020-10-30 10:46:34,MSFT,200.98,14,ASK
2020-10-30 10:46:36,MSFT,200.97,10,BID
2020-10-30 10:46:36,MSFT,201.01,2,ASK
2020-10-30 10:46:37,MSFT,200.99,4,BID
2020-10-30 10:46:37,MSFT,201.02,13,ASK
2020-10-30 10:46:38,MSFT,201.02,1,BID
2020-10-30 10:46:38,MSFT,201.04,5,ASK
2020-10-30 10:46:39,MSFT,201.0,8,BID
2020-10-30 10:46:39,MSFT,201.03,3,ASK
2020-10-30 10:46:40,MSFT,200.99,11,BID
2020-10-30 10:46:40,MSFT,201.02,10,ASK
2020-10-30 10:46:36,MSFT,200.98,13,BID
2020-10-30 10:46:41,MSFT,201.0,11,ASK
2020-10-30 10:46:41,MSFT,200.97,15,BID
2020-10-30 10:46:41,MSFT,201.0,11,ASK
2020-10-30 10:46:43,MSFT,200.91,2,BID
2020-10-30 10:46:43,MSFT,200.94,4,ASK
2020-10-30 10:46:44,MSFT,200.9,17,BID
2020-10-30 10:46:44,MSFT,200.93,13,ASK
2020-10-30 10:46:45,MSFT,200.93,1,BID
2020-10-30 10:46:44,MSFT,200.95,12,ASK
2020-10-30 10:46:46,MSFT,200.95,2,BID
2020-10-30 10:46:46,MSFT,200.98,10,ASK
2020-10-30 10:46:47,MSFT,200.97,2,BID
2020-10-30 10:46:47,MSFT,201.0,16,ASK
2020-10-30 10:46:48,MSFT,201.0,3,BID
2020-10-30 10:46:48,MSFT,201.03,7,ASK
2020-10-30 10:46:49,MSFT,200.94,11,BID
2020-10-30 10:46:49,MSFT,200.97,1,ASK
2020-10-30 10:46:50,MSFT,200.96,2,BID
2020-10-30 10:46:49,MSFT,200.99,13,ASK
2020-10-30 10:46:51,MSFT,201.04,1,BID
2020-10-30 10:46:51,MSFT,201.07,11,ASK
2020-10-30 10:46:51,MSFT,201.05,1,BID
2020-10-30 10:46:51,MSFT,201.08,3,ASK
2020-10-30 10:46:51,MSFT,201.05,1,BID
2020-10-30 10:46:51,MSFT,201.08,3,ASK
2020-10-30 10:46:51,MSFT,201.05,1,BID
2020-10-30 10:46:51,MSFT,201.08,3,ASK
2020-10-30 10:46:51,MSFT,201.05,1,BID
2020-10-30 10:46:51,MSFT,201.08,3,ASK
2020-10-30 10:46:51,MSFT,201.05,1,BID
2020-10-30 10:46:51,MSFT,201.08,3,ASK
2020-10-30 10:46:51,MSFT,201.05,1,BID
2020-10-30 10:46:51,MSFT,201.08,3,ASK
2020-10-30 10:46:51,MSFT,201.05,1,BID
2020-10-30 10:46:51,MSFT,201.08,3,ASK
2020-10-30 10:46:51,MSFT,201.05,1,BID
2020-10-30 10:46:51,MSFT,201.08,3,ASK
2020-10-30 10:46:51,MSFT,201.05,1,BID
2020-10-30 10:46:51,MSFT,201.08,3,ASK
2020-10-30 10:46:51,MSFT,201.05,1,BID
2020-10-30 10:46:51,MSFT,201.08,3,ASK
2020-10-30 10:46:51,MSFT,201.05,1,BID
2020-10-30 10:46:51,MSFT,201.08,3,ASK
2020-10-30 10:46:51,MSFT,201.05,1,BID
2020-10-30 10:46:51,MSFT,201.08,3,ASK
2020-10-30 10:46:51,MSFT,201.05,1,BID
2020-10-30 10:46:51,MSFT,201.08,3,ASK
2020-10-30 10:46:51,MSFT,201.05,1,BID
2020-10-30 10:46:51,MSFT,201.08,3,ASK
2020-10-30 10:46:51,MSFT,201.05,1,BID
2020-10-30 10:46:51,MSFT,201.08,3,ASK
2020-10-30 10:46:51,MSFT,201.05,1,BID
2020-10-30 10:46:51,MSFT,201.08,3,ASK
2020-10-30 10:46:51,MSFT,201.05,1,BID
2020-10-30 10:46:51,MSFT,201.08,3,ASK
2020-10-30 10:46:51,MSFT,201.05,1,BID
2020-10-30 10:46:51,MSFT,201.08,3,ASK
2020-10-30 10:46:51,MSFT,201.05,1,BID
2020-10-30 10:46:51,MSFT,201.08,3,ASK
2020-10-30 10:46:51,MSFT,201.05,1,BID
2020-10-30 10:46:51,MSFT,201.08,3,ASK
2020-10-30 10:46:51,MSFT,201.05,1,BID
2020-10-30 10:46:51,MSFT,201.08,3,ASK
2020-10-30 10:46:51,MSFT,201.05,1,BID
2020-10-30 10:46:51,MSFT,201.08,3,ASK
2020-10-30 10:46:51,MSFT,201.05,1,BID
2020-10-30 10:46:51,MSFT,201.08,3,ASK
2020-10-30 10:46:51,MSFT,201.05,1,BID
2020-10-30 10:46:51,MSFT,201.08,3,ASK
2020-10-30 10:46:51,MSFT,201.05,1,BID
2020-10-30 10:46:51,MSFT,201.08,3,ASK
2020-10-30 10:46:51,MSFT,201.05,1,BID
2020-10-30 10:46:51,MSFT,201.08,3,ASK
2020-10-30 10:46:51,MSFT,200.99,10,BID
2020-10-30 10:46:59,MSFT,201.02,4,ASK
2020-10-30 10:47:00,MSFT,201.09,6,BID
2020-10-30 10:32:00,MSFT,201.12,14,ASK
2020-10-30 10:47:01,MSFT,201.05,12,BID
2020-10-30 10:47:01,MSFT,201.07,1,ASK
2020-10-30 10:47:02,MSFT,200.98,3,BID
2020-10-30 10:47:02,MSFT,201.01,9,ASK
2020-10-30 10:47:02,MSFT,200.99,10,BID
2020-10-30 10:47:02,MSFT,201.02,9,ASK
2020-10-30 10:47:02,MSFT,200.99,13,BID
2020-10-30 10:47:02,MSFT,201.03,5,ASK
2020-10-30 10:47:02,MSFT,201.0,2,BID
2020-10-30 10:47:02,MSFT,201.04,10,ASK
2020-10-30 10:47:02,MSFT,201.0,2,BID
2020-10-30 10:47:02,MSFT,203.16,4,ASK
2020-10-30 10:47:02,MSFT,201.0,2,BID
2020-10-30 10:47:02,MSFT,201.04,10,ASK
2020-10-30 10:47:02,MSFT,201.0,2,BID
2020-10-30 10:47:02,MSFT,201.04,10,ASK
2020-10-30 10:47:02,MSFT,201.0,2,BID
2020-10-30 10:47:02,MSFT,201.04,10,ASK
2020-10-30 10:47:07,MSFT,201.0,6,BID
2020-10-30 10:47:07,MSFT,201.03,2,ASK
2020-10-30 10:47:07,MSFT,200.97,4,BID
2020-10-30 10:47:07,MSFT,200.98,3,ASK
2020-10-30 10:47:07,MSFT,200.96,6,BID
2020-10-30 10:47:07,MSFT,200.98,1,ASK
2020-10-30 10:47:07,MSFT,200.96,8,BID
2020-10-30 10:47:08,MSFT,201.0,8,ASK
2020-10-30 10:47:08,MSFT,200.93,11,BID
2020-10-30 10:47:08,MSFT,200.96,5,ASK
2020-10-30 10:47:08,MSFT,200.88,6,BID
2020-10-30 10:47:08,MSFT,200.91,12,ASK
2020-10-30 10:47:08,MSFT,200.92,4,BID
2020-10-30 10:47:08,MSFT,200.94,7,ASK
2020-10-30 10:47:08,MSFT,200.85,9,BID
2020-10-30 10:47:08,MSFT,200.89,4,ASK
2020-10-30 10:47:09,MSFT,200.85,12,BID
2020-10-30 10:47:09,MSFT,200.89,6,ASK
2020-10-30 10:47:09,MSFT,200.87,2,BID
2020-10-30 10:47:09,MSFT,200.92,15,ASK
2020-10-30 10:47:09,MSFT,200.84,10,BID
2020-10-30 10:47:09,MSFT,200.89,11,ASK
2020-10-30 10:47:02,MSFT,200.82,10,BID
2020-10-30 10:47:09,MSFT,200.85,2,ASK
2020-10-30 10:47:10,MSFT,200.81,7,BID
2020-10-30 10:47:10,MSFT,200.85,10,ASK
2020-10-30 10:47:11,MSFT,200.82,1,BID
2020-10-30 10:47:11,MSFT,200.84,1,ASK
2020-10-30 10:47:12,MSFT,200.76,2,BID
2020-10-30 10:47:12,MSFT,200.78,2,ASK
2020-10-30 10:47:13,MSFT,200.76,3,BID
2020-10-30 10:47:13,MSFT,200.79,1,ASK
2020-10-30 10:47:14,MSFT,200.77,8,BID
2020-10-30 10:47:14,MSFT,200.82,7,ASK
2020-10-30 10:47:15,MSFT,200.77,6,BID
2020-10-30 10:47:15,MSFT,200.81,10,ASK
2020-10-30 10:47:17,MSFT,200.66,3,BID
2020-10-30 10:47:17,MSFT,200.72,8,ASK
2020-10-30 10:47:18,MSFT,200.7,2,BID
2020-10-30 10:47:18,MSFT,200.73,7,ASK
2020-10-30 10:47:20,MSFT,200.68,7,BID
2020-10-30 10:47:20,MSFT,200.72,6,ASK
2020-10-30 10:47:21,MSFT,200.62,8,BID
2020-10-30 10:47:21,MSFT,200.65,1,ASK
2020-10-30 10:47:22,MSFT,200.61,10,BID
2020-10-30 10:47:22,MSFT,200.64,1,ASK
2020-10-30 10:47:23,MSFT,200.63,3,BID
2020-10-30 10:47:23,MSFT,200.65,1,ASK
2020-10-30 10:47:24,MSFT,200.68,2,BID
2020-10-30 10:47:24,MSFT,200.72,2,ASK
2020-10-30 10:47:24,MSFT,200.7,6,BID
2020-10-30 10:47:24,MSFT,200.73,1,ASK
2020-10-30 10:47:25,MSFT,200.7,2,BID
2020-10-30 10:47:25,MSFT,200.74,11,ASK
2020-10-30 10:47:26,MSFT,200.66,4,BID
2020-10-30 10:47:26,MSFT,200.71,9,ASK
2020-10-30 10:47:27,MSFT,200.67,11,BID
2020-10-30 10:47:27,MSFT,200.7,2,ASK
2020-10-30 10:47:28,MSFT,200.64,9,BID
2020-10-30 10:47:29,MSFT,200.7,7,ASK
2020-10-30 10:47:30,MSFT,200.63,3,BID
2020-10-30 10:47:30,MSFT,200.67,2,ASK
2020-10-30 10:47:31,MSFT,200.7,2,BID
2020-10-30 10:47:31,MSFT,200.73,4,ASK
2020-10-30 10:47:32,MSFT,200.69,12,BID
2020-10-30 10:47:32,MSFT,200.72,1,ASK
2020-10-30 10:47:33,MSFT,200.63,2,BID
2020-10-30 10:47:33,MSFT,200.66,8,ASK
2020-10-30 10:47:35,MSFT,200.62,2,BID
2020-10-30 10:47:35,MSFT,200.65,2,ASK
2020-10-30 10:47:36,MSFT,200.59,6,BID
2020-10-30 10:47:36,MSFT,200.62,10,ASK
2020-10-30 10:47:37,MSFT,200.56,5,BID
2020-10-30 10:47:37,MSFT,200.6,5,ASK
2020-10-30 10:47:37,MSFT,200.55,2,BID
2020-10-30 10:47:37,MSFT,200.58,7,ASK
2020-10-30 10:47:38,MSFT,200.55,3,BID
2020-10-30 10:47:38,MSFT,200.58,8,ASK
2020-10-30 10:47:39,MSFT,200.57,1,BID
2020-10-30 10:47:39,MSFT,200.59,3,ASK
2020-10-30 10:47:40,MSFT,200.53,4,BID
2020-10-30 10:47:40,MSFT,200.59,8,ASK
2020-10-30 10:47:41,MSFT,200.61,9,BID
2020-10-30 10:47:35,MSFT,200.63,10,ASK
2020-10-30 10:47:41,MSFT,200.65,3,BID
2020-10-30 10:47:41,MSFT,200.67,2,ASK
2020-10-30 10:47:42,MSFT,200.64,2,BID
2020-10-30 10:47:42,MSFT,200.67,5,ASK
2020-10-30 10:47:43,MSFT,200.68,11,BID
2020-10-30 10:47:43,MSFT,200.7,3,ASK
2020-10-30 10:47:44,MSFT,200.68,15,BID
2020-10-30 10:47:45,MSFT,200.71,4,ASK
2020-10-30 10:47:45,MSFT,200.68,11,BID
2020-10-30 10:47:45,MSFT,200.71,11,ASK
2020-10-30 10:47:46,MSFT,200.72,3,BID
2020-10-30 10:47:46,MSFT,200.74,7,ASK
2020-10-30 10:47:47,MSFT,200.64,1,BID
2020-10-30 10:47:47,MSFT,200.67,8,ASK
2020-10-30 10:47:48,MSFT,200.6,10,BID
2020-10-30 10:47:48,MSFT,200.62,3,ASK
2020-10-30 10:47:49,MSFT,200.57,3,BID
2020-10-30 10:47:49,MSFT,200.6,1,ASK
2020-10-30 10:47:50,MSFT,200.58,3,BID
2020-10-30 10:47:50,MSFT,200.61,3,ASK
2020-10-30 10:47:51,MSFT,200.57,1,BID
2020-10-30 10:47:51,MSFT,200.6,2,ASK
2020-10-30 10:47:52,MSFT,200.53,5,BID
2020-10-30 10:47:52,MSFT,200.57,2,ASK
2020-10-30 10:47:02,MSFT,200.5,7,BID
2020-10-30 10:47:52,MSFT,200.53,6,ASK
2020-10-30 10:47:53,MSFT,200.45,6,BID
2020-10-30 10:47:53,MSFT,200.5,3,ASK
2020-10-30 10:47:54,MSFT,200.46,2,BID
2020-10-30 10:47:54,MSFT,200.48,2,ASK
2020-10-30 10:47:55,MSFT,200.51,4,BID
2020-10-30 10:47:55,MSFT,200.53,1,ASK
2020-10-30 10:47:56,MSFT,200.47,9,BID
2020-10-30 10:47:56,MSFT,200.5,1,ASK
2020-10-30 10:47:57,MSFT,200.45,6,BID
2020-10-30 10:47:57,MSFT,200.48,8,ASK
2020-10-30 10:47:58,MSFT,200.4,5,BID
2020-10-30 10:47:58,MSFT,200.42,12,ASK
2020-10-30 10:47:59,MSFT,200.43,3,BID
2020-10-30 10:47:59,MSFT,200.46,1,ASK
2020-10-30 10:48:00,MSFT,200.37,11,BID
2020-10-30 10:48:00,MSFT,200.41,1,ASK
2020-10-30 10:48:00,MSFT,200.39,2,BID
2020-10-30 10:48:00,MSFT,200.43,3,ASK
2020-10-30 10:48:01,MSFT,200.44,3,BID
2020-10-30 10:48:01,MSFT,200.48,7,ASK
2020-10-30 10:48:01,MSFT,200.37,3,BID
2020-10-30 10:48:02,MSFT,200.41,3,ASK
2020-10-30 10:48:02,MSFT,200.39,4,BID
2020-10-30 10:48:02,MSFT,200.42,1,ASK
2020-10-30 10:48:04,MSFT,200.35,3,BID
2020-10-30 10:48:04,MSFT,200.37,1,ASK
2020-10-30 10:48:05,MSFT,200.35,5,BID
2020-10-30 10:48:05,MSFT,200.38,2,ASK
2020-10-30 10:48:06,MSFT,200.31,8,BID
2020-10-30 10:48:06,MSFT,200.36,3,ASK
2020-10-30 10:48:08,MSFT,200.35,6,BID
2020-10-30 10:48:08,MSFT,200.37,1,ASK
2020-10-30 10:48:09,MSFT,200.36,10,BID
2020-10-30 10:48:08,MSFT,200.39,10,ASK
2020-10-30 10:48:10,MSFT,200.36,8,BID
2020-10-30 10:48:09,MSFT,200.39,17,ASK
2020-10-30 10:48:11,MSFT,200.35,5,BID
2020-10-30 10:48:09,MSFT,200.39,17,ASK
2020-10-30 10:48:12,MSFT,200.38,3,BID
2020-10-30 10:48:12,MSFT,200.42,11,ASK
2020-10-30 10:48:13,MSFT,200.36,1,BID
2020-10-30 10:48:13,MSFT,200.4,2,ASK
2020-10-30 10:48:15,MSFT,200.41,3,BID
2020-10-30 10:48:15,MSFT,200.43,7,ASK
2020-10-30 10:48:15,MSFT,200.38,3,BID
2020-10-30 10:48:15,MSFT,200.42,8,ASK
2020-10-30 10:48:17,MSFT,200.37,2,BID
2020-10-30 10:48:17,MSFT,200.4,5,ASK
2020-10-30 10:48:17,MSFT,200.36,10,BID
2020-10-30 10:48:18,MSFT,200.39,3,ASK
2020-10-30 10:48:19,MSFT,200.33,6,BID
2020-10-30 10:48:19,MSFT,200.37,10,ASK
2020-10-30 10:48:20,MSFT,200.27,7,BID
2020-10-30 10:48:20,MSFT,200.3,1,ASK
2020-10-30 10:48:21,MSFT,200.27,1,BID
2020-10-30 10:48:20,MSFT,200.31,8,ASK
2020-10-30 10:48:22,MSFT,200.24,4,BID
2020-10-30 10:48:22,MSFT,200.27,4,ASK
2020-10-30 10:48:23,MSFT,200.24,4,BID
2020-10-30 10:48:24,MSFT,200.25,3,ASK
2020-10-30 10:48:25,MSFT,200.24,2,BID
2020-10-30 10:48:25,MSFT,200.26,1,ASK
2020-10-30 10:48:26,MSFT,200.29,13,BID
2020-10-30 10:48:26,MSFT,200.33,8,ASK
2020-10-30 10:48:27,MSFT,200.32,3,BID
2020-10-30 10:48:27,MSFT,200.35,11,ASK
2020-10-30 10:48:29,MSFT,200.33,2,BID
2020-10-30 10:48:19,MSFT,200.37,11,ASK
2020-10-30 10:48:31,MSFT,200.33,4,BID
2020-10-30 10:48:30,MSFT,200.37,13,ASK
2020-10-30 10:48:31,MSFT,200.35,2,BID
2020-10-30 10:48:30,MSFT,200.37,13,ASK
2020-10-30 10:48:33,MSFT,200.33,2,BID
2020-10-30 10:48:33,MSFT,200.36,3,ASK
2020-10-30 10:48:35,MSFT,200.33,1,BID
2020-10-30 10:48:35,MSFT,200.36,11,ASK
2020-10-30 10:48:37,MSFT,200.33,1,BID
2020-10-30 10:48:37,MSFT,200.36,6,ASK
2020-10-30 10:48:38,MSFT,200.28,6,BID
2020-10-30 10:48:38,MSFT,200.31,2,ASK
2020-10-30 10:48:25,MSFT,200.21,14,BID
2020-10-30 10:48:40,MSFT,200.25,5,ASK
2020-10-30 10:48:42,MSFT,200.22,2,BID
2020-10-30 10:48:42,MSFT,200.24,1,ASK
2020-10-30 10:48:43,MSFT,200.19,14,BID
2020-10-30 10:48:43,MSFT,200.22,11,ASK
2020-10-30 10:48:44,MSFT,200.16,4,BID
2020-10-30 10:48:44,MSFT,200.21,3,ASK
2020-10-30 10:48:45,MSFT,200.18,8,BID
2020-10-30 10:48:45,MSFT,200.21,8,ASK
2020-10-30 10:48:46,MSFT,200.16,3,BID
2020-10-30 10:48:46,MSFT,200.2,1,ASK
2020-10-30 10:48:48,MSFT,200.18,1,BID
2020-10-30 10:48:48,MSFT,200.21,2,ASK
2020-10-30 10:48:49,MSFT,200.19,5,BID
2020-10-30 10:48:49,MSFT,200.22,2,ASK
2020-10-30 10:48:51,MSFT,200.2,2,BID
2020-10-30 10:48:48,MSFT,200.23,13,ASK
2020-10-30 10:48:52,MSFT,200.2,12,BID
2020-10-30 10:48:52,MSFT,200.23,3,ASK
2020-10-30 10:48:52,MSFT,200.2,12,BID
2020-10-30 10:48:51,MSFT,200.24,15,ASK
2020-10-30 10:48:49,MSFT,200.17,12,BID
2020-10-30 10:48:55,MSFT,200.2,3,ASK
2020-10-30 10:48:47,MSFT,200.15,9,BID
2020-10-30 10:48:57,MSFT,200.18,2,ASK
2020-10-30 10:48:58,MSFT,200.16,2,BID
2020-10-30 10:48:56,MSFT,200.2,7,ASK
2020-10-30 10:48:58,MSFT,200.16,8,BID
2020-10-30 10:48:58,MSFT,200.19,2,ASK
2020-10-30 10:49:00,MSFT,200.17,3,BID
2020-10-30 10:49:00,MSFT,200.19,1,ASK
2020-10-30 10:49:01,MSFT,200.21,7,BID
2020-10-30 10:48:51,MSFT,200.24,13,ASK
2020-10-30 10:49:01,MSFT,200.23,16,BID
2020-10-30 10:48:42,MSFT,200.27,2,ASK
2020-10-30 10:49:01,MSFT,200.23,16,BID
2020-10-30 10:48:42,MSFT,200.27,2,ASK
2020-10-30 10:49:01,MSFT,200.23,16,BID
2020-10-30 10:48:42,MSFT,200.27,2,ASK
2020-10-30 10:49:01,MSFT,200.23,16,BID
2020-10-30 10:48:42,MSFT,200.27,2,ASK
2020-10-30 10:49:01,MSFT,200.23,16,BID
2020-10-30 10:48:42,MSFT,200.27,2,ASK
2020-10-30 10:49:01,MSFT,200.23,16,BID
2020-10-30 10:48:42,MSFT,200.27,2,ASK
2020-10-30 10:49:01,MSFT,200.23,16,BID
2020-10-30 10:48:42,MSFT,200.27,2,ASK
2020-10-30 10:49:01,MSFT,200.23,16,BID
2020-10-30 10:48:42,MSFT,200.27,2,ASK
2020-10-30 10:49:01,MSFT,200.23,16,BID
2020-10-30 10:48:42,MSFT,200.27,2,ASK
2020-10-30 10:49:01,MSFT,200.23,16,BID
2020-10-30 10:48:42,MSFT,200.27,2,ASK
2020-10-30 10:49:01,MSFT,200.23,16,BID
2020-10-30 10:48:42,MSFT,200.27,2,ASK
2020-10-30 10:49:01,MSFT,200.23,16,BID
2020-10-30 10:48:42,MSFT,200.27,2,ASK
2020-10-30 10:49:01,MSFT,200.23,16,BID
2020-10-30 10:48:42,MSFT,200.27,2,ASK
2020-10-30 10:49:01,MSFT,200.23,16,BID
2020-10-30 10:48:42,MSFT,200.27,2,ASK
2020-10-30 10:49:01,MSFT,200.23,16,BID
2020-10-30 10:48:42,MSFT,200.27,2,ASK
2020-10-30 10:49:01,MSFT,200.23,16,BID
2020-10-30 10:48:42,MSFT,200.27,2,ASK
2020-10-30 10:49:01,MSFT,200.23,16,BID
2020-10-30 10:48:42,MSFT,200.27,2,ASK
2020-10-30 10:49:01,MSFT,200.23,16,BID
2020-10-30 10:48:42,MSFT,200.27,2,ASK
2020-10-30 10:49:01,MSFT,200.23,16,BID
2020-10-30 10:48:42,MSFT,200.27,2,ASK
2020-10-30 10:49:01,MSFT,200.23,16,BID
2020-10-30 10:48:42,MSFT,200.27,2,ASK
2020-10-30 10:49:01,MSFT,200.23,16,BID
2020-10-30 10:48:42,MSFT,200.27,2,ASK
2020-10-30 10:49:01,MSFT,200.23,16,BID
2020-10-30 10:48:42,MSFT,200.27,2,ASK
2020-10-30 10:49:01,MSFT,200.23,16,BID
2020-10-30 10:48:42,MSFT,200.27,2,ASK
2020-10-30 10:49:01,MSFT,200.23,16,BID
2020-10-30 10:48:42,MSFT,200.27,2,ASK
2020-10-30 10:49:01,MSFT,200.23,16,BID
2020-10-30 10:48:42,MSFT,200.27,2,ASK
2020-10-30 10:49:07,MSFT,200.27,2,BID
2020-10-30 10:49:07,MSFT,200.3,9,ASK
2020-10-30 10:49:09,MSFT,200.28,3,BID
2020-10-30 10:49:09,MSFT,200.32,2,ASK
2020-10-30 10:49:10,MSFT,200.21,1,BID
2020-10-30 10:49:10,MSFT,200.24,2,ASK
2020-10-30 10:49:12,MSFT,200.26,5,BID
2020-10-30 10:49:12,MSFT,200.3,4,ASK
2020-10-30 10:49:13,MSFT,200.27,15,BID
2020-10-30 10:49:13,MSFT,200.3,1,ASK
2020-10-30 10:49:13,MSFT,200.22,1,BID
2020-10-30 10:49:13,MSFT,200.26,9,ASK
2020-10-30 10:49:14,MSFT,200.2,1,BID
2020-10-30 10:49:14,MSFT,200.22,2,ASK
2020-10-30 10:49:15,MSFT,200.16,3,BID
2020-10-30 10:49:15,MSFT,200.2,2,ASK
2020-10-30 10:49:16,MSFT,200.17,2,BID
2020-10-30 10:49:16,MSFT,200.2,1,ASK
2020-10-30 10:49:17,MSFT,200.18,1,BID
2020-10-30 10:49:17,MSFT,200.2,2,ASK
2020-10-30 10:49:18,MSFT,200.19,1,BID
2020-10-30 10:49:18,MSFT,200.23,11,ASK
2020-10-30 10:49:20,MSFT,200.25,1,BID
2020-10-30 10:49:20,MSFT,200.27,3,ASK
2020-10-30 10:49:21,MSFT,200.25,1,BID
2020-10-30 10:49:21,MSFT,200.29,5,ASK
2020-10-30 10:49:22,MSFT,200.27,9,BID
2020-10-30 10:49:22,MSFT,200.32,6,ASK
2020-10-30 10:49:24,MSFT,200.27,11,BID
2020-10-30 10:49:24,MSFT,200.3,1,ASK
2020-10-30 10:49:25,MSFT,200.28,3,BID
2020-10-30 10:49:23,MSFT,200.32,6,ASK
2020-10-30 10:49:26,MSFT,200.36,4,BID
2020-10-30 10:49:26,MSFT,200.4,5,ASK
2020-10-30 10:49:28,MSFT,200.35,6,BID
2020-10-30 10:49:28,MSFT,200.38,5,ASK
2020-10-30 10:49:29,MSFT,200.36,2,BID
2020-10-30 10:49:29,MSFT,200.38,15,ASK
2020-10-30 10:49:31,MSFT,200.37,1,BID
2020-10-30 10:49:31,MSFT,200.38,1,ASK
2020-10-30 10:49:32,MSFT,200.36,3,BID
2020-10-30 10:49:32,MSFT,200.38,3,ASK
2020-10-30 10:49:32,MSFT,200.35,14,BID
2020-10-30 10:49:32,MSFT,200.38,3,ASK
2020-10-30 10:49:32,MSFT,200.35,14,BID
2020-10-30 10:49:32,MSFT,200.38,3,ASK
2020-10-30 10:49:32,MSFT,200.33,10,BID
2020-10-30 10:49:32,MSFT,200.35,2,ASK
2020-10-30 10:49:32,MSFT,200.33,12,BID
2020-10-30 10:49:32,MSFT,200.36,7,ASK
2020-10-30 10:49:32,MSFT,200.33,12,BID
2020-10-30 10:49:32,MSFT,200.35,2,ASK
2020-10-30 10:49:32,MSFT,200.33,12,BID
2020-10-30 10:49:32,MSFT,200.35,2,ASK
2020-10-30 10:49:37,MSFT,200.3,1,BID
2020-10-30 10:49:37,MSFT,200.32,5,ASK
2020-10-30 10:49:37,MSFT,200.24,1,BID
2020-10-30 10:49:37,MSFT,200.26,5,ASK
2020-10-30 10:49:38,MSFT,200.2,6,BID
2020-10-30 10:49:38,MSFT,200.23,3,ASK
2020-10-30 10:49:32,MSFT,200.19,6,BID
2020-10-30 10:49:38,MSFT,200.2,4,ASK
2020-10-30 10:49:40,MSFT,200.16,7,BID
2020-10-30 10:49:40,MSFT,200.18,4,ASK
2020-10-30 10:49:41,MSFT,200.17,1,BID
2020-10-30 10:49:41,MSFT,200.19,13,ASK
2020-10-30 10:49:43,MSFT,200.17,9,BID
2020-10-30 10:49:43,MSFT,200.19,6,ASK
2020-10-30 10:49:44,MSFT,200.17,11,BID
2020-10-30 10:49:44,MSFT,200.2,3,ASK
2020-10-30 10:49:46,MSFT,200.14,11,BID
2020-10-30 10:49:47,MSFT,200.19,5,ASK
2020-10-30 10:49:49,MSFT,200.17,5,BID
2020-10-30 10:49:49,MSFT,200.18,2,ASK
2020-10-30 10:49:49,MSFT,200.2,10,BID
2020-10-30 10:49:49,MSFT,200.23,2,ASK
2020-10-30 10:49:50,MSFT,200.18,4,BID
2020-10-30 10:49:50,MSFT,200.21,2,ASK
2020-10-30 10:49:51,MSFT,200.22,9,BID
2020-10-30 10:49:38,MSFT,200.25,15,ASK
2020-10-30 10:49:53,MSFT,200.18,4,BID
2020-10-30 10:49:53,MSFT,200.22,1,ASK
2020-10-30 10:49:54,MSFT,200.12,6,BID
2020-10-30 10:49:54,MSFT,200.16,2,ASK
2020-10-30 10:49:55,MSFT,200.17,3,BID
2020-10-30 10:49:55,MSFT,200.19,4,ASK
2020-10-30 10:49:56,MSFT,200.12,6,BID
2020-10-30 10:49:56,MSFT,200.15,4,ASK
2020-10-30 10:49:58,MSFT,200.11,9,BID
2020-10-30 10:49:58,MSFT,200.14,5,ASK
2020-10-30 10:50:00,MSFT,200.11,10,BID
2020-10-30 10:50:00,MSFT,200.14,4,ASK
2020-10-30 10:50:01,MSFT,200.15,7,BID
2020-10-30 10:50:01,MSFT,200.18,11,ASK
2020-10-30 10:50:01,MSFT,200.18,16,BID
2020-10-30 10:50:01,MSFT,200.21,5,ASK
2020-10-30 10:50:02,MSFT,200.19,4,BID
2020-10-30 10:50:02,MSFT,200.2,3,ASK
2020-10-30 10:50:03,MSFT,200.16,5,BID
2020-10-30 10:50:03,MSFT,200.19,1,ASK
2020-10-30 10:50:04,MSFT,200.12,6,BID
2020-10-30 10:50:04,MSFT,200.14,1,ASK
2020-10-30 10:50:04,MSFT,200.1,34,BID
2020-10-30 10:50:04,MSFT,200.13,2,ASK
2020-10-30 10:50:05,MSFT,200.13,2,BID
2020-10-30 10:50:05,MSFT,200.15,5,ASK
2020-10-30 10:50:05,MSFT,200.13,7,BID
2020-10-30 10:50:06,MSFT,200.16,1,ASK
2020-10-30 10:50:07,MSFT,200.13,1,BID
2020-10-30 10:50:07,MSFT,200.16,11,ASK
2020-10-30 10:50:08,MSFT,200.09,5,BID
2020-10-30 10:50:07,MSFT,200.12,9,ASK
2020-10-30 10:50:08,MSFT,200.16,3,BID
2020-10-30 10:50:08,MSFT,200.18,1,ASK
2020-10-30 10:50:09,MSFT,200.14,2,BID
2020-10-30 10:50:09,MSFT,200.16,5,ASK
2020-10-30 10:50:09,MSFT,200.16,3,BID
2020-10-30 10:50:10,MSFT,200.18,2,ASK
2020-10-30 10:50:11,MSFT,200.18,3,BID
2020-10-30 10:50:11,MSFT,200.2,7,ASK
2020-10-30 10:50:13,MSFT,200.18,5,BID
2020-10-30 10:50:13,MSFT,200.21,4,ASK
2020-10-30 10:50:13,MSFT,200.2,7,BID
2020-10-30 10:50:13,MSFT,200.23,2,ASK
2020-10-30 10:50:14,MSFT,200.27,2,BID
2020-10-30 10:50:14,MSFT,200.3,7,ASK
2020-10-30 10:50:15,MSFT,200.29,9,BID
2020-10-30 10:50:15,MSFT,200.33,2,ASK
2020-10-30 10:50:16,MSFT,200.26,2,BID
2020-10-30 10:50:16,MSFT,200.28,1,ASK
2020-10-30 10:50:17,MSFT,200.21,9,BID
2020-10-30 10:50:17,MSFT,200.26,3,ASK
2020-10-30 10:50:18,MSFT,200.22,4,BID
2020-10-30 10:50:18,MSFT,200.26,3,ASK
2020-10-30 10:50:21,MSFT,200.21,10,BID
2020-10-30 10:50:21,MSFT,200.23,1,ASK
2020-10-30 10:50:22,MSFT,200.17,4,BID
2020-10-30 10:50:22,MSFT,200.21,2,ASK
2020-10-30 10:50:23,MSFT,200.16,1,BID
2020-10-30 10:50:23,MSFT,200.19,7,ASK
2020-10-30 10:50:25,MSFT,200.16,9,BID
2020-10-30 10:50:25,MSFT,200.19,3,ASK
2020-10-30 10:50:26,MSFT,200.08,4,BID
2020-10-30 10:50:26,MSFT,200.11,6,ASK
2020-10-30 10:50:26,MSFT,200.1,5,BID
2020-10-30 10:50:26,MSFT,200.13,5,ASK
2020-10-30 10:50:27,MSFT,200.1,19,BID
2020-10-30 10:50:26,MSFT,200.14,11,ASK
2020-10-30 10:50:29,MSFT,200.1,12,BID
2020-10-30 10:50:29,MSFT,200.13,2,ASK
2020-10-30 10:50:30,MSFT,200.09,7,BID
2020-10-30 10:50:30,MSFT,200.12,2,ASK
2020-10-30 10:50:32,MSFT,200.1,8,BID
2020-10-30 10:50:32,MSFT,200.13,1,ASK
2020-10-30 10:50:33,MSFT,200.15,4,BID
2020-10-30 10:50:33,MSFT,200.17,1,ASK
