timestamp,ticker,price,volume,bid_ask
2020-10-30 10:31:26,PFE,35.18,16,BID
2020-10-30 10:28:11,PFE,35.19,73,ASK
2020-10-30 10:31:28,PFE,35.18,25,BID
2020-10-30 10:28:11,PFE,35.19,72,ASK
2020-10-30 10:31:29,PFE,35.18,32,BID
2020-10-30 10:28:11,PFE,35.19,63,ASK
2020-10-30 10:31:30,PFE,35.18,32,BID
2020-10-30 10:28:11,PFE,35.19,64,ASK
2020-10-30 10:31:31,PFE,35.18,27,BID
2020-10-30 10:28:11,PFE,35.19,67,ASK
2020-10-30 10:31:32,PFE,35.18,18,BID
2020-10-30 10:28:11,PFE,35.19,71,ASK
2020-10-30 10:31:32,PFE,35.18,10,BID
2020-10-30 10:28:11,PFE,35.19,71,ASK
2020-10-30 10:31:33,PFE,35.18,19,BID
2020-10-30 10:28:11,PFE,35.19,71,ASK
2020-10-30 10:31:35,PFE,35.18,33,BID
2020-10-30 10:28:11,PFE,35.19,61,ASK
2020-10-30 10:31:35,PFE,35.18,31,BID
2020-10-30 10:28:11,PFE,35.19,61,ASK
2020-10-30 10:31:37,PFE,35.18,23,BID
2020-10-30 10:28:11,PFE,35.19,75,ASK
2020-10-30 10:31:38,PFE,35.18,24,BID
2020-10-30 10:28:11,PFE,35.19,75,ASK
2020-10-30 10:31:38,PFE,35.18,33,BID
2020-10-30 10:28:11,PFE,35.19,74,ASK
2020-10-30 10:31:39,PFE,35.18,19,BID
2020-10-30 10:28:11,PFE,35.19,75,ASK
2020-10-30 10:31:40,PFE,35.18,32,BID
2020-10-30 10:28:11,PFE,35.19,64,ASK
2020-10-30 10:31:40,PFE,35.18,32,BID
2020-10-30 10:28:11,PFE,35.19,64,ASK
2020-10-30 10:31:43,PFE,35.18,44,BID
2020-10-30 10:28:11,PFE,35.19,65,ASK
2020-10-30 10:31:44,PFE,35.18,50,BID
2020-10-30 10:28:11,PFE,35.19,63,ASK
2020-10-30 10:31:44,PFE,35.18,50,BID
2020-10-30 10:28:11,PFE,35.19,63,ASK
2020-10-30 10:31:46,PFE,35.18,50,BID
2020-10-30 10:28:11,PFE,35.19,64,ASK
2020-10-30 10:31:47,PFE,35.18,24,BID
2020-10-30 10:28:11,PFE,35.19,88,ASK
2020-10-30 10:31:47,PFE,35.18,29,BID
2020-10-30 10:28:11,PFE,35.19,77,ASK
2020-10-30 10:31:48,PFE,35.17,33,BID
2020-10-30 10:31:48,PFE,35.18,86,ASK
2020-10-30 10:31:49,PFE,35.17,12,BID
2020-10-30 10:31:49,PFE,35.18,98,ASK
2020-10-30 10:31:14,PFE,35.16,110,BID
2020-10-30 10:31:50,PFE,35.17,65,ASK
2020-10-30 10:31:14,PFE,35.16,110,BID
2020-10-30 10:31:50,PFE,35.17,66,ASK
2020-10-30 10:31:14,PFE,35.16,102,BID
2020-10-30 10:31:50,PFE,35.17,68,ASK
2020-10-30 10:31:14,PFE,35.16,102,BID
2020-10-30 10:31:50,PFE,35.17,74,ASK
2020-10-30 10:31:14,PFE,35.16,102,BID
2020-10-30 10:31:50,PFE,35.17,74,ASK
2020-10-30 10:31:14,PFE,35.16,102,BID
2020-10-30 10:31:50,PFE,35.17,74,ASK
2020-10-30 10:31:14,PFE,35.16,107,BID
2020-10-30 10:31:50,PFE,35.17,67,ASK
2020-10-30 10:31:14,PFE,35.16,107,BID
2020-10-30 10:31:50,PFE,35.17,68,ASK
2020-10-30 10:31:14,PFE,35.16,107,BID
2020-10-30 10:31:50,PFE,35.17,62,ASK
2020-10-30 10:31:14,PFE,35.16,107,BID
2020-10-30 10:31:50,PFE,35.17,74,ASK
2020-10-30 10:32:00,PFE,35.16,66,BID
2020-10-30 10:32:00,PFE,35.16,4,ASK
2020-10-30 10:32:00,PFE,35.15,202,BID
2020-10-30 10:32:00,PFE,35.16,71,ASK
2020-10-30 10:32:00,PFE,35.15,201,BID
2020-10-30 10:32:00,PFE,35.16,82,ASK
2020-10-30 10:32:01,PFE,35.15,196,BID
2020-10-30 10:32:00,PFE,35.16,86,ASK
2020-10-30 10:32:01,PFE,35.15,196,BID
2020-10-30 10:32:00,PFE,35.16,87,ASK
2020-10-30 10:32:02,PFE,35.15,27,BID
2020-10-30 10:32:00,PFE,35.16,62,ASK
2020-10-30 10:32:03,PFE,35.14,96,BID
2020-10-30 10:32:03,PFE,35.15,32,ASK
2020-10-30 10:32:04,PFE,35.14,81,BID
2020-10-30 10:32:03,PFE,35.15,47,ASK
2020-10-30 10:32:04,PFE,35.14,91,BID
2020-10-30 10:32:04,PFE,35.15,32,ASK
2020-10-30 10:32:05,PFE,35.14,95,BID
2020-10-30 10:32:05,PFE,35.15,23,ASK
2020-10-30 10:32:06,PFE,35.14,100,BID
2020-10-30 10:32:05,PFE,35.15,23,ASK
2020-10-30 10:32:08,PFE,35.15,73,BID
2020-10-30 10:32:00,PFE,35.16,63,ASK
2020-10-30 10:32:09,PFE,35.15,86,BID
2020-10-30 10:32:09,PFE,35.16,25,ASK
2020-10-30 10:32:09,PFE,35.15,99,BID
2020-10-30 10:32:09,PFE,35.16,73,ASK
2020-10-30 10:32:10,PFE,35.15,106,BID
2020-10-30 10:32:09,PFE,35.16,58,ASK
2020-10-30 10:32:10,PFE,35.15,99,BID
2020-10-30 10:32:09,PFE,35.16,75,ASK
2020-10-30 10:32:12,PFE,35.15,110,BID
2020-10-30 10:32:09,PFE,35.16,59,ASK
2020-10-30 10:32:13,PFE,35.15,119,BID
2020-10-30 10:32:09,PFE,35.16,51,ASK
2020-10-30 10:32:15,PFE,35.16,45,BID
2020-10-30 10:31:50,PFE,35.17,114,ASK
2020-10-30 10:32:16,PFE,35.16,19,BID
2020-10-30 10:31:50,PFE,35.17,122,ASK
2020-10-30 10:32:13,PFE,35.15,142,BID
2020-10-30 10:32:17,PFE,35.16,28,ASK
2020-10-30 10:32:07,PFE,35.15,69,BID
2020-10-30 10:32:17,PFE,35.16,71,ASK
2020-10-30 10:32:02,PFE,35.14,122,BID
2020-10-30 10:32:19,PFE,35.15,83,ASK
2020-10-30 10:32:02,PFE,35.14,90,BID
2020-10-30 10:32:20,PFE,35.15,103,ASK
2020-10-30 10:32:02,PFE,35.13,104,BID
2020-10-30 10:32:20,PFE,35.14,35,ASK
2020-10-30 10:32:02,PFE,35.13,57,BID
2020-10-30 10:32:20,PFE,35.14,30,ASK
2020-10-30 10:32:20,PFE,35.13,58,BID
2020-10-30 10:32:21,PFE,35.14,42,ASK
2020-10-30 10:32:20,PFE,35.13,89,BID
2020-10-30 10:32:21,PFE,35.14,32,ASK
2020-10-30 10:32:23,PFE,35.13,69,BID
2020-10-30 10:32:22,PFE,35.14,45,ASK
2020-10-30 10:32:23,PFE,35.13,67,BID
2020-10-30 10:32:22,PFE,35.14,45,ASK
2020-10-30 10:30:11,PFE,35.12,72,BID
2020-10-30 10:32:23,PFE,35.13,59,ASK
2020-10-30 10:30:09,PFE,35.11,33,BID
2020-10-30 10:32:24,PFE,35.12,74,ASK
2020-10-30 10:30:09,PFE,35.11,33,BID
2020-10-30 10:32:24,PFE,35.12,134,ASK
2020-10-30 10:30:09,PFE,35.11,34,BID
2020-10-30 10:32:25,PFE,35.12,122,ASK
2020-10-30 10:30:05,PFE,35.1,64,BID
2020-10-30 10:32:25,PFE,35.11,24,ASK
2020-10-30 10:30:05,PFE,35.1,46,BID
2020-10-30 10:32:25,PFE,35.11,36,ASK
2020-10-30 10:30:05,PFE,35.1,46,BID
2020-10-30 10:32:25,PFE,35.11,33,ASK
2020-10-30 10:32:26,PFE,35.09,24,BID
2020-10-30 10:32:26,PFE,35.1,62,ASK
2020-10-30 10:32:27,PFE,35.08,31,BID
2020-10-30 10:32:27,PFE,35.09,47,ASK
2020-10-30 10:32:27,PFE,35.08,34,BID
2020-10-30 10:32:27,PFE,35.09,36,ASK
2020-10-30 10:32:27,PFE,35.09,20,BID
2020-10-30 10:32:27,PFE,35.1,82,ASK
2020-10-30 10:32:28,PFE,35.09,40,BID
2020-10-30 10:32:28,PFE,35.1,53,ASK
2020-10-30 10:32:28,PFE,35.1,47,BID
2020-10-30 10:32:26,PFE,35.11,51,ASK
2020-10-30 10:32:29,PFE,35.1,40,BID
2020-10-30 10:32:31,PFE,35.11,28,ASK
2020-10-30 10:32:29,PFE,35.1,58,BID
2020-10-30 10:32:31,PFE,35.11,30,ASK
2020-10-30 10:32:29,PFE,35.1,87,BID
2020-10-30 10:32:31,PFE,35.11,29,ASK
2020-10-30 10:32:29,PFE,35.1,85,BID
2020-10-30 10:32:31,PFE,35.11,28,ASK
2020-10-30 10:32:32,PFE,35.11,61,BID
2020-10-30 10:32:32,PFE,35.12,86,ASK
2020-10-30 10:32:33,PFE,35.11,73,BID
2020-10-30 10:32:33,PFE,35.12,83,ASK
2020-10-30 10:32:34,PFE,35.11,71,BID
2020-10-30 10:32:34,PFE,35.12,73,ASK
2020-10-30 10:32:36,PFE,35.11,79,BID
2020-10-30 10:32:36,PFE,35.12,65,ASK
2020-10-30 10:32:36,PFE,35.11,29,BID
2020-10-30 10:32:36,PFE,35.11,51,ASK
2020-10-30 10:32:29,PFE,35.1,53,BID
2020-10-30 10:32:38,PFE,35.11,62,ASK
2020-10-30 10:32:38,PFE,35.09,62,BID
2020-10-30 10:32:38,PFE,35.1,74,ASK
2020-10-30 10:32:38,PFE,35.09,27,BID
2020-10-30 10:32:38,PFE,35.1,56,ASK
2020-10-30 10:32:39,PFE,35.09,64,BID
2020-10-30 10:32:39,PFE,35.1,58,ASK
2020-10-30 10:32:40,PFE,35.09,42,BID
2020-10-30 10:32:40,PFE,35.1,60,ASK
2020-10-30 10:32:41,PFE,35.09,43,BID
2020-10-30 10:32:42,PFE,35.1,46,ASK
2020-10-30 10:32:43,PFE,35.09,65,BID
2020-10-30 10:32:43,PFE,35.1,41,ASK
2020-10-30 10:32:44,PFE,35.09,50,BID
2020-10-30 10:32:44,PFE,35.1,27,ASK
2020-10-30 10:32:44,PFE,35.09,50,BID
2020-10-30 10:32:44,PFE,35.1,32,ASK
2020-10-30 10:32:45,PFE,35.09,47,BID
2020-10-30 10:32:44,PFE,35.1,37,ASK
2020-10-30 10:32:46,PFE,35.1,48,BID
2020-10-30 10:32:38,PFE,35.11,81,ASK
2020-10-30 10:32:46,PFE,35.1,48,BID
2020-10-30 10:32:38,PFE,35.11,85,ASK
2020-10-30 10:32:47,PFE,35.1,53,BID
2020-10-30 10:32:48,PFE,35.11,57,ASK
2020-10-30 10:32:49,PFE,35.1,53,BID
2020-10-30 10:32:48,PFE,35.11,22,ASK
2020-10-30 10:32:50,PFE,35.1,50,BID
2020-10-30 10:32:49,PFE,35.11,35,ASK
2020-10-30 10:32:52,PFE,35.1,49,BID
2020-10-30 10:32:50,PFE,35.11,27,ASK
2020-10-30 10:32:52,PFE,35.1,37,BID
2020-10-30 10:32:50,PFE,35.11,40,ASK
2020-10-30 10:32:56,PFE,35.1,25,BID
2020-10-30 10:32:50,PFE,35.11,66,ASK
2020-10-30 10:32:57,PFE,35.09,64,BID
2020-10-30 10:32:57,PFE,35.1,26,ASK
2020-10-30 10:32:57,PFE,35.1,10,BID
2020-10-30 10:32:50,PFE,35.11,76,ASK
2020-10-30 10:32:58,PFE,35.1,14,BID
2020-10-30 10:32:50,PFE,35.11,76,ASK
2020-10-30 10:32:58,PFE,35.1,46,BID
2020-10-30 10:32:50,PFE,35.11,51,ASK
2020-10-30 10:32:59,PFE,35.1,57,BID
2020-10-30 10:32:59,PFE,35.11,54,ASK
2020-10-30 10:32:59,PFE,35.1,58,BID
2020-10-30 10:32:59,PFE,35.11,33,ASK
2020-10-30 10:33:01,PFE,35.11,44,BID
2020-10-30 10:33:01,PFE,35.12,106,ASK
2020-10-30 10:33:01,PFE,35.12,28,BID
2020-10-30 10:33:02,PFE,35.13,51,ASK
2020-10-30 10:33:01,PFE,35.12,28,BID
2020-10-30 10:33:02,PFE,35.13,34,ASK
2020-10-30 10:33:01,PFE,35.12,40,BID
2020-10-30 10:33:03,PFE,35.13,39,ASK
2020-10-30 10:33:01,PFE,35.12,39,BID
2020-10-30 10:33:03,PFE,35.13,39,ASK
2020-10-30 10:33:05,PFE,35.12,39,BID
2020-10-30 10:33:03,PFE,35.13,40,ASK
2020-10-30 10:33:06,PFE,35.13,32,BID
2020-10-30 10:32:22,PFE,35.14,48,ASK
2020-10-30 10:33:06,PFE,35.12,51,BID
2020-10-30 10:33:07,PFE,35.13,45,ASK
2020-10-30 10:33:08,PFE,35.12,29,BID
2020-10-30 10:33:07,PFE,35.13,49,ASK
2020-10-30 10:33:09,PFE,35.11,32,BID
2020-10-30 10:33:09,PFE,35.12,33,ASK
2020-10-30 10:33:10,PFE,35.12,34,BID
2020-10-30 10:33:09,PFE,35.13,89,ASK
2020-10-30 10:33:11,PFE,35.12,39,BID
2020-10-30 10:33:09,PFE,35.13,81,ASK
2020-10-30 10:33:11,PFE,35.12,40,BID
2020-10-30 10:33:12,PFE,35.13,22,ASK
2020-10-30 10:33:11,PFE,35.12,40,BID
2020-10-30 10:33:13,PFE,35.13,43,ASK
2020-10-30 10:33:15,PFE,35.11,37,BID
2020-10-30 10:33:15,PFE,35.12,77,ASK
2020-10-30 10:33:16,PFE,35.11,34,BID
2020-10-30 10:33:16,PFE,35.12,54,ASK
2020-10-30 10:33:17,PFE,35.11,38,BID
2020-10-30 10:33:17,PFE,35.12,38,ASK
2020-10-30 10:33:17,PFE,35.11,41,BID
2020-10-30 10:33:17,PFE,35.12,30,ASK
2020-10-30 10:33:19,PFE,35.11,28,BID
2020-10-30 10:33:17,PFE,35.12,52,ASK
2020-10-30 10:33:19,PFE,35.11,30,BID
2020-10-30 10:33:17,PFE,35.12,54,ASK
2020-10-30 10:33:19,PFE,35.11,61,BID
2020-10-30 10:33:17,PFE,35.12,37,ASK
2020-10-30 10:33:22,PFE,35.13,89,BID
2020-10-30 10:33:22,PFE,35.14,38,ASK
2020-10-30 10:33:23,PFE,35.13,31,BID
2020-10-30 10:33:23,PFE,35.14,45,ASK
2020-10-30 10:33:24,PFE,35.13,36,BID
2020-10-30 10:33:24,PFE,35.14,60,ASK
2020-10-30 10:33:24,PFE,35.13,33,BID
2020-10-30 10:33:25,PFE,35.14,43,ASK
2020-10-30 10:33:24,PFE,35.13,31,BID
2020-10-30 10:33:27,PFE,35.14,44,ASK
2020-10-30 10:33:24,PFE,35.13,47,BID
2020-10-30 10:33:28,PFE,35.14,30,ASK
2020-10-30 10:33:24,PFE,35.13,68,BID
2020-10-30 10:33:29,PFE,35.14,19,ASK
2020-10-30 10:33:31,PFE,35.14,74,BID
2020-10-30 10:33:31,PFE,35.15,21,ASK
2020-10-30 10:33:32,PFE,35.14,78,BID
2020-10-30 10:33:32,PFE,35.15,29,ASK
2020-10-30 10:33:33,PFE,35.15,23,BID
2020-10-30 10:32:17,PFE,35.16,66,ASK
2020-10-30 10:33:33,PFE,35.15,27,BID
2020-10-30 10:32:17,PFE,35.16,64,ASK
2020-10-30 10:33:33,PFE,35.15,37,BID
2020-10-30 10:32:17,PFE,35.16,61,ASK
2020-10-30 10:33:33,PFE,35.15,42,BID
2020-10-30 10:32:17,PFE,35.16,67,ASK
2020-10-30 10:33:36,PFE,35.14,79,BID
2020-10-30 10:33:35,PFE,35.15,32,ASK
2020-10-30 10:33:37,PFE,35.14,95,BID
2020-10-30 10:33:35,PFE,35.15,39,ASK
2020-10-30 10:33:37,PFE,35.14,95,BID
2020-10-30 10:33:35,PFE,35.15,32,ASK
2020-10-30 10:33:37,PFE,35.14,95,BID
2020-10-30 10:33:37,PFE,35.15,33,ASK
2020-10-30 10:33:37,PFE,35.14,99,BID
2020-10-30 10:33:39,PFE,35.15,20,ASK
2020-10-30 10:33:40,PFE,35.15,100,BID
2020-10-30 10:33:40,PFE,35.16,33,ASK
2020-10-30 10:33:41,PFE,35.15,106,BID
2020-10-30 10:33:42,PFE,35.16,50,ASK
2020-10-30 10:33:42,PFE,35.15,83,BID
2020-10-30 10:33:43,PFE,35.16,42,ASK
2020-10-30 10:33:44,PFE,35.15,86,BID
2020-10-30 10:33:43,PFE,35.16,15,ASK
2020-10-30 10:33:44,PFE,35.15,67,BID
2020-10-30 10:33:43,PFE,35.16,38,ASK
2020-10-30 10:33:45,PFE,35.15,61,BID
2020-10-30 10:33:43,PFE,35.16,22,ASK
2020-10-30 10:33:46,PFE,35.16,74,BID
2020-10-30 10:31:50,PFE,35.17,115,ASK
2020-10-30 10:33:46,PFE,35.16,70,BID
2020-10-30 10:31:50,PFE,35.17,115,ASK
2020-10-30 10:33:47,PFE,35.16,73,BID
2020-10-30 10:31:50,PFE,35.17,108,ASK
2020-10-30 10:33:48,PFE,35.16,84,BID
2020-10-30 10:31:50,PFE,35.17,111,ASK
2020-10-30 10:33:48,PFE,35.16,84,BID
2020-10-30 10:31:50,PFE,35.17,107,ASK
2020-10-30 10:33:49,PFE,35.16,86,BID
2020-10-30 10:31:50,PFE,35.17,107,ASK
2020-10-30 10:33:50,PFE,35.16,89,BID
2020-10-30 10:31:50,PFE,35.17,94,ASK
2020-10-30 10:33:50,PFE,35.16,89,BID
2020-10-30 10:31:50,PFE,35.17,94,ASK
2020-10-30 10:33:53,PFE,35.16,86,BID
2020-10-30 10:33:52,PFE,35.17,28,ASK
2020-10-30 10:33:54,PFE,35.16,86,BID
2020-10-30 10:33:52,PFE,35.17,21,ASK
2020-10-30 10:33:56,PFE,35.16,84,BID
2020-10-30 10:33:52,PFE,35.17,37,ASK
2020-10-30 10:33:57,PFE,35.16,87,BID
2020-10-30 10:33:52,PFE,35.17,19,ASK
2020-10-30 10:33:59,PFE,35.16,88,BID
2020-10-30 10:33:52,PFE,35.17,22,ASK
2020-10-30 10:34:00,PFE,35.17,75,BID
2020-10-30 10:31:48,PFE,35.18,74,ASK
2020-10-30 10:34:00,PFE,35.17,50,BID
2020-10-30 10:31:48,PFE,35.18,82,ASK
2020-10-30 10:34:01,PFE,35.16,111,BID
2020-10-30 10:34:01,PFE,35.17,33,ASK
2020-10-30 10:34:02,PFE,35.16,73,BID
2020-10-30 10:34:02,PFE,35.17,82,ASK
2020-10-30 10:34:03,PFE,35.16,60,BID
2020-10-30 10:34:02,PFE,35.17,61,ASK
2020-10-30 10:34:03,PFE,35.16,60,BID
2020-10-30 10:34:02,PFE,35.17,61,ASK
2020-10-30 10:34:04,PFE,35.15,65,BID
2020-10-30 10:34:04,PFE,35.16,127,ASK
2020-10-30 10:34:05,PFE,35.15,52,BID
2020-10-30 10:34:04,PFE,35.16,85,ASK
2020-10-30 10:34:05,PFE,35.15,54,BID
2020-10-30 10:34:04,PFE,35.16,84,ASK
2020-10-30 10:34:05,PFE,35.15,87,BID
2020-10-30 10:34:07,PFE,35.16,56,ASK
2020-10-30 10:34:08,PFE,35.16,53,BID
2020-10-30 10:34:04,PFE,35.17,135,ASK
2020-10-30 10:34:08,PFE,35.16,55,BID
2020-10-30 10:34:04,PFE,35.17,121,ASK
2020-10-30 10:34:05,PFE,35.15,66,BID
2020-10-30 10:34:09,PFE,35.16,7,ASK
2020-10-30 10:34:05,PFE,35.15,51,BID
2020-10-30 10:34:10,PFE,35.16,66,ASK
2020-10-30 10:34:05,PFE,35.15,51,BID
2020-10-30 10:34:10,PFE,35.16,66,ASK
2020-10-30 10:34:05,PFE,35.15,52,BID
2020-10-30 10:34:11,PFE,35.16,61,ASK
2020-10-30 10:34:05,PFE,35.15,52,BID
2020-10-30 10:34:12,PFE,35.16,62,ASK
2020-10-30 10:34:05,PFE,35.15,52,BID
2020-10-30 10:34:13,PFE,35.16,64,ASK
2020-10-30 10:34:05,PFE,35.15,45,BID
2020-10-30 10:34:14,PFE,35.16,72,ASK
2020-10-30 10:34:14,PFE,35.16,16,BID
2020-10-30 10:34:04,PFE,35.17,116,ASK
2020-10-30 10:34:14,PFE,35.16,46,BID
2020-10-30 10:34:04,PFE,35.17,111,ASK
2020-10-30 10:34:05,PFE,35.15,69,BID
2020-10-30 10:34:15,PFE,35.16,18,ASK
2020-10-30 10:34:05,PFE,35.15,44,BID
2020-10-30 10:34:15,PFE,35.16,68,ASK
2020-10-30 10:34:05,PFE,35.15,57,BID
2020-10-30 10:34:15,PFE,35.16,38,ASK
2020-10-30 10:34:05,PFE,35.15,51,BID
2020-10-30 10:34:15,PFE,35.16,44,ASK
2020-10-30 10:34:05,PFE,35.15,51,BID
2020-10-30 10:34:20,PFE,35.16,48,ASK
2020-10-30 10:34:05,PFE,35.15,54,BID
2020-10-30 10:34:20,PFE,35.16,48,ASK
2020-10-30 10:34:05,PFE,35.15,60,BID
2020-10-30 10:34:23,PFE,35.16,51,ASK
2020-10-30 10:34:05,PFE,35.15,55,BID
2020-10-30 10:34:23,PFE,35.16,47,ASK
2020-10-30 10:34:24,PFE,35.16,116,BID
2020-10-30 10:34:04,PFE,35.17,112,ASK
2020-10-30 10:34:25,PFE,35.16,30,BID
2020-10-30 10:34:04,PFE,35.17,119,ASK
2020-10-30 10:34:26,PFE,35.16,22,BID
2020-10-30 10:34:04,PFE,35.17,120,ASK
2020-10-30 10:34:27,PFE,35.16,34,BID
2020-10-30 10:34:04,PFE,35.17,119,ASK
2020-10-30 10:34:29,PFE,35.16,41,BID
2020-10-30 10:34:04,PFE,35.17,118,ASK
2020-10-30 10:34:31,PFE,35.16,65,BID
2020-10-30 10:34:04,PFE,35.17,97,ASK
2020-10-30 10:34:32,PFE,35.16,58,BID
2020-10-30 10:34:04,PFE,35.17,95,ASK
2020-10-30 10:34:34,PFE,35.16,57,BID
2020-10-30 10:34:04,PFE,35.17,87,ASK
2020-10-30 10:34:05,PFE,35.15,80,BID
2020-10-30 10:34:35,PFE,35.16,56,ASK
2020-10-30 10:34:05,PFE,35.15,52,BID
2020-10-30 10:34:36,PFE,35.16,58,ASK
2020-10-30 10:34:05,PFE,35.15,52,BID
2020-10-30 10:34:37,PFE,35.16,51,ASK
2020-10-30 10:34:05,PFE,35.15,46,BID
2020-10-30 10:34:39,PFE,35.16,55,ASK
2020-10-30 10:34:05,PFE,35.15,39,BID
2020-10-30 10:34:41,PFE,35.16,57,ASK
2020-10-30 10:34:42,PFE,35.15,33,BID
2020-10-30 10:34:42,PFE,35.16,70,ASK
2020-10-30 10:34:44,PFE,35.15,43,BID
2020-10-30 10:34:44,PFE,35.16,44,ASK
2020-10-30 10:34:44,PFE,35.15,50,BID
2020-10-30 10:34:45,PFE,35.16,31,ASK
2020-10-30 10:34:44,PFE,35.15,56,BID
2020-10-30 10:34:46,PFE,35.16,18,ASK
2020-10-30 10:34:44,PFE,35.15,58,BID
2020-10-30 10:34:49,PFE,35.16,21,ASK
2020-10-30 10:34:50,PFE,35.16,36,BID
2020-10-30 10:34:04,PFE,35.17,116,ASK
2020-10-30 10:34:50,PFE,35.16,99,BID
2020-10-30 10:34:50,PFE,35.17,55,ASK
2020-10-30 10:34:50,PFE,35.17,27,BID
2020-10-30 10:34:50,PFE,35.18,103,ASK
2020-10-30 10:34:50,PFE,35.17,27,BID
2020-10-30 10:34:50,PFE,35.18,103,ASK
2020-10-30 10:34:51,PFE,35.17,13,BID
2020-10-30 10:34:50,PFE,35.18,113,ASK
2020-10-30 10:34:52,PFE,35.16,49,BID
2020-10-30 10:34:52,PFE,35.17,95,ASK
2020-10-30 10:34:52,PFE,35.16,43,BID
2020-10-30 10:34:52,PFE,35.17,80,ASK
2020-10-30 10:34:53,PFE,35.16,47,BID
2020-10-30 10:34:53,PFE,35.17,79,ASK
2020-10-30 10:34:53,PFE,35.16,47,BID
2020-10-30 10:34:53,PFE,35.17,80,ASK
2020-10-30 10:34:53,PFE,35.16,32,BID
2020-10-30 10:34:53,PFE,35.17,80,ASK
2020-10-30 10:34:53,PFE,35.16,10,BID
2020-10-30 10:34:53,PFE,35.17,80,ASK
2020-10-30 10:34:53,PFE,35.16,25,BID
2020-10-30 10:34:53,PFE,35.17,81,ASK
2020-10-30 10:34:53,PFE,35.16,20,BID
2020-10-30 10:34:54,PFE,35.17,78,ASK
2020-10-30 10:34:49,PFE,35.15,89,BID
2020-10-30 10:34:55,PFE,35.16,32,ASK
2020-10-30 10:34:58,PFE,35.16,29,BID
2020-10-30 10:34:58,PFE,35.17,98,ASK
2020-10-30 10:34:49,PFE,35.15,72,BID
2020-10-30 10:35:00,PFE,35.16,96,ASK
2020-10-30 10:35:01,PFE,35.15,24,BID
2020-10-30 10:35:03,PFE,35.16,91,ASK
2020-10-30 10:33:30,PFE,35.14,92,BID
2020-10-30 10:35:04,PFE,35.15,89,ASK
2020-10-30 10:35:05,PFE,35.15,28,BID
2020-10-30 10:35:05,PFE,35.16,104,ASK
2020-10-30 10:35:05,PFE,35.15,28,BID
2020-10-30 10:35:05,PFE,35.16,102,ASK
2020-10-30 10:35:05,PFE,35.15,28,BID
2020-10-30 10:35:05,PFE,35.16,102,ASK
2020-10-30 10:33:30,PFE,35.14,89,BID
2020-10-30 10:35:05,PFE,35.15,24,ASK
2020-10-30 10:33:24,PFE,35.13,82,BID
2020-10-30 10:35:05,PFE,35.14,58,ASK
2020-10-30 10:33:24,PFE,35.13,55,BID
2020-10-30 10:35:05,PFE,35.14,50,ASK
2020-10-30 10:33:24,PFE,35.13,55,BID
2020-10-30 10:35:05,PFE,35.14,50,ASK
2020-10-30 10:33:24,PFE,35.13,55,BID
2020-10-30 10:35:05,PFE,35.14,50,ASK
2020-10-30 10:33:24,PFE,35.13,55,BID
2020-10-30 10:35:05,PFE,35.14,50,ASK
2020-10-30 10:33:24,PFE,35.13,55,BID
2020-10-30 10:35:05,PFE,35.14,50,ASK
2020-10-30 10:33:24,PFE,35.13,55,BID
2020-10-30 10:35:05,PFE,35.14,50,ASK
2020-10-30 10:33:24,PFE,35.13,55,BID
2020-10-30 10:35:05,PFE,35.14,50,ASK
2020-10-30 10:33:24,PFE,35.13,55,BID
2020-10-30 10:35:05,PFE,35.14,50,ASK
2020-10-30 10:33:24,PFE,35.13,55,BID
2020-10-30 10:35:06,PFE,35.14,40,ASK
2020-10-30 10:35:07,PFE,35.14,39,BID
2020-10-30 10:35:05,PFE,35.15,79,ASK
2020-10-30 10:35:07,PFE,35.14,41,BID
2020-10-30 10:35:05,PFE,35.15,64,ASK
2020-10-30 10:35:07,PFE,35.14,42,BID
2020-10-30 10:35:05,PFE,35.15,64,ASK
2020-10-30 10:35:07,PFE,35.14,42,BID
2020-10-30 10:35:05,PFE,35.15,64,ASK
2020-10-30 10:35:07,PFE,35.14,55,BID
2020-10-30 10:35:05,PFE,35.15,62,ASK
2020-10-30 10:35:07,PFE,35.14,61,BID
2020-10-30 10:35:09,PFE,35.15,37,ASK
2020-10-30 10:35:07,PFE,35.14,66,BID
2020-10-30 10:35:11,PFE,35.15,28,ASK
2020-10-30 10:35:12,PFE,35.16,45,BID
2020-10-30 10:35:13,PFE,35.17,75,ASK
2020-10-30 10:35:12,PFE,35.16,59,BID
2020-10-30 10:35:16,PFE,35.17,40,ASK
2020-10-30 10:35:20,PFE,35.15,53,BID
2020-10-30 10:35:20,PFE,35.16,73,ASK
2020-10-30 10:35:20,PFE,35.15,42,BID
2020-10-30 10:35:20,PFE,35.16,82,ASK
2020-10-30 10:35:20,PFE,35.15,40,BID
2020-10-30 10:35:20,PFE,35.16,94,ASK
2020-10-30 10:35:20,PFE,35.15,31,BID
2020-10-30 10:35:20,PFE,35.16,95,ASK
2020-10-30 10:35:21,PFE,35.15,31,BID
2020-10-30 10:35:20,PFE,35.16,92,ASK
2020-10-30 10:35:21,PFE,35.15,37,BID
2020-10-30 10:35:21,PFE,35.16,101,ASK
2020-10-30 10:35:07,PFE,35.14,54,BID
2020-10-30 10:35:21,PFE,35.15,97,ASK
2020-10-30 10:33:24,PFE,35.13,59,BID
2020-10-30 10:35:22,PFE,35.14,62,ASK
2020-10-30 10:33:24,PFE,35.13,57,BID
2020-10-30 10:35:22,PFE,35.14,71,ASK
2020-10-30 10:33:24,PFE,35.13,60,BID
2020-10-30 10:35:22,PFE,35.14,60,ASK
2020-10-30 10:33:24,PFE,35.13,63,BID
2020-10-30 10:35:23,PFE,35.14,17,ASK
2020-10-30 10:33:24,PFE,35.13,65,BID
2020-10-30 10:35:24,PFE,35.14,20,ASK
2020-10-30 10:35:24,PFE,35.14,29,BID
2020-10-30 10:35:24,PFE,35.14,10,ASK
2020-10-30 10:33:24,PFE,35.13,55,BID
2020-10-30 10:35:25,PFE,35.14,39,ASK
2020-10-30 10:33:24,PFE,35.13,55,BID
2020-10-30 10:35:25,PFE,35.14,39,ASK
2020-10-30 10:33:24,PFE,35.13,55,BID
2020-10-30 10:35:25,PFE,35.14,37,ASK
2020-10-30 10:33:21,PFE,35.12,78,BID
2020-10-30 10:35:28,PFE,35.13,82,ASK
2020-10-30 10:33:19,PFE,35.11,70,BID
2020-10-30 10:35:28,PFE,35.12,67,ASK
2020-10-30 10:33:19,PFE,35.11,76,BID
2020-10-30 10:35:29,PFE,35.12,51,ASK
2020-10-30 10:33:19,PFE,35.11,86,BID
2020-10-30 10:35:29,PFE,35.12,19,ASK
2020-10-30 10:33:01,PFE,35.1,71,BID
2020-10-30 10:35:30,PFE,35.11,40,ASK
2020-10-30 10:35:30,PFE,35.09,101,BID
2020-10-30 10:35:30,PFE,35.11,44,ASK
2020-10-30 10:35:31,PFE,35.1,76,BID
2020-10-30 10:35:31,PFE,35.11,23,ASK
2020-10-30 10:35:32,PFE,35.1,81,BID
2020-10-30 10:35:32,PFE,35.11,35,ASK
2020-10-30 10:35:32,PFE,35.11,42,BID
2020-10-30 10:35:29,PFE,35.12,59,ASK
2020-10-30 10:35:32,PFE,35.11,42,BID
2020-10-30 10:35:29,PFE,35.12,59,ASK
2020-10-30 10:35:33,PFE,35.11,37,BID
2020-10-30 10:35:33,PFE,35.12,62,ASK
2020-10-30 10:35:35,PFE,35.11,37,BID
2020-10-30 10:35:34,PFE,35.12,66,ASK
2020-10-30 10:35:36,PFE,35.11,37,BID
2020-10-30 10:35:36,PFE,35.12,49,ASK
2020-10-30 10:35:38,PFE,35.12,23,BID
2020-10-30 10:35:38,PFE,35.13,97,ASK
2020-10-30 10:35:39,PFE,35.12,73,BID
2020-10-30 10:35:39,PFE,35.13,56,ASK
2020-10-30 10:35:40,PFE,35.12,72,BID
2020-10-30 10:35:40,PFE,35.13,29,ASK
2020-10-30 10:35:42,PFE,35.12,78,BID
2020-10-30 10:35:40,PFE,35.13,31,ASK
2020-10-30 10:35:42,PFE,35.13,33,BID
2020-10-30 10:35:25,PFE,35.14,76,ASK
2020-10-30 10:35:43,PFE,35.13,26,BID
2020-10-30 10:35:25,PFE,35.14,79,ASK
2020-10-30 10:35:43,PFE,35.13,35,BID
2020-10-30 10:35:25,PFE,35.14,47,ASK
2020-10-30 10:35:44,PFE,35.14,42,BID
2020-10-30 10:35:44,PFE,35.15,65,ASK
2020-10-30 10:35:44,PFE,35.14,44,BID
2020-10-30 10:35:44,PFE,35.15,48,ASK
2020-10-30 10:35:45,PFE,35.14,35,BID
2020-10-30 10:35:45,PFE,35.15,36,ASK
2020-10-30 10:35:44,PFE,35.14,34,BID
2020-10-30 10:35:45,PFE,35.15,38,ASK
2020-10-30 10:35:44,PFE,35.14,34,BID
2020-10-30 10:35:45,PFE,35.15,37,ASK
2020-10-30 10:35:46,PFE,35.14,53,BID
2020-10-30 10:35:47,PFE,35.15,47,ASK
2020-10-30 10:35:46,PFE,35.14,58,BID
2020-10-30 10:35:48,PFE,35.15,25,ASK
2020-10-30 10:35:46,PFE,35.14,62,BID
2020-10-30 10:35:49,PFE,35.15,11,ASK
2020-10-30 10:35:51,PFE,35.15,34,BID
2020-10-30 10:35:51,PFE,35.16,79,ASK
2020-10-30 10:35:46,PFE,35.14,85,BID
2020-10-30 10:35:52,PFE,35.15,84,ASK
2020-10-30 10:35:46,PFE,35.14,74,BID
2020-10-30 10:35:52,PFE,35.15,78,ASK
2020-10-30 10:35:53,PFE,35.14,50,BID
2020-10-30 10:35:53,PFE,35.15,78,ASK
2020-10-30 10:35:53,PFE,35.14,50,BID
2020-10-30 10:35:55,PFE,35.15,60,ASK
2020-10-30 10:35:53,PFE,35.14,53,BID
2020-10-30 10:35:55,PFE,35.15,57,ASK
2020-10-30 10:35:53,PFE,35.14,72,BID
2020-10-30 10:35:57,PFE,35.15,42,ASK
2020-10-30 10:35:53,PFE,35.14,62,BID
2020-10-30 10:35:57,PFE,35.15,42,ASK
2020-10-30 10:35:53,PFE,35.14,62,BID
2020-10-30 10:35:57,PFE,35.15,42,ASK
2020-10-30 10:35:53,PFE,35.14,62,BID
2020-10-30 10:35:57,PFE,35.15,42,ASK
2020-10-30 10:35:53,PFE,35.14,62,BID
2020-10-30 10:35:57,PFE,35.15,42,ASK
2020-10-30 10:35:53,PFE,35.14,62,BID
2020-10-30 10:35:57,PFE,35.15,42,ASK
2020-10-30 10:35:58,PFE,35.15,84,BID
2020-10-30 10:35:58,PFE,35.16,69,ASK
2020-10-30 10:35:53,PFE,35.14,41,BID
2020-10-30 10:36:01,PFE,35.15,89,ASK
2020-10-30 10:35:53,PFE,35.14,31,BID
2020-10-30 10:36:02,PFE,35.15,111,ASK
2020-10-30 10:35:53,PFE,35.14,31,BID
2020-10-30 10:36:02,PFE,35.15,112,ASK
2020-10-30 10:35:53,PFE,35.14,29,BID
2020-10-30 10:36:04,PFE,35.15,108,ASK
2020-10-30 10:35:53,PFE,35.14,30,BID
2020-10-30 10:36:04,PFE,35.15,94,ASK
2020-10-30 10:35:53,PFE,35.14,41,BID
2020-10-30 10:36:05,PFE,35.15,101,ASK
2020-10-30 10:35:43,PFE,35.13,70,BID
2020-10-30 10:36:06,PFE,35.14,50,ASK
2020-10-30 10:36:08,PFE,35.14,64,BID
2020-10-30 10:36:08,PFE,35.15,107,ASK
2020-10-30 10:35:43,PFE,35.13,72,BID
2020-10-30 10:36:09,PFE,35.14,4,ASK
2020-10-30 10:35:43,PFE,35.13,68,BID
2020-10-30 10:36:11,PFE,35.14,25,ASK
2020-10-30 10:35:43,PFE,35.13,68,BID
2020-10-30 10:36:11,PFE,35.14,36,ASK
2020-10-30 10:36:14,PFE,35.13,17,BID
2020-10-30 10:36:11,PFE,35.14,61,ASK
2020-10-30 10:36:14,PFE,35.13,11,BID
2020-10-30 10:36:11,PFE,35.14,78,ASK
2020-10-30 10:36:15,PFE,35.12,24,BID
2020-10-30 10:36:15,PFE,35.13,110,ASK
2020-10-30 10:35:36,PFE,35.11,85,BID
2020-10-30 10:36:15,PFE,35.12,63,ASK
2020-10-30 10:35:36,PFE,35.11,69,BID
2020-10-30 10:36:15,PFE,35.12,65,ASK
2020-10-30 10:35:36,PFE,35.11,61,BID
2020-10-30 10:36:17,PFE,35.12,66,ASK
2020-10-30 10:35:36,PFE,35.11,65,BID
2020-10-30 10:36:17,PFE,35.12,67,ASK
2020-10-30 10:35:36,PFE,35.11,36,BID
2020-10-30 10:36:19,PFE,35.12,82,ASK
2020-10-30 10:36:20,PFE,35.11,21,BID
2020-10-30 10:36:20,PFE,35.12,93,ASK
2020-10-30 10:36:20,PFE,35.11,19,BID
2020-10-30 10:36:20,PFE,35.12,93,ASK
2020-10-30 10:36:20,PFE,35.11,25,BID
2020-10-30 10:36:21,PFE,35.12,97,ASK
2020-10-30 10:35:31,PFE,35.1,71,BID
2020-10-30 10:36:22,PFE,35.11,83,ASK
2020-10-30 10:35:31,PFE,35.1,73,BID
2020-10-30 10:36:22,PFE,35.11,83,ASK
2020-10-30 10:35:31,PFE,35.1,94,BID
2020-10-30 10:36:23,PFE,35.11,71,ASK
2020-10-30 10:35:31,PFE,35.1,88,BID
2020-10-30 10:36:24,PFE,35.11,72,ASK
2020-10-30 10:36:24,PFE,35.11,98,BID
2020-10-30 10:36:24,PFE,35.12,99,ASK
2020-10-30 10:36:26,PFE,35.11,84,BID
2020-10-30 10:36:26,PFE,35.12,24,ASK
2020-10-30 10:36:27,PFE,35.11,86,BID
2020-10-30 10:36:26,PFE,35.12,22,ASK
2020-10-30 10:36:28,PFE,35.12,34,BID
2020-10-30 10:36:28,PFE,35.13,119,ASK
2020-10-30 10:36:28,PFE,35.12,59,BID
2020-10-30 10:36:28,PFE,35.13,111,ASK
2020-10-30 10:36:28,PFE,35.12,53,BID
2020-10-30 10:36:29,PFE,35.13,112,ASK
2020-10-30 10:36:30,PFE,35.12,31,BID
2020-10-30 10:36:30,PFE,35.13,119,ASK
2020-10-30 10:36:31,PFE,35.12,32,BID
2020-10-30 10:36:30,PFE,35.13,123,ASK
2020-10-30 10:36:31,PFE,35.11,48,BID
2020-10-30 10:36:31,PFE,35.12,87,ASK
2020-10-30 10:36:31,PFE,35.11,46,BID
2020-10-30 10:36:31,PFE,35.12,115,ASK
2020-10-30 10:35:31,PFE,35.1,97,BID
2020-10-30 10:36:32,PFE,35.11,43,ASK
2020-10-30 10:35:31,PFE,35.1,73,BID
2020-10-30 10:36:32,PFE,35.11,48,ASK
2020-10-30 10:35:31,PFE,35.1,83,BID
2020-10-30 10:36:34,PFE,35.11,49,ASK
2020-10-30 10:35:31,PFE,35.1,99,BID
2020-10-30 10:36:36,PFE,35.11,34,ASK
2020-10-30 10:36:37,PFE,35.11,82,BID
2020-10-30 10:36:37,PFE,35.12,69,ASK
2020-10-30 10:36:38,PFE,35.11,83,BID
2020-10-30 10:36:38,PFE,35.12,67,ASK
2020-10-30 10:36:36,PFE,35.11,89,BID
2020-10-30 10:36:39,PFE,35.12,37,ASK
2020-10-30 10:36:36,PFE,35.11,80,BID
2020-10-30 10:36:39,PFE,35.12,54,ASK
2020-10-30 10:36:36,PFE,35.11,78,BID
2020-10-30 10:36:39,PFE,35.12,48,ASK
2020-10-30 10:36:36,PFE,35.11,84,BID
2020-10-30 10:36:39,PFE,35.12,40,ASK
2020-10-30 10:36:36,PFE,35.11,79,BID
2020-10-30 10:36:39,PFE,35.12,47,ASK
2020-10-30 10:36:36,PFE,35.11,76,BID
2020-10-30 10:36:39,PFE,35.12,59,ASK
2020-10-30 10:35:31,PFE,35.1,74,BID
2020-10-30 10:36:45,PFE,35.11,56,ASK
2020-10-30 10:35:31,PFE,35.1,69,BID
2020-10-30 10:36:46,PFE,35.11,58,ASK
2020-10-30 10:35:31,PFE,35.1,73,BID
2020-10-30 10:36:46,PFE,35.11,48,ASK
2020-10-30 10:35:31,PFE,35.1,73,BID
2020-10-30 10:36:47,PFE,35.11,54,ASK
2020-10-30 10:35:31,PFE,35.1,66,BID
2020-10-30 10:36:47,PFE,35.11,62,ASK
2020-10-30 10:35:31,PFE,35.1,77,BID
2020-10-30 10:36:48,PFE,35.11,48,ASK
2020-10-30 10:35:31,PFE,35.1,82,BID
2020-10-30 10:36:49,PFE,35.11,38,ASK
2020-10-30 10:35:31,PFE,35.1,87,BID
2020-10-30 10:36:51,PFE,35.11,31,ASK
2020-10-30 10:36:51,PFE,35.11,111,BID
2020-10-30 10:36:39,PFE,35.12,72,ASK
2020-10-30 10:36:52,PFE,35.11,97,BID
2020-10-30 10:36:39,PFE,35.12,61,ASK
2020-10-30 10:36:53,PFE,35.11,98,BID
2020-10-30 10:36:39,PFE,35.12,61,ASK
2020-10-30 10:36:54,PFE,35.11,93,BID
2020-10-30 10:36:39,PFE,35.12,61,ASK
2020-10-30 10:36:54,PFE,35.11,106,BID
2020-10-30 10:36:39,PFE,35.12,57,ASK
2020-10-30 10:36:55,PFE,35.11,153,BID
2020-10-30 10:36:55,PFE,35.12,45,ASK
2020-10-30 10:36:55,PFE,35.11,119,BID
2020-10-30 10:36:55,PFE,35.12,55,ASK
2020-10-30 10:36:55,PFE,35.11,118,BID
2020-10-30 10:36:55,PFE,35.12,41,ASK
2020-10-30 10:36:56,PFE,35.11,101,BID
2020-10-30 10:36:55,PFE,35.12,47,ASK
2020-10-30 10:36:57,PFE,35.11,104,BID
2020-10-30 10:36:55,PFE,35.12,49,ASK
2020-10-30 10:36:58,PFE,35.11,100,BID
2020-10-30 10:36:55,PFE,35.12,52,ASK
2020-10-30 10:36:59,PFE,35.11,96,BID
2020-10-30 10:36:55,PFE,35.12,56,ASK
2020-10-30 10:37:01,PFE,35.11,104,BID
2020-10-30 10:36:55,PFE,35.12,40,ASK
2020-10-30 10:37:01,PFE,35.11,96,BID
2020-10-30 10:36:55,PFE,35.12,54,ASK
2020-10-30 10:37:02,PFE,35.11,102,BID
2020-10-30 10:36:55,PFE,35.12,44,ASK
2020-10-30 10:37:03,PFE,35.11,95,BID
2020-10-30 10:36:55,PFE,35.12,55,ASK
2020-10-30 10:37:04,PFE,35.11,86,BID
2020-10-30 10:36:55,PFE,35.12,58,ASK
2020-10-30 10:37:05,PFE,35.11,84,BID
2020-10-30 10:36:55,PFE,35.12,58,ASK
2020-10-30 10:37:05,PFE,35.11,63,BID
2020-10-30 10:36:55,PFE,35.12,77,ASK
2020-10-30 10:35:31,PFE,35.1,96,BID
2020-10-30 10:37:06,PFE,35.11,50,ASK
2020-10-30 10:35:31,PFE,35.1,96,BID
2020-10-30 10:37:07,PFE,35.11,36,ASK
2020-10-30 10:35:31,PFE,35.1,93,BID
2020-10-30 10:37:08,PFE,35.11,41,ASK
2020-10-30 10:35:31,PFE,35.1,116,BID
2020-10-30 10:37:09,PFE,35.11,57,ASK
2020-10-30 10:35:31,PFE,35.1,113,BID
2020-10-30 10:37:10,PFE,35.11,35,ASK
2020-10-30 10:35:31,PFE,35.1,89,BID
2020-10-30 10:37:11,PFE,35.11,55,ASK
2020-10-30 10:35:31,PFE,35.1,98,BID
2020-10-30 10:37:12,PFE,35.11,42,ASK
2020-10-30 10:35:31,PFE,35.1,98,BID
2020-10-30 10:37:13,PFE,35.11,58,ASK
2020-10-30 10:35:31,PFE,35.1,92,BID
2020-10-30 10:37:13,PFE,35.11,61,ASK
2020-10-30 10:35:31,PFE,35.1,93,BID
2020-10-30 10:37:13,PFE,35.11,58,ASK
2020-10-30 10:35:31,PFE,35.1,104,BID
2020-10-30 10:37:15,PFE,35.11,48,ASK
2020-10-30 10:37:16,PFE,35.11,54,BID
2020-10-30 10:36:55,PFE,35.12,86,ASK
2020-10-30 10:37:17,PFE,35.11,75,BID
2020-10-30 10:36:55,PFE,35.12,62,ASK
2020-10-30 10:35:31,PFE,35.1,124,BID
2020-10-30 10:37:18,PFE,35.11,17,ASK
2020-10-30 10:35:31,PFE,35.1,124,BID
2020-10-30 10:37:19,PFE,35.11,10,ASK
2020-10-30 10:35:31,PFE,35.1,78,BID
2020-10-30 10:37:20,PFE,35.11,45,ASK
2020-10-30 10:37:21,PFE,35.1,94,BID
2020-10-30 10:37:20,PFE,35.11,17,ASK
2020-10-30 10:37:21,PFE,35.1,98,BID
2020-10-30 10:37:20,PFE,35.11,12,ASK
2020-10-30 10:37:21,PFE,35.1,115,BID
2020-10-30 10:37:20,PFE,35.11,12,ASK
2020-10-30 10:37:23,PFE,35.11,102,BID
2020-10-30 10:36:55,PFE,35.12,65,ASK
2020-10-30 10:37:24,PFE,35.11,28,BID
2020-10-30 10:36:55,PFE,35.12,87,ASK
2020-10-30 10:37:21,PFE,35.1,98,BID
2020-10-30 10:37:25,PFE,35.11,50,ASK
2020-10-30 10:37:26,PFE,35.11,8,BID
2020-10-30 10:36:55,PFE,35.12,86,ASK
2020-10-30 10:37:26,PFE,35.11,34,BID
2020-10-30 10:36:55,PFE,35.12,64,ASK
2020-10-30 10:37:26,PFE,35.11,44,BID
2020-10-30 10:36:55,PFE,35.12,63,ASK
2020-10-30 10:37:26,PFE,35.11,46,BID
2020-10-30 10:36:55,PFE,35.12,58,ASK
2020-10-30 10:37:26,PFE,35.11,49,BID
2020-10-30 10:36:55,PFE,35.12,44,ASK
2020-10-30 10:37:26,PFE,35.11,48,BID
2020-10-30 10:37:01,PFE,35.12,49,ASK
2020-10-30 10:37:26,PFE,35.11,47,BID
2020-10-30 10:37:01,PFE,35.12,43,ASK
2020-10-30 10:37:26,PFE,35.11,67,BID
2020-10-30 10:37:01,PFE,35.12,39,ASK
2020-10-30 10:37:26,PFE,35.11,87,BID
2020-10-30 10:37:33,PFE,35.12,30,ASK
2020-10-30 10:37:34,PFE,35.12,80,BID
2020-10-30 10:36:14,PFE,35.13,124,ASK
2020-10-30 10:37:35,PFE,35.12,81,BID
2020-10-30 10:36:14,PFE,35.13,98,ASK
2020-10-30 10:37:35,PFE,35.12,81,BID
2020-10-30 10:36:14,PFE,35.13,98,ASK
2020-10-30 10:37:36,PFE,35.12,80,BID
2020-10-30 10:36:14,PFE,35.13,104,ASK
2020-10-30 10:37:37,PFE,35.12,87,BID
2020-10-30 10:36:14,PFE,35.13,107,ASK
2020-10-30 10:37:37,PFE,35.12,99,BID
2020-10-30 10:36:14,PFE,35.13,86,ASK
2020-10-30 10:37:38,PFE,35.12,99,BID
2020-10-30 10:36:14,PFE,35.13,97,ASK
2020-10-30 10:37:39,PFE,35.12,97,BID
2020-10-30 10:36:14,PFE,35.13,100,ASK
2020-10-30 10:37:40,PFE,35.12,97,BID
2020-10-30 10:36:14,PFE,35.13,102,ASK
2020-10-30 10:37:40,PFE,35.12,89,BID
2020-10-30 10:36:14,PFE,35.13,89,ASK
2020-10-30 10:37:41,PFE,35.12,100,BID
2020-10-30 10:36:14,PFE,35.13,90,ASK
2020-10-30 10:37:42,PFE,35.12,113,BID
2020-10-30 10:37:42,PFE,35.13,73,ASK
2020-10-30 10:37:43,PFE,35.12,113,BID
2020-10-30 10:37:43,PFE,35.13,75,ASK
2020-10-30 10:37:45,PFE,35.12,113,BID
2020-10-30 10:37:43,PFE,35.13,56,ASK
2020-10-30 10:37:45,PFE,35.12,109,BID
2020-10-30 10:37:45,PFE,35.13,62,ASK
2020-10-30 10:37:46,PFE,35.12,126,BID
2020-10-30 10:37:46,PFE,35.13,22,ASK
2020-10-30 10:37:47,PFE,35.13,105,BID
2020-10-30 10:36:09,PFE,35.14,66,ASK
2020-10-30 10:37:47,PFE,35.13,106,BID
2020-10-30 10:36:09,PFE,35.14,37,ASK
2020-10-30 10:37:48,PFE,35.14,51,BID
2020-10-30 10:36:01,PFE,35.15,121,ASK
2020-10-30 10:37:48,PFE,35.14,49,BID
2020-10-30 10:36:01,PFE,35.15,121,ASK
2020-10-30 10:37:48,PFE,35.14,51,BID
2020-10-30 10:36:01,PFE,35.15,130,ASK
2020-10-30 10:37:51,PFE,35.14,46,BID
2020-10-30 10:36:01,PFE,35.15,219,ASK
2020-10-30 10:37:52,PFE,35.13,102,BID
2020-10-30 10:37:52,PFE,35.14,63,ASK
2020-10-30 10:37:52,PFE,35.14,48,BID
2020-10-30 10:36:01,PFE,35.15,118,ASK
2020-10-30 10:37:53,PFE,35.14,50,BID
2020-10-30 10:36:01,PFE,35.15,113,ASK
2020-10-30 10:37:53,PFE,35.14,51,BID
2020-10-30 10:36:01,PFE,35.15,105,ASK
2020-10-30 10:37:54,PFE,35.14,83,BID
2020-10-30 10:36:01,PFE,35.15,102,ASK
2020-10-30 10:37:54,PFE,35.15,70,BID
2020-10-30 10:37:54,PFE,35.16,68,ASK
2020-10-30 10:37:55,PFE,35.15,64,BID
2020-10-30 10:37:54,PFE,35.16,84,ASK
2020-10-30 10:37:55,PFE,35.15,64,BID
2020-10-30 10:37:54,PFE,35.16,82,ASK
2020-10-30 10:37:56,PFE,35.15,64,BID
2020-10-30 10:37:54,PFE,35.16,79,ASK
2020-10-30 10:37:57,PFE,35.14,85,BID
2020-10-30 10:37:57,PFE,35.15,21,ASK
2020-10-30 10:37:58,PFE,35.14,76,BID
2020-10-30 10:37:57,PFE,35.15,36,ASK
2020-10-30 10:38:00,PFE,35.14,76,BID
2020-10-30 10:37:57,PFE,35.15,32,ASK
2020-10-30 10:38:00,PFE,35.14,49,BID
2020-10-30 10:37:57,PFE,35.15,33,ASK
2020-10-30 10:38:01,PFE,35.14,74,BID
2020-10-30 10:37:57,PFE,35.15,23,ASK
2020-10-30 10:38:02,PFE,35.14,71,BID
2020-10-30 10:37:57,PFE,35.15,30,ASK
2020-10-30 10:38:02,PFE,35.14,72,BID
2020-10-30 10:37:57,PFE,35.15,30,ASK
2020-10-30 10:38:03,PFE,35.14,69,BID
2020-10-30 10:37:57,PFE,35.15,33,ASK
2020-10-30 10:38:04,PFE,35.14,59,BID
2020-10-30 10:37:57,PFE,35.15,55,ASK
2020-10-30 10:38:05,PFE,35.14,55,BID
2020-10-30 10:37:57,PFE,35.15,51,ASK
2020-10-30 10:38:06,PFE,35.14,45,BID
2020-10-30 10:37:57,PFE,35.15,77,ASK
2020-10-30 10:38:06,PFE,35.12,85,BID
2020-10-30 10:38:06,PFE,35.13,76,ASK
2020-10-30 10:38:07,PFE,35.12,44,BID
2020-10-30 10:38:07,PFE,35.13,64,ASK
2020-10-30 10:38:08,PFE,35.12,42,BID
2020-10-30 10:38:08,PFE,35.13,64,ASK
2020-10-30 10:38:09,PFE,35.12,26,BID
2020-10-30 10:38:09,PFE,35.13,64,ASK
2020-10-30 10:38:11,PFE,35.12,35,BID
2020-10-30 10:38:11,PFE,35.13,63,ASK
2020-10-30 10:38:12,PFE,35.12,34,BID
2020-10-30 10:38:12,PFE,35.13,63,ASK
2020-10-30 10:38:12,PFE,35.12,30,BID
2020-10-30 10:38:12,PFE,35.13,66,ASK
2020-10-30 10:37:26,PFE,35.11,35,BID
2020-10-30 10:38:13,PFE,35.12,70,ASK
2020-10-30 10:37:26,PFE,35.11,45,BID
2020-10-30 10:38:14,PFE,35.12,46,ASK
2020-10-30 10:37:26,PFE,35.11,42,BID
2020-10-30 10:38:14,PFE,35.12,46,ASK
2020-10-30 10:37:26,PFE,35.11,48,BID
2020-10-30 10:38:15,PFE,35.12,39,ASK
2020-10-30 10:37:26,PFE,35.11,39,BID
2020-10-30 10:38:15,PFE,35.12,79,ASK
2020-10-30 10:38:18,PFE,35.11,29,BID
2020-10-30 10:38:15,PFE,35.12,82,ASK
2020-10-30 10:38:19,PFE,35.11,25,BID
2020-10-30 10:38:15,PFE,35.12,92,ASK
2020-10-30 10:38:19,PFE,35.11,48,BID
2020-10-30 10:38:14,PFE,35.12,50,ASK
2020-10-30 10:38:19,PFE,35.11,53,BID
2020-10-30 10:38:14,PFE,35.12,47,ASK
2020-10-30 10:38:19,PFE,35.11,53,BID
2020-10-30 10:38:14,PFE,35.12,46,ASK
2020-10-30 10:38:19,PFE,35.11,53,BID
2020-10-30 10:38:14,PFE,35.12,41,ASK
2020-10-30 10:38:23,PFE,35.12,86,BID
2020-10-30 10:38:06,PFE,35.13,78,ASK
2020-10-30 10:38:25,PFE,35.12,73,BID
2020-10-30 10:38:06,PFE,35.13,81,ASK
2020-10-30 10:38:27,PFE,35.12,47,BID
2020-10-30 10:38:06,PFE,35.13,82,ASK
2020-10-30 10:38:27,PFE,35.12,48,BID
2020-10-30 10:38:06,PFE,35.13,82,ASK
2020-10-30 10:38:19,PFE,35.11,50,BID
2020-10-30 10:38:29,PFE,35.12,74,ASK
2020-10-30 10:38:19,PFE,35.11,53,BID
2020-10-30 10:38:30,PFE,35.12,59,ASK
2020-10-30 10:38:19,PFE,35.11,45,BID
2020-10-30 10:38:30,PFE,35.12,64,ASK
2020-10-30 10:38:19,PFE,35.11,53,BID
2020-10-30 10:38:30,PFE,35.12,66,ASK
2020-10-30 10:38:19,PFE,35.11,51,BID
2020-10-30 10:38:30,PFE,35.12,67,ASK
2020-10-30 10:37:21,PFE,35.1,93,BID
2020-10-30 10:38:30,PFE,35.12,116,ASK
2020-10-30 10:37:21,PFE,35.1,54,BID
2020-10-30 10:38:36,PFE,35.11,99,ASK
2020-10-30 10:37:21,PFE,35.1,63,BID
2020-10-30 10:38:37,PFE,35.11,85,ASK
2020-10-30 10:37:21,PFE,35.1,83,BID
2020-10-30 10:38:37,PFE,35.11,59,ASK
2020-10-30 10:37:21,PFE,35.1,83,BID
2020-10-30 10:38:37,PFE,35.11,58,ASK
2020-10-30 10:38:38,PFE,35.11,25,BID
2020-10-30 10:38:30,PFE,35.12,94,ASK
2020-10-30 10:38:40,PFE,35.11,40,BID
2020-10-30 10:38:30,PFE,35.12,88,ASK
2020-10-30 10:38:40,PFE,35.11,40,BID
2020-10-30 10:38:30,PFE,35.12,88,ASK
2020-10-30 10:38:42,PFE,35.11,41,BID
2020-10-30 10:38:30,PFE,35.12,58,ASK
2020-10-30 10:38:43,PFE,35.11,50,BID
2020-10-30 10:38:30,PFE,35.12,45,ASK
2020-10-30 10:38:44,PFE,35.11,61,BID
2020-10-30 10:38:30,PFE,35.12,27,ASK
2020-10-30 10:38:45,PFE,35.11,61,BID
2020-10-30 10:38:30,PFE,35.12,27,ASK
2020-10-30 10:38:47,PFE,35.12,44,BID
2020-10-30 10:38:06,PFE,35.13,104,ASK
2020-10-30 10:38:47,PFE,35.12,52,BID
2020-10-30 10:38:06,PFE,35.13,77,ASK
2020-10-30 10:38:47,PFE,35.12,52,BID
2020-10-30 10:38:06,PFE,35.13,74,ASK
2020-10-30 10:38:47,PFE,35.12,52,BID
2020-10-30 10:38:06,PFE,35.13,50,ASK
2020-10-30 10:38:47,PFE,35.12,55,BID
2020-10-30 10:38:06,PFE,35.13,33,ASK
2020-10-30 10:38:47,PFE,35.12,83,BID
2020-10-30 10:38:51,PFE,35.13,34,ASK
2020-10-30 10:38:51,PFE,35.13,87,BID
2020-10-30 10:38:51,PFE,35.14,20,ASK
2020-10-30 10:38:52,PFE,35.13,51,BID
2020-10-30 10:38:52,PFE,35.14,49,ASK
2020-10-30 10:38:53,PFE,35.13,41,BID
2020-10-30 10:38:53,PFE,35.14,56,ASK
2020-10-30 10:38:53,PFE,35.13,52,BID
2020-10-30 10:38:53,PFE,35.14,56,ASK
2020-10-30 10:38:53,PFE,35.13,59,BID
2020-10-30 10:38:54,PFE,35.14,41,ASK
2020-10-30 10:38:54,PFE,35.13,90,BID
2020-10-30 10:38:55,PFE,35.14,13,ASK
2020-10-30 10:38:54,PFE,35.13,90,BID
2020-10-30 10:38:55,PFE,35.14,13,ASK
2020-10-30 10:38:54,PFE,35.13,90,BID
2020-10-30 10:38:55,PFE,35.14,13,ASK
2020-10-30 10:38:59,PFE,35.13,69,BID
2020-10-30 10:38:59,PFE,35.14,67,ASK
2020-10-30 10:39:00,PFE,35.13,24,BID
2020-10-30 10:39:00,PFE,35.14,151,ASK
2020-10-30 10:38:47,PFE,35.12,96,BID
2020-10-30 10:39:01,PFE,35.13,25,ASK
2020-10-30 10:39:02,PFE,35.13,84,BID
2020-10-30 10:39:00,PFE,35.14,124,ASK
2020-10-30 10:39:02,PFE,35.13,84,BID
2020-10-30 10:39:02,PFE,35.14,35,ASK
2020-10-30 10:39:03,PFE,35.13,83,BID
2020-10-30 10:39:02,PFE,35.14,52,ASK
2020-10-30 10:39:04,PFE,35.13,83,BID
2020-10-30 10:39:02,PFE,35.14,46,ASK
2020-10-30 10:39:04,PFE,35.13,70,BID
2020-10-30 10:39:02,PFE,35.14,47,ASK
2020-10-30 10:39:05,PFE,35.13,72,BID
2020-10-30 10:39:02,PFE,35.14,52,ASK
2020-10-30 10:39:06,PFE,35.13,97,BID
2020-10-30 10:39:06,PFE,35.14,34,ASK
2020-10-30 10:39:08,PFE,35.13,73,BID
2020-10-30 10:39:06,PFE,35.14,32,ASK
2020-10-30 10:39:10,PFE,35.13,73,BID
2020-10-30 10:39:06,PFE,35.14,36,ASK
2020-10-30 10:39:10,PFE,35.13,70,BID
2020-10-30 10:39:06,PFE,35.14,48,ASK
2020-10-30 10:39:10,PFE,35.13,70,BID
2020-10-30 10:39:06,PFE,35.14,48,ASK
2020-10-30 10:39:10,PFE,35.13,37,BID
2020-10-30 10:39:06,PFE,35.14,68,ASK
2020-10-30 10:39:12,PFE,35.13,55,BID
2020-10-30 10:39:06,PFE,35.14,63,ASK
2020-10-30 10:39:12,PFE,35.13,52,BID
2020-10-30 10:39:06,PFE,35.14,49,ASK
2020-10-30 10:39:14,PFE,35.13,52,BID
2020-10-30 10:39:06,PFE,35.14,53,ASK
2020-10-30 10:39:15,PFE,35.13,69,BID
2020-10-30 10:39:06,PFE,35.14,35,ASK
2020-10-30 10:39:17,PFE,35.13,83,BID
2020-10-30 10:39:06,PFE,35.14,31,ASK
2020-10-30 10:39:20,PFE,35.14,60,BID
2020-10-30 10:37:57,PFE,35.15,84,ASK
2020-10-30 10:39:21,PFE,35.14,39,BID
2020-10-30 10:37:57,PFE,35.15,86,ASK
2020-10-30 10:39:23,PFE,35.14,50,BID
2020-10-30 10:37:57,PFE,35.15,79,ASK
2020-10-30 10:39:25,PFE,35.14,57,BID
2020-10-30 10:37:57,PFE,35.15,76,ASK
2020-10-30 10:39:25,PFE,35.14,22,BID
2020-10-30 10:37:57,PFE,35.15,85,ASK
2020-10-30 10:39:17,PFE,35.13,88,BID
2020-10-30 10:39:28,PFE,35.14,35,ASK
2020-10-30 10:39:29,PFE,35.14,46,BID
2020-10-30 10:37:57,PFE,35.15,92,ASK
2020-10-30 10:39:30,PFE,35.14,38,BID
2020-10-30 10:37:57,PFE,35.15,85,ASK
2020-10-30 10:39:30,PFE,35.14,52,BID
2020-10-30 10:39:32,PFE,35.15,52,ASK
2020-10-30 10:39:30,PFE,35.14,53,BID
2020-10-30 10:39:32,PFE,35.15,42,ASK
2020-10-30 10:39:30,PFE,35.14,53,BID
2020-10-30 10:39:32,PFE,35.15,42,ASK
2020-10-30 10:39:30,PFE,35.14,51,BID
2020-10-30 10:39:32,PFE,35.15,52,ASK
2020-10-30 10:39:17,PFE,35.13,58,BID
2020-10-30 10:39:36,PFE,35.14,87,ASK
2020-10-30 10:39:17,PFE,35.13,68,BID
2020-10-30 10:39:36,PFE,35.14,81,ASK
2020-10-30 10:39:17,PFE,35.13,85,BID
2020-10-30 10:39:38,PFE,35.14,48,ASK
2020-10-30 10:39:17,PFE,35.13,77,BID
2020-10-30 10:39:39,PFE,35.14,53,ASK
2020-10-30 10:39:17,PFE,35.13,78,BID
2020-10-30 10:39:39,PFE,35.14,43,ASK
2020-10-30 10:39:17,PFE,35.13,80,BID
2020-10-30 10:39:39,PFE,35.14,47,ASK
2020-10-30 10:39:17,PFE,35.13,81,BID
2020-10-30 10:39:39,PFE,35.14,43,ASK
2020-10-30 10:39:17,PFE,35.13,63,BID
2020-10-30 10:39:44,PFE,35.14,66,ASK
2020-10-30 10:39:17,PFE,35.13,76,BID
2020-10-30 10:39:44,PFE,35.14,60,ASK
2020-10-30 10:39:17,PFE,35.13,76,BID
2020-10-30 10:39:44,PFE,35.14,60,ASK
2020-10-30 10:39:17,PFE,35.13,76,BID
2020-10-30 10:39:44,PFE,35.14,54,ASK
2020-10-30 10:39:17,PFE,35.13,73,BID
2020-10-30 10:39:44,PFE,35.14,60,ASK
2020-10-30 10:39:17,PFE,35.13,80,BID
2020-10-30 10:39:44,PFE,35.14,60,ASK
2020-10-30 10:38:47,PFE,35.12,68,BID
2020-10-30 10:39:49,PFE,35.13,102,ASK
2020-10-30 10:38:47,PFE,35.12,91,BID
2020-10-30 10:39:51,PFE,35.13,59,ASK
2020-10-30 10:38:47,PFE,35.12,85,BID
2020-10-30 10:39:51,PFE,35.13,59,ASK
2020-10-30 10:39:56,PFE,35.13,97,BID
2020-10-30 10:39:55,PFE,35.14,27,ASK
2020-10-30 10:39:56,PFE,35.13,95,BID
2020-10-30 10:39:55,PFE,35.14,45,ASK
2020-10-30 10:39:58,PFE,35.13,95,BID
2020-10-30 10:39:55,PFE,35.14,40,ASK
2020-10-30 10:39:59,PFE,35.13,95,BID
2020-10-30 10:39:55,PFE,35.14,51,ASK
2020-10-30 10:40:00,PFE,35.13,66,BID
2020-10-30 10:39:55,PFE,35.14,86,ASK
2020-10-30 10:38:47,PFE,35.12,85,BID
2020-10-30 10:39:55,PFE,35.14,108,ASK
2020-10-30 10:38:47,PFE,35.12,85,BID
2020-10-30 10:40:00,PFE,35.13,76,ASK
2020-10-30 10:38:47,PFE,35.12,85,BID
2020-10-30 10:40:00,PFE,35.13,77,ASK
2020-10-30 10:38:47,PFE,35.12,85,BID
2020-10-30 10:40:00,PFE,35.13,77,ASK
2020-10-30 10:38:47,PFE,35.12,42,BID
2020-10-30 10:40:00,PFE,35.13,73,ASK
2020-10-30 10:38:47,PFE,35.12,42,BID
2020-10-30 10:40:00,PFE,35.13,72,ASK
2020-10-30 10:38:47,PFE,35.12,42,BID
2020-10-30 10:40:00,PFE,35.13,72,ASK
2020-10-30 10:38:47,PFE,35.12,37,BID
2020-10-30 10:40:01,PFE,35.13,76,ASK
2020-10-30 10:38:39,PFE,35.11,52,BID
2020-10-30 10:40:01,PFE,35.12,47,ASK
2020-10-30 10:38:39,PFE,35.11,43,BID
2020-10-30 10:40:01,PFE,35.12,57,ASK
2020-10-30 10:40:03,PFE,35.11,29,BID
2020-10-30 10:40:01,PFE,35.12,102,ASK
2020-10-30 10:35:30,PFE,35.09,114,BID
2020-10-30 10:40:03,PFE,35.1,60,ASK
2020-10-30 10:40:05,PFE,35.1,80,BID
2020-10-30 10:40:03,PFE,35.11,113,ASK
2020-10-30 10:40:07,PFE,35.1,30,BID
2020-10-30 10:40:03,PFE,35.11,129,ASK
2020-10-30 10:40:07,PFE,35.1,68,BID
2020-10-30 10:40:08,PFE,35.11,47,ASK
2020-10-30 10:40:07,PFE,35.1,70,BID
2020-10-30 10:40:09,PFE,35.11,34,ASK
2020-10-30 10:40:07,PFE,35.1,88,BID
2020-10-30 10:40:09,PFE,35.11,26,ASK
2020-10-30 10:40:07,PFE,35.1,60,BID
2020-10-30 10:40:10,PFE,35.11,30,ASK
2020-10-30 10:40:07,PFE,35.1,58,BID
2020-10-30 10:40:10,PFE,35.11,38,ASK
2020-10-30 10:40:07,PFE,35.1,58,BID
2020-10-30 10:40:12,PFE,35.11,29,ASK
2020-10-30 10:40:07,PFE,35.1,42,BID
2020-10-30 10:40:12,PFE,35.11,81,ASK
2020-10-30 10:40:13,PFE,35.09,57,BID
2020-10-30 10:40:13,PFE,35.1,119,ASK
2020-10-30 10:40:14,PFE,35.08,26,BID
2020-10-30 10:40:14,PFE,35.09,78,ASK
2020-10-30 10:40:14,PFE,35.09,19,BID
2020-10-30 10:40:14,PFE,35.1,117,ASK
2020-10-30 10:40:17,PFE,35.09,45,BID
2020-10-30 10:40:17,PFE,35.1,48,ASK
2020-10-30 10:40:17,PFE,35.09,45,BID
2020-10-30 10:40:17,PFE,35.1,46,ASK
2020-10-30 10:40:17,PFE,35.09,45,BID
2020-10-30 10:40:17,PFE,35.1,37,ASK
2020-10-30 10:40:18,PFE,35.09,47,BID
2020-10-30 10:40:17,PFE,35.1,41,ASK
2020-10-30 10:40:18,PFE,35.09,47,BID
2020-10-30 10:40:17,PFE,35.1,47,ASK
2020-10-30 10:40:18,PFE,35.09,47,BID
2020-10-30 10:40:17,PFE,35.1,49,ASK
2020-10-30 10:40:18,PFE,35.09,47,BID
2020-10-30 10:40:17,PFE,35.1,41,ASK
2020-10-30 10:40:18,PFE,35.09,47,BID
2020-10-30 10:40:17,PFE,35.1,43,ASK
2020-10-30 10:40:18,PFE,35.09,47,BID
2020-10-30 10:40:17,PFE,35.1,49,ASK
2020-10-30 10:40:14,PFE,35.09,37,BID
2020-10-30 10:40:17,PFE,35.1,56,ASK
2020-10-30 10:40:26,PFE,35.1,63,BID
2020-10-30 10:40:27,PFE,35.11,43,ASK
2020-10-30 10:40:29,PFE,35.1,34,BID
2020-10-30 10:40:27,PFE,35.11,59,ASK
2020-10-30 10:40:14,PFE,35.09,56,BID
2020-10-30 10:40:31,PFE,35.1,74,ASK
2020-10-30 10:40:14,PFE,35.08,42,BID
2020-10-30 10:40:32,PFE,35.09,53,ASK
2020-10-30 10:40:32,PFE,35.08,37,BID
2020-10-30 10:40:32,PFE,35.09,57,ASK
2020-10-30 10:40:32,PFE,35.08,38,BID
2020-10-30 10:40:33,PFE,35.09,23,ASK
2020-10-30 10:40:32,PFE,35.08,35,BID
2020-10-30 10:40:33,PFE,35.09,32,ASK
2020-10-30 10:40:32,PFE,35.08,35,BID
2020-10-30 10:40:33,PFE,35.09,27,ASK
2020-10-30 10:40:32,PFE,35.08,59,BID
2020-10-30 10:40:36,PFE,35.09,18,ASK
2020-10-30 10:40:32,PFE,35.08,75,BID
2020-10-30 10:40:36,PFE,35.09,18,ASK
2020-10-30 10:40:38,PFE,35.09,75,BID
2020-10-30 10:40:38,PFE,35.1,94,ASK
2020-10-30 10:40:40,PFE,35.09,61,BID
2020-10-30 10:40:40,PFE,35.1,90,ASK
2020-10-30 10:40:41,PFE,35.09,75,BID
2020-10-30 10:40:41,PFE,35.1,55,ASK
2020-10-30 10:40:42,PFE,35.09,66,BID
2020-10-30 10:40:42,PFE,35.1,80,ASK
2020-10-30 10:40:43,PFE,35.09,56,BID
2020-10-30 10:40:43,PFE,35.1,82,ASK
2020-10-30 10:40:45,PFE,35.09,83,BID
2020-10-30 10:40:45,PFE,35.1,53,ASK
2020-10-30 10:40:45,PFE,35.09,83,BID
2020-10-30 10:40:45,PFE,35.1,53,ASK
2020-10-30 10:40:47,PFE,35.09,69,BID
2020-10-30 10:40:45,PFE,35.1,36,ASK
2020-10-30 10:40:48,PFE,35.09,56,BID
2020-10-30 10:40:45,PFE,35.1,50,ASK
2020-10-30 10:40:50,PFE,35.09,40,BID
2020-10-30 10:40:45,PFE,35.1,101,ASK
2020-10-30 10:40:32,PFE,35.08,26,BID
2020-10-30 10:40:51,PFE,35.09,68,ASK
2020-10-30 10:40:51,PFE,35.07,50,BID
2020-10-30 10:40:52,PFE,35.08,23,ASK
2020-10-30 10:40:51,PFE,35.07,52,BID
2020-10-30 10:40:52,PFE,35.08,17,ASK
2020-10-30 10:40:51,PFE,35.07,58,BID
2020-10-30 10:40:53,PFE,35.08,11,ASK
2020-10-30 10:40:55,PFE,35.08,64,BID
2020-10-30 10:40:55,PFE,35.09,74,ASK
2020-10-30 10:40:55,PFE,35.08,71,BID
2020-10-30 10:40:55,PFE,35.09,60,ASK
2020-10-30 10:40:56,PFE,35.08,69,BID
2020-10-30 10:40:56,PFE,35.09,54,ASK
2020-10-30 10:40:57,PFE,35.08,60,BID
2020-10-30 10:40:57,PFE,35.09,64,ASK
2020-10-30 10:40:58,PFE,35.08,49,BID
2020-10-30 10:40:58,PFE,35.09,78,ASK
2020-10-30 10:40:59,PFE,35.08,1,BID
2020-10-30 10:40:59,PFE,35.08,4,ASK
2020-10-30 10:40:51,PFE,35.07,59,BID
2020-10-30 10:41:00,PFE,35.08,32,ASK
2020-10-30 10:40:51,PFE,35.07,57,BID
2020-10-30 10:41:01,PFE,35.08,39,ASK
2020-10-30 10:40:51,PFE,35.07,56,BID
2020-10-30 10:41:01,PFE,35.08,38,ASK
2020-10-30 10:40:51,PFE,35.07,55,BID
2020-10-30 10:41:03,PFE,35.08,36,ASK
2020-10-30 10:40:51,PFE,35.07,59,BID
2020-10-30 10:41:03,PFE,35.08,30,ASK
2020-10-30 10:40:51,PFE,35.07,58,BID
2020-10-30 10:41:03,PFE,35.08,30,ASK
2020-10-30 10:40:51,PFE,35.07,50,BID
2020-10-30 10:41:06,PFE,35.08,46,ASK
2020-10-30 10:40:51,PFE,35.07,55,BID
2020-10-30 10:41:07,PFE,35.08,34,ASK
2020-10-30 10:40:51,PFE,35.07,55,BID
2020-10-30 10:41:07,PFE,35.08,29,ASK
2020-10-30 10:41:09,PFE,35.07,70,BID
2020-10-30 10:41:09,PFE,35.08,36,ASK
2020-10-30 10:41:09,PFE,35.07,70,BID
2020-10-30 10:41:09,PFE,35.08,35,ASK
2020-10-30 10:41:09,PFE,35.07,70,BID
2020-10-30 10:41:11,PFE,35.08,31,ASK
2020-10-30 10:41:09,PFE,35.07,70,BID
2020-10-30 10:41:11,PFE,35.08,34,ASK
2020-10-30 10:41:09,PFE,35.07,70,BID
2020-10-30 10:41:14,PFE,35.08,49,ASK
2020-10-30 10:41:16,PFE,35.07,25,BID
2020-10-30 10:41:14,PFE,35.08,84,ASK
2020-10-30 10:41:16,PFE,35.07,40,BID
2020-10-30 10:41:14,PFE,35.08,76,ASK
2020-10-30 10:41:16,PFE,35.07,26,BID
2020-10-30 10:41:14,PFE,35.08,82,ASK
2020-10-30 10:41:18,PFE,35.06,145,BID
2020-10-30 10:41:18,PFE,35.07,52,ASK
2020-10-30 10:41:19,PFE,35.07,74,BID
2020-10-30 10:41:14,PFE,35.08,84,ASK
2020-10-30 10:41:20,PFE,35.07,61,BID
2020-10-30 10:41:14,PFE,35.08,82,ASK
2020-10-30 10:41:21,PFE,35.07,71,BID
2020-10-30 10:41:14,PFE,35.08,81,ASK
2020-10-30 10:41:22,PFE,35.07,36,BID
2020-10-30 10:41:14,PFE,35.08,96,ASK
2020-10-30 10:41:22,PFE,35.07,35,BID
2020-10-30 10:41:22,PFE,35.07,47,ASK
2020-10-30 10:41:22,PFE,35.06,9,BID
2020-10-30 10:41:22,PFE,35.07,104,ASK
2020-10-30 10:41:22,PFE,35.06,19,BID
2020-10-30 10:41:22,PFE,35.07,79,ASK
2020-10-30 10:41:22,PFE,35.06,31,BID
2020-10-30 10:41:22,PFE,35.07,85,ASK
2020-10-30 10:41:24,PFE,35.05,69,BID
2020-10-30 10:41:24,PFE,35.06,69,ASK
2020-10-30 10:41:24,PFE,35.05,70,BID
2020-10-30 10:41:25,PFE,35.06,36,ASK
2020-10-30 10:41:24,PFE,35.05,70,BID
2020-10-30 10:41:25,PFE,35.06,34,ASK
2020-10-30 10:41:26,PFE,35.06,93,BID
2020-10-30 10:41:22,PFE,35.07,89,ASK
2020-10-30 10:41:27,PFE,35.06,69,BID
2020-10-30 10:41:22,PFE,35.07,80,ASK
2020-10-30 10:41:28,PFE,35.06,63,BID
2020-10-30 10:41:22,PFE,35.07,81,ASK
2020-10-30 10:41:28,PFE,35.06,71,BID
2020-10-30 10:41:22,PFE,35.07,71,ASK
2020-10-30 10:41:30,PFE,35.06,72,BID
2020-10-30 10:41:30,PFE,35.07,57,ASK
2020-10-30 10:41:31,PFE,35.06,78,BID
2020-10-30 10:41:31,PFE,35.07,53,ASK
2020-10-30 10:41:32,PFE,35.07,112,BID
2020-10-30 10:41:14,PFE,35.08,102,ASK
2020-10-30 10:41:34,PFE,35.07,86,BID
2020-10-30 10:41:14,PFE,35.08,111,ASK
2020-10-30 10:41:35,PFE,35.06,88,BID
2020-10-30 10:41:35,PFE,35.07,103,ASK
2020-10-30 10:41:36,PFE,35.06,79,BID
2020-10-30 10:41:36,PFE,35.07,115,ASK
2020-10-30 10:41:37,PFE,35.06,46,BID
2020-10-30 10:41:37,PFE,35.07,111,ASK
2020-10-30 10:41:38,PFE,35.06,48,BID
2020-10-30 10:41:38,PFE,35.07,97,ASK
2020-10-30 10:41:39,PFE,35.06,49,BID
2020-10-30 10:41:40,PFE,35.07,98,ASK
2020-10-30 10:41:41,PFE,35.06,40,BID
2020-10-30 10:41:40,PFE,35.07,120,ASK
2020-10-30 10:41:41,PFE,35.05,58,BID
2020-10-30 10:41:41,PFE,35.06,44,ASK
2020-10-30 10:41:41,PFE,35.05,64,BID
2020-10-30 10:41:42,PFE,35.06,59,ASK
2020-10-30 10:41:43,PFE,35.06,25,BID
2020-10-30 10:41:43,PFE,35.07,121,ASK
2020-10-30 10:41:43,PFE,35.06,36,BID
2020-10-30 10:41:44,PFE,35.07,120,ASK
2020-10-30 10:41:45,PFE,35.06,41,BID
2020-10-30 10:41:45,PFE,35.07,93,ASK
2020-10-30 10:41:45,PFE,35.06,39,BID
2020-10-30 10:41:45,PFE,35.07,90,ASK
2020-10-30 10:41:45,PFE,35.06,38,BID
2020-10-30 10:41:45,PFE,35.07,91,ASK
2020-10-30 10:41:45,PFE,35.06,48,BID
2020-10-30 10:41:47,PFE,35.07,93,ASK
2020-10-30 10:41:45,PFE,35.06,43,BID
2020-10-30 10:41:47,PFE,35.07,90,ASK
2020-10-30 10:41:45,PFE,35.06,43,BID
2020-10-30 10:41:49,PFE,35.07,87,ASK
2020-10-30 10:41:50,PFE,35.07,74,BID
2020-10-30 10:41:14,PFE,35.08,127,ASK
2020-10-30 10:41:50,PFE,35.07,122,BID
2020-10-30 10:41:50,PFE,35.08,69,ASK
2020-10-30 10:41:50,PFE,35.08,66,BID
2020-10-30 10:41:50,PFE,35.08,13,ASK
2020-10-30 10:41:50,PFE,35.07,62,BID
2020-10-30 10:41:50,PFE,35.08,148,ASK
2020-10-30 10:41:51,PFE,35.07,64,BID
2020-10-30 10:41:51,PFE,35.08,129,ASK
2020-10-30 10:41:52,PFE,35.07,71,BID
2020-10-30 10:41:52,PFE,35.08,118,ASK
2020-10-30 10:41:52,PFE,35.07,72,BID
2020-10-30 10:41:54,PFE,35.08,117,ASK
2020-10-30 10:41:52,PFE,35.07,95,BID
2020-10-30 10:41:54,PFE,35.08,104,ASK
2020-10-30 10:41:52,PFE,35.07,105,BID
2020-10-30 10:41:56,PFE,35.08,104,ASK
2020-10-30 10:41:52,PFE,35.07,105,BID
2020-10-30 10:41:56,PFE,35.08,96,ASK
2020-10-30 10:41:58,PFE,35.08,101,BID
2020-10-30 10:41:50,PFE,35.09,113,ASK
2020-10-30 10:41:58,PFE,35.08,97,BID
2020-10-30 10:41:50,PFE,35.09,115,ASK
2020-10-30 10:41:58,PFE,35.08,87,BID
2020-10-30 10:41:50,PFE,35.09,140,ASK
2020-10-30 10:41:52,PFE,35.07,77,BID
2020-10-30 10:42:00,PFE,35.08,94,ASK
2020-10-30 10:42:00,PFE,35.07,5,BID
2020-10-30 10:42:00,PFE,35.07,26,ASK
2020-10-30 10:42:00,PFE,35.07,50,BID
2020-10-30 10:42:01,PFE,35.08,48,ASK
2020-10-30 10:42:00,PFE,35.07,34,BID
2020-10-30 10:42:02,PFE,35.08,81,ASK
2020-10-30 10:42:02,PFE,35.07,18,BID
2020-10-30 10:42:02,PFE,35.07,16,ASK
2020-10-30 10:41:41,PFE,35.05,93,BID
2020-10-30 10:42:03,PFE,35.06,75,ASK
2020-10-30 10:41:41,PFE,35.05,82,BID
2020-10-30 10:42:04,PFE,35.06,65,ASK
2020-10-30 10:41:41,PFE,35.05,83,BID
2020-10-30 10:42:04,PFE,35.06,62,ASK
2020-10-30 10:41:41,PFE,35.05,83,BID
2020-10-30 10:42:04,PFE,35.06,62,ASK
2020-10-30 10:41:41,PFE,35.05,77,BID
2020-10-30 10:42:05,PFE,35.06,66,ASK
2020-10-30 10:41:41,PFE,35.05,75,BID
2020-10-30 10:42:06,PFE,35.06,56,ASK
2020-10-30 10:41:41,PFE,35.05,74,BID
2020-10-30 10:42:07,PFE,35.06,56,ASK
2020-10-30 10:41:41,PFE,35.05,76,BID
2020-10-30 10:42:08,PFE,35.06,55,ASK
2020-10-30 10:41:41,PFE,35.05,74,BID
2020-10-30 10:42:09,PFE,35.06,59,ASK
2020-10-30 10:41:41,PFE,35.05,78,BID
2020-10-30 10:42:10,PFE,35.06,48,ASK
2020-10-30 10:42:11,PFE,35.06,94,BID
2020-10-30 10:42:11,PFE,35.07,69,ASK
2020-10-30 10:42:12,PFE,35.07,36,BID
2020-10-30 10:42:12,PFE,35.08,78,ASK
2020-10-30 10:42:13,PFE,35.07,52,BID
2020-10-30 10:42:13,PFE,35.08,72,ASK
2020-10-30 10:42:12,PFE,35.07,59,BID
2020-10-30 10:42:14,PFE,35.08,70,ASK
2020-10-30 10:42:12,PFE,35.07,58,BID
2020-10-30 10:42:14,PFE,35.08,62,ASK
2020-10-30 10:42:12,PFE,35.07,64,BID
2020-10-30 10:42:16,PFE,35.08,57,ASK
2020-10-30 10:42:12,PFE,35.07,66,BID
2020-10-30 10:42:16,PFE,35.08,59,ASK
2020-10-30 10:42:12,PFE,35.07,55,BID
2020-10-30 10:42:16,PFE,35.08,58,ASK
2020-10-30 10:42:12,PFE,35.07,55,BID
2020-10-30 10:42:16,PFE,35.08,82,ASK
2020-10-30 10:42:12,PFE,35.07,55,BID
2020-10-30 10:42:16,PFE,35.08,70,ASK
2020-10-30 10:42:12,PFE,35.07,55,BID
2020-10-30 10:42:16,PFE,35.08,65,ASK
2020-10-30 10:42:12,PFE,35.07,57,BID
2020-10-30 10:42:16,PFE,35.08,70,ASK
2020-10-30 10:42:12,PFE,35.07,56,BID
2020-10-30 10:42:16,PFE,35.08,72,ASK
2020-10-30 10:42:12,PFE,35.07,64,BID
2020-10-30 10:42:16,PFE,35.08,61,ASK
2020-10-30 10:42:12,PFE,35.07,66,BID
2020-10-30 10:42:16,PFE,35.08,45,ASK
2020-10-30 10:42:12,PFE,35.07,62,BID
2020-10-30 10:42:27,PFE,35.08,51,ASK
2020-10-30 10:42:12,PFE,35.07,62,BID
2020-10-30 10:42:27,PFE,35.08,48,ASK
2020-10-30 10:42:12,PFE,35.07,65,BID
2020-10-30 10:42:27,PFE,35.08,48,ASK
2020-10-30 10:42:12,PFE,35.07,64,BID
2020-10-30 10:42:27,PFE,35.08,46,ASK
2020-10-30 10:42:12,PFE,35.07,64,BID
2020-10-30 10:42:31,PFE,35.08,42,ASK
2020-10-30 10:42:12,PFE,35.07,63,BID
2020-10-30 10:42:31,PFE,35.08,56,ASK
2020-10-30 10:42:12,PFE,35.07,62,BID
2020-10-30 10:42:31,PFE,35.08,51,ASK
2020-10-30 10:42:12,PFE,35.07,59,BID
2020-10-30 10:42:31,PFE,35.08,56,ASK
2020-10-30 10:42:12,PFE,35.07,65,BID
2020-10-30 10:42:31,PFE,35.08,59,ASK
2020-10-30 10:42:12,PFE,35.07,54,BID
2020-10-30 10:42:31,PFE,35.08,97,ASK
2020-10-30 10:42:38,PFE,35.06,56,BID
2020-10-30 10:42:38,PFE,35.07,109,ASK
2020-10-30 10:42:38,PFE,35.06,65,BID
2020-10-30 10:42:39,PFE,35.07,96,ASK
2020-10-30 10:42:40,PFE,35.06,50,BID
2020-10-30 10:42:40,PFE,35.07,132,ASK
2020-10-30 10:42:40,PFE,35.06,69,BID
2020-10-30 10:42:42,PFE,35.07,113,ASK
2020-10-30 10:42:40,PFE,35.06,69,BID
2020-10-30 10:42:43,PFE,35.07,112,ASK
2020-10-30 10:42:40,PFE,35.06,70,BID
2020-10-30 10:42:44,PFE,35.07,107,ASK
2020-10-30 10:42:45,PFE,35.07,33,BID
2020-10-30 10:42:38,PFE,35.08,145,ASK
2020-10-30 10:42:45,PFE,35.07,57,BID
2020-10-30 10:42:38,PFE,35.08,132,ASK
2020-10-30 10:42:45,PFE,35.07,60,BID
2020-10-30 10:42:38,PFE,35.08,125,ASK
2020-10-30 10:42:45,PFE,35.07,60,BID
2020-10-30 10:42:48,PFE,35.08,69,ASK
2020-10-30 10:42:40,PFE,35.06,70,BID
2020-10-30 10:42:51,PFE,35.07,101,ASK
2020-10-30 10:42:40,PFE,35.06,76,BID
2020-10-30 10:42:52,PFE,35.07,80,ASK
2020-10-30 10:42:40,PFE,35.06,86,BID
2020-10-30 10:42:52,PFE,35.07,29,ASK
2020-10-30 10:42:53,PFE,35.07,63,BID
2020-10-30 10:42:48,PFE,35.08,78,ASK
2020-10-30 10:42:54,PFE,35.07,85,BID
2020-10-30 10:42:48,PFE,35.08,43,ASK
2020-10-30 10:42:55,PFE,35.07,61,BID
2020-10-30 10:42:48,PFE,35.08,67,ASK
2020-10-30 10:42:55,PFE,35.07,67,BID
2020-10-30 10:42:48,PFE,35.08,68,ASK
2020-10-30 10:42:56,PFE,35.07,62,BID
2020-10-30 10:42:48,PFE,35.08,68,ASK
2020-10-30 10:42:57,PFE,35.07,62,BID
2020-10-30 10:42:48,PFE,35.08,67,ASK
2020-10-30 10:42:58,PFE,35.07,67,BID
2020-10-30 10:42:48,PFE,35.08,65,ASK
2020-10-30 10:42:59,PFE,35.07,76,BID
2020-10-30 10:42:48,PFE,35.08,66,ASK
2020-10-30 10:43:00,PFE,35.07,75,BID
2020-10-30 10:42:48,PFE,35.08,65,ASK
2020-10-30 10:43:00,PFE,35.07,109,BID
2020-10-30 10:42:48,PFE,35.08,32,ASK
2020-10-30 10:43:00,PFE,35.07,105,BID
2020-10-30 10:43:00,PFE,35.08,33,ASK
2020-10-30 10:43:01,PFE,35.07,103,BID
2020-10-30 10:43:01,PFE,35.08,34,ASK
2020-10-30 10:43:01,PFE,35.07,103,BID
2020-10-30 10:43:01,PFE,35.08,33,ASK
2020-10-30 10:43:02,PFE,35.08,100,BID
2020-10-30 10:41:50,PFE,35.09,136,ASK
2020-10-30 10:43:02,PFE,35.08,96,BID
2020-10-30 10:41:50,PFE,35.09,78,ASK
2020-10-30 10:43:02,PFE,35.08,96,BID
2020-10-30 10:41:50,PFE,35.09,79,ASK
2020-10-30 10:43:03,PFE,35.08,115,BID
2020-10-30 10:41:50,PFE,35.09,64,ASK
2020-10-30 10:43:03,PFE,35.09,52,BID
2020-10-30 10:40:45,PFE,35.1,100,ASK
2020-10-30 10:43:03,PFE,35.09,77,BID
2020-10-30 10:40:45,PFE,35.1,62,ASK
2020-10-30 10:43:04,PFE,35.09,66,BID
2020-10-30 10:40:45,PFE,35.1,70,ASK
2020-10-30 10:43:04,PFE,35.09,50,BID
2020-10-30 10:40:45,PFE,35.1,75,ASK
2020-10-30 10:43:05,PFE,35.08,107,BID
2020-10-30 10:43:05,PFE,35.09,123,ASK
2020-10-30 10:43:05,PFE,35.08,53,BID
2020-10-30 10:43:05,PFE,35.09,114,ASK
2020-10-30 10:43:06,PFE,35.08,56,BID
2020-10-30 10:43:06,PFE,35.09,108,ASK
2020-10-30 10:43:01,PFE,35.07,108,BID
2020-10-30 10:43:06,PFE,35.09,175,ASK
2020-10-30 10:42:53,PFE,35.07,89,BID
2020-10-30 10:43:06,PFE,35.08,42,ASK
2020-10-30 10:42:53,PFE,35.07,84,BID
2020-10-30 10:43:06,PFE,35.08,43,ASK
2020-10-30 10:42:53,PFE,35.07,76,BID
2020-10-30 10:43:06,PFE,35.08,43,ASK
2020-10-30 10:42:53,PFE,35.07,66,BID
2020-10-30 10:43:06,PFE,35.08,44,ASK
2020-10-30 10:42:53,PFE,35.07,66,BID
2020-10-30 10:43:06,PFE,35.08,44,ASK
2020-10-30 10:42:53,PFE,35.07,68,BID
2020-10-30 10:43:06,PFE,35.08,44,ASK
2020-10-30 10:42:53,PFE,35.07,69,BID
2020-10-30 10:43:06,PFE,35.08,44,ASK
2020-10-30 10:42:53,PFE,35.07,75,BID
2020-10-30 10:43:06,PFE,35.08,44,ASK
2020-10-30 10:42:53,PFE,35.07,74,BID
2020-10-30 10:43:06,PFE,35.08,44,ASK
2020-10-30 10:42:53,PFE,35.07,89,BID
2020-10-30 10:43:06,PFE,35.08,25,ASK
2020-10-30 10:43:15,PFE,35.08,67,BID
2020-10-30 10:43:04,PFE,35.09,130,ASK
2020-10-30 10:43:15,PFE,35.08,66,BID
2020-10-30 10:43:04,PFE,35.09,130,ASK
2020-10-30 10:43:16,PFE,35.08,73,BID
2020-10-30 10:43:04,PFE,35.09,92,ASK
2020-10-30 10:43:17,PFE,35.08,57,BID
2020-10-30 10:43:04,PFE,35.09,96,ASK
2020-10-30 10:42:53,PFE,35.07,111,BID
2020-10-30 10:43:18,PFE,35.08,12,ASK
2020-10-30 10:42:53,PFE,35.07,65,BID
2020-10-30 10:43:18,PFE,35.08,112,ASK
2020-10-30 10:42:53,PFE,35.07,88,BID
2020-10-30 10:43:19,PFE,35.08,92,ASK
2020-10-30 10:42:53,PFE,35.07,81,BID
2020-10-30 10:43:19,PFE,35.08,91,ASK
2020-10-30 10:42:53,PFE,35.07,75,BID
2020-10-30 10:43:20,PFE,35.08,108,ASK
2020-10-30 10:42:53,PFE,35.07,56,BID
2020-10-30 10:43:21,PFE,35.08,121,ASK
2020-10-30 10:42:38,PFE,35.06,96,BID
2020-10-30 10:43:22,PFE,35.07,128,ASK
2020-10-30 10:43:22,PFE,35.06,33,BID
2020-10-30 10:43:22,PFE,35.07,132,ASK
2020-10-30 10:43:22,PFE,35.06,52,BID
2020-10-30 10:43:23,PFE,35.07,119,ASK
2020-10-30 10:43:23,PFE,35.06,49,BID
2020-10-30 10:43:23,PFE,35.07,162,ASK
2020-10-30 10:43:23,PFE,35.05,26,BID
2020-10-30 10:43:23,PFE,35.06,151,ASK
2020-10-30 10:43:23,PFE,35.04,61,BID
2020-10-30 10:43:24,PFE,35.05,43,ASK
2020-10-30 10:43:23,PFE,35.04,61,BID
2020-10-30 10:43:24,PFE,35.05,46,ASK
2020-10-30 10:43:24,PFE,35.04,70,BID
2020-10-30 10:43:24,PFE,35.05,42,ASK
2020-10-30 10:43:25,PFE,35.04,62,BID
2020-10-30 10:43:25,PFE,35.05,29,ASK
2020-10-30 10:43:26,PFE,35.05,11,BID
2020-10-30 10:43:25,PFE,35.05,27,ASK
2020-10-30 10:43:27,PFE,35.05,103,BID
2020-10-30 10:43:27,PFE,35.06,124,ASK
2020-10-30 10:43:28,PFE,35.05,21,BID
2020-10-30 10:43:28,PFE,35.06,137,ASK
2020-10-30 10:43:28,PFE,35.05,34,BID
2020-10-30 10:43:30,PFE,35.06,131,ASK
2020-10-30 10:43:28,PFE,35.05,39,BID
2020-10-30 10:43:31,PFE,35.06,92,ASK
2020-10-30 10:43:28,PFE,35.05,38,BID
2020-10-30 10:43:32,PFE,35.06,100,ASK
2020-10-30 10:43:28,PFE,35.05,88,BID
2020-10-30 10:43:32,PFE,35.06,85,ASK
2020-10-30 10:43:28,PFE,35.05,84,BID
2020-10-30 10:43:33,PFE,35.06,31,ASK
2020-10-30 10:43:28,PFE,35.05,77,BID
2020-10-30 10:43:34,PFE,35.06,44,ASK
2020-10-30 10:43:28,PFE,35.05,78,BID
2020-10-30 10:43:34,PFE,35.06,43,ASK
2020-10-30 10:43:28,PFE,35.05,69,BID
2020-10-30 10:43:34,PFE,35.06,55,ASK
2020-10-30 10:43:28,PFE,35.05,53,BID
2020-10-30 10:43:34,PFE,35.06,66,ASK
2020-10-30 10:43:28,PFE,35.05,43,BID
2020-10-30 10:43:34,PFE,35.06,68,ASK
2020-10-30 10:43:40,PFE,35.04,20,BID
2020-10-30 10:43:40,PFE,35.05,98,ASK
2020-10-30 10:43:40,PFE,35.04,85,BID
2020-10-30 10:43:40,PFE,35.05,91,ASK
2020-10-30 10:43:40,PFE,35.04,87,BID
2020-10-30 10:43:41,PFE,35.05,77,ASK
2020-10-30 10:43:40,PFE,35.04,93,BID
2020-10-30 10:43:43,PFE,35.05,37,ASK
2020-10-30 10:43:40,PFE,35.04,93,BID
2020-10-30 10:43:45,PFE,35.05,49,ASK
2020-10-30 10:43:40,PFE,35.04,83,BID
2020-10-30 10:43:45,PFE,35.05,88,ASK
2020-10-30 10:43:46,PFE,35.04,75,BID
2020-10-30 10:43:46,PFE,35.05,125,ASK
2020-10-30 10:43:46,PFE,35.03,25,BID
2020-10-30 10:43:46,PFE,35.04,55,ASK
2020-10-30 10:43:47,PFE,35.02,35,BID
2020-10-30 10:43:47,PFE,35.03,82,ASK
2020-10-30 10:43:47,PFE,35.02,10,BID
2020-10-30 10:43:47,PFE,35.03,110,ASK
2020-10-30 10:43:47,PFE,35.01,21,BID
2020-10-30 10:43:47,PFE,35.02,94,ASK
2020-10-30 10:43:48,PFE,35.01,21,BID
2020-10-30 10:43:48,PFE,35.02,68,ASK
2020-10-30 10:43:48,PFE,35.01,24,BID
2020-10-30 10:43:48,PFE,35.02,68,ASK
2020-10-30 10:43:49,PFE,35.01,36,BID
2020-10-30 10:43:49,PFE,35.02,72,ASK
2020-10-30 10:43:49,PFE,35.01,35,BID
2020-10-30 10:43:49,PFE,35.02,70,ASK
2020-10-30 10:43:49,PFE,35.0,408,BID
2020-10-30 10:43:49,PFE,35.01,144,ASK
2020-10-30 10:43:50,PFE,35.0,395,BID
2020-10-30 10:43:49,PFE,35.01,155,ASK
2020-10-30 10:43:50,PFE,34.99,14,BID
2020-10-30 10:43:50,PFE,35.0,169,ASK
2020-10-30 10:43:50,PFE,34.99,29,BID
2020-10-30 10:43:50,PFE,35.0,155,ASK
2020-10-30 10:43:50,PFE,34.98,51,BID
2020-10-30 10:43:50,PFE,34.99,8,ASK
2020-10-30 10:43:51,PFE,34.98,39,BID
2020-10-30 10:43:51,PFE,34.99,33,ASK
2020-10-30 10:43:51,PFE,34.96,16,BID
2020-10-30 10:43:51,PFE,34.97,24,ASK
2020-10-30 10:43:51,PFE,34.96,20,BID
2020-10-30 10:43:51,PFE,34.97,36,ASK
2020-10-30 10:43:52,PFE,34.96,25,BID
2020-10-30 10:43:52,PFE,34.97,36,ASK
2020-10-30 10:43:52,PFE,34.96,37,BID
2020-10-30 10:43:52,PFE,34.97,31,ASK
2020-10-30 10:43:52,PFE,34.96,39,BID
2020-10-30 10:43:52,PFE,34.97,30,ASK
2020-10-30 10:43:53,PFE,34.96,38,BID
2020-10-30 10:43:52,PFE,34.97,24,ASK
2020-10-30 10:43:53,PFE,34.96,34,BID
2020-10-30 10:43:52,PFE,34.97,46,ASK
2020-10-30 10:43:53,PFE,34.97,66,BID
2020-10-30 10:43:54,PFE,34.98,68,ASK
2020-10-30 10:43:54,PFE,34.98,77,BID
2020-10-30 10:43:54,PFE,34.99,94,ASK
2020-10-30 10:43:54,PFE,34.99,71,BID
2020-10-30 10:43:54,PFE,35.0,76,ASK
2020-10-30 10:43:55,PFE,35.0,80,BID
2020-10-30 10:43:50,PFE,35.01,315,ASK
2020-10-30 10:43:55,PFE,35.0,64,BID
2020-10-30 10:43:50,PFE,35.01,265,ASK
2020-10-30 10:43:55,PFE,34.99,50,BID
2020-10-30 10:43:55,PFE,35.0,61,ASK
2020-10-30 10:43:55,PFE,34.99,26,BID
2020-10-30 10:43:55,PFE,35.0,135,ASK
2020-10-30 10:43:56,PFE,34.99,33,BID
2020-10-30 10:43:55,PFE,35.0,120,ASK
2020-10-30 10:43:56,PFE,34.99,21,BID
2020-10-30 10:43:55,PFE,35.0,129,ASK
2020-10-30 10:43:56,PFE,34.98,106,BID
2020-10-30 10:43:56,PFE,34.99,63,ASK
2020-10-30 10:43:57,PFE,34.98,55,BID
2020-10-30 10:43:57,PFE,34.99,93,ASK
2020-10-30 10:43:57,PFE,34.98,25,BID
2020-10-30 10:43:57,PFE,34.99,82,ASK
2020-10-30 10:43:53,PFE,34.97,70,BID
2020-10-30 10:43:58,PFE,34.98,96,ASK
2020-10-30 10:43:53,PFE,34.97,78,BID
2020-10-30 10:43:59,PFE,34.98,86,ASK
2020-10-30 10:43:59,PFE,34.98,56,BID
2020-10-30 10:43:59,PFE,34.99,43,ASK
2020-10-30 10:44:00,PFE,34.98,67,BID
2020-10-30 10:43:59,PFE,34.99,33,ASK
2020-10-30 10:44:00,PFE,34.99,22,BID
2020-10-30 10:43:55,PFE,35.0,144,ASK
2020-10-30 10:44:00,PFE,34.99,35,BID
2020-10-30 10:44:01,PFE,35.0,94,ASK
2020-10-30 10:44:02,PFE,34.99,41,BID
2020-10-30 10:44:02,PFE,35.0,90,ASK
2020-10-30 10:44:02,PFE,34.99,42,BID
2020-10-30 10:44:02,PFE,35.0,79,ASK
2020-10-30 10:44:03,PFE,34.99,40,BID
2020-10-30 10:44:03,PFE,35.0,40,ASK
2020-10-30 10:44:04,PFE,35.0,45,BID
2020-10-30 10:43:50,PFE,35.01,203,ASK
2020-10-30 10:44:04,PFE,35.0,37,BID
2020-10-30 10:43:50,PFE,35.01,224,ASK
2020-10-30 10:44:04,PFE,35.0,27,BID
2020-10-30 10:43:50,PFE,35.01,256,ASK
2020-10-30 10:44:05,PFE,34.99,59,BID
2020-10-30 10:44:04,PFE,35.0,24,ASK
2020-10-30 10:44:05,PFE,34.99,34,BID
2020-10-30 10:44:05,PFE,35.0,41,ASK
2020-10-30 10:44:06,PFE,34.99,19,BID
2020-10-30 10:44:05,PFE,35.0,100,ASK
2020-10-30 10:44:06,PFE,34.98,64,BID
2020-10-30 10:44:06,PFE,34.99,24,ASK
2020-10-30 10:44:06,PFE,34.98,64,BID
2020-10-30 10:44:06,PFE,34.99,15,ASK
2020-10-30 10:44:08,PFE,34.99,37,BID
2020-10-30 10:44:05,PFE,35.0,57,ASK
2020-10-30 10:44:08,PFE,34.99,23,BID
2020-10-30 10:44:05,PFE,35.0,60,ASK
2020-10-30 10:44:09,PFE,34.99,52,BID
2020-10-30 10:44:05,PFE,35.0,58,ASK
2020-10-30 10:44:09,PFE,34.98,67,BID
2020-10-30 10:44:09,PFE,34.99,96,ASK
2020-10-30 10:44:10,PFE,34.98,65,BID
2020-10-30 10:44:10,PFE,34.99,94,ASK
2020-10-30 10:44:11,PFE,34.99,28,BID
2020-10-30 10:44:05,PFE,35.0,65,ASK
2020-10-30 10:44:12,PFE,34.98,36,BID
2020-10-30 10:44:12,PFE,34.99,47,ASK
2020-10-30 10:44:12,PFE,34.98,15,BID
2020-10-30 10:44:12,PFE,34.98,48,ASK
2020-10-30 10:44:13,PFE,34.99,18,BID
2020-10-30 10:44:05,PFE,35.0,56,ASK
2020-10-30 10:44:14,PFE,34.98,79,BID
2020-10-30 10:44:13,PFE,34.99,23,ASK
2020-10-30 10:44:15,PFE,34.98,71,BID
2020-10-30 10:44:15,PFE,34.99,26,ASK
2020-10-30 10:44:17,PFE,34.98,78,BID
2020-10-30 10:44:15,PFE,34.99,39,ASK
2020-10-30 10:44:17,PFE,34.98,79,BID
2020-10-30 10:44:15,PFE,34.99,38,ASK
2020-10-30 10:44:17,PFE,34.98,101,BID
2020-10-30 10:44:15,PFE,34.99,27,ASK
2020-10-30 10:44:21,PFE,34.99,48,BID
2020-10-30 10:44:05,PFE,35.0,43,ASK
2020-10-30 10:44:22,PFE,34.99,69,BID
2020-10-30 10:43:50,PFE,35.01,237,ASK
2020-10-30 10:44:24,PFE,35.01,46,BID
2020-10-30 10:43:47,PFE,35.02,74,ASK
2020-10-30 10:44:25,PFE,35.02,33,BID
2020-10-30 10:43:47,PFE,35.03,100,ASK
2020-10-30 10:44:25,PFE,35.03,47,BID
2020-10-30 10:44:25,PFE,35.04,61,ASK
2020-10-30 10:44:25,PFE,35.02,82,BID
2020-10-30 10:44:26,PFE,35.03,109,ASK
2020-10-30 10:44:25,PFE,35.02,81,BID
2020-10-30 10:44:27,PFE,35.03,43,ASK
2020-10-30 10:44:28,PFE,35.03,41,BID
2020-10-30 10:44:28,PFE,35.04,15,ASK
2020-10-30 10:44:30,PFE,35.03,38,BID
2020-10-30 10:44:30,PFE,35.04,17,ASK
2020-10-30 10:44:31,PFE,35.03,31,BID
2020-10-30 10:44:30,PFE,35.04,31,ASK
2020-10-30 10:44:33,PFE,35.03,29,BID
2020-10-30 10:44:30,PFE,35.04,26,ASK
2020-10-30 10:44:34,PFE,35.03,36,BID
2020-10-30 10:44:33,PFE,35.04,22,ASK
2020-10-30 10:44:35,PFE,35.03,34,BID
2020-10-30 10:44:35,PFE,35.04,35,ASK
2020-10-30 10:44:36,PFE,35.03,34,BID
2020-10-30 10:44:35,PFE,35.04,39,ASK
2020-10-30 10:44:38,PFE,35.03,27,BID
2020-10-30 10:44:35,PFE,35.04,68,ASK
2020-10-30 10:44:38,PFE,35.03,14,BID
2020-10-30 10:44:35,PFE,35.04,57,ASK
2020-10-30 10:44:38,PFE,35.03,15,BID
2020-10-30 10:44:40,PFE,35.03,33,ASK
2020-10-30 10:44:40,PFE,35.02,47,BID
2020-10-30 10:44:40,PFE,35.03,104,ASK
2020-10-30 10:44:41,PFE,35.01,17,BID
2020-10-30 10:44:40,PFE,35.02,74,ASK
2020-10-30 10:44:41,PFE,35.01,24,BID
2020-10-30 10:44:40,PFE,35.02,63,ASK
2020-10-30 10:44:23,PFE,35.0,118,BID
2020-10-30 10:44:41,PFE,35.01,89,ASK
2020-10-30 10:44:23,PFE,35.0,126,BID
2020-10-30 10:44:42,PFE,35.01,65,ASK
2020-10-30 10:44:43,PFE,35.01,14,BID
2020-10-30 10:44:40,PFE,35.02,66,ASK
2020-10-30 10:44:43,PFE,35.01,32,BID
2020-10-30 10:44:40,PFE,35.02,62,ASK
2020-10-30 10:44:43,PFE,35.01,32,BID
2020-10-30 10:44:40,PFE,35.02,61,ASK
2020-10-30 10:44:43,PFE,35.01,35,BID
2020-10-30 10:44:47,PFE,35.02,22,ASK
2020-10-30 10:44:43,PFE,35.01,35,BID
2020-10-30 10:44:48,PFE,35.02,37,ASK
2020-10-30 10:44:43,PFE,35.01,37,BID
2020-10-30 10:44:48,PFE,35.02,34,ASK
2020-10-30 10:44:49,PFE,35.02,35,BID
2020-10-30 10:44:49,PFE,35.03,61,ASK
2020-10-30 10:44:50,PFE,35.02,32,BID
2020-10-30 10:44:49,PFE,35.03,56,ASK
2020-10-30 10:44:43,PFE,35.01,34,BID
2020-10-30 10:44:50,PFE,35.02,61,ASK
2020-10-30 10:44:23,PFE,35.0,89,BID
2020-10-30 10:44:51,PFE,35.01,124,ASK
2020-10-30 10:44:23,PFE,35.0,79,BID
2020-10-30 10:44:52,PFE,35.01,99,ASK
2020-10-30 10:44:23,PFE,35.0,85,BID
2020-10-30 10:44:53,PFE,35.01,88,ASK
2020-10-30 10:44:21,PFE,34.99,70,BID
2020-10-30 10:44:54,PFE,35.0,23,ASK
2020-10-30 10:44:54,PFE,34.99,21,BID
2020-10-30 10:44:54,PFE,35.0,98,ASK
2020-10-30 10:44:54,PFE,34.99,24,BID
2020-10-30 10:44:54,PFE,35.0,97,ASK
2020-10-30 10:44:54,PFE,34.99,43,BID
2020-10-30 10:44:55,PFE,35.0,57,ASK
2020-10-30 10:44:54,PFE,34.99,43,BID
2020-10-30 10:44:55,PFE,35.0,57,ASK
2020-10-30 10:44:54,PFE,34.99,43,BID
2020-10-30 10:44:55,PFE,35.0,57,ASK
2020-10-30 10:44:54,PFE,34.99,43,BID
2020-10-30 10:44:55,PFE,35.0,57,ASK
2020-10-30 10:44:54,PFE,34.99,43,BID
2020-10-30 10:44:55,PFE,35.0,57,ASK
2020-10-30 10:44:54,PFE,34.99,43,BID
2020-10-30 10:44:55,PFE,35.0,57,ASK
2020-10-30 10:44:54,PFE,34.99,43,BID
2020-10-30 10:44:55,PFE,35.0,57,ASK
2020-10-30 10:44:54,PFE,34.99,43,BID
2020-10-30 10:44:55,PFE,35.0,57,ASK
2020-10-30 10:44:56,PFE,34.99,21,BID
2020-10-30 10:44:56,PFE,35.0,82,ASK
2020-10-30 10:44:56,PFE,34.99,38,BID
2020-10-30 10:44:57,PFE,35.0,65,ASK
2020-10-30 10:44:59,PFE,35.0,111,BID
2020-10-30 10:44:59,PFE,35.01,56,ASK
2020-10-30 10:45:00,PFE,35.01,12,BID
2020-10-30 10:45:00,PFE,35.01,65,ASK
2020-10-30 10:45:01,PFE,35.01,29,BID
2020-10-30 10:45:01,PFE,35.02,45,ASK
2020-10-30 10:45:01,PFE,35.01,36,BID
2020-10-30 10:45:01,PFE,35.02,58,ASK
2020-10-30 10:45:01,PFE,35.01,37,BID
2020-10-30 10:45:01,PFE,35.02,53,ASK
2020-10-30 10:45:02,PFE,35.01,11,BID
2020-10-30 10:45:01,PFE,35.02,56,ASK
2020-10-30 10:45:02,PFE,35.0,83,BID
2020-10-30 10:45:02,PFE,35.01,56,ASK
2020-10-30 10:45:03,PFE,35.0,48,BID
2020-10-30 10:45:02,PFE,35.01,73,ASK
2020-10-30 10:45:03,PFE,34.99,14,BID
2020-10-30 10:45:03,PFE,35.0,42,ASK
2020-10-30 10:45:03,PFE,34.99,59,BID
2020-10-30 10:45:03,PFE,35.0,15,ASK
2020-10-30 10:45:04,PFE,34.99,43,BID
2020-10-30 10:45:04,PFE,35.0,31,ASK
2020-10-30 10:45:04,PFE,34.99,46,BID
2020-10-30 10:45:04,PFE,35.0,29,ASK
2020-10-30 10:45:05,PFE,34.99,47,BID
2020-10-30 10:45:05,PFE,35.0,15,ASK
2020-10-30 10:45:06,PFE,35.0,25,BID
2020-10-30 10:45:02,PFE,35.01,62,ASK
2020-10-30 10:45:07,PFE,35.0,34,BID
2020-10-30 10:45:07,PFE,35.01,39,ASK
2020-10-30 10:45:07,PFE,35.0,44,BID
2020-10-30 10:45:07,PFE,35.01,30,ASK
2020-10-30 10:45:08,PFE,35.0,37,BID
2020-10-30 10:45:07,PFE,35.01,65,ASK
2020-10-30 10:45:10,PFE,35.01,9,BID
2020-10-30 10:45:01,PFE,35.02,58,ASK
2020-10-30 10:45:10,PFE,35.02,43,BID
2020-10-30 10:44:49,PFE,35.03,61,ASK
2020-10-30 10:45:11,PFE,35.02,27,BID
2020-10-30 10:44:49,PFE,35.03,67,ASK
2020-10-30 10:45:11,PFE,35.02,42,BID
2020-10-30 10:44:40,PFE,35.03,57,ASK
2020-10-30 10:45:11,PFE,35.02,43,BID
2020-10-30 10:45:12,PFE,35.03,59,ASK
2020-10-30 10:45:11,PFE,35.02,53,BID
2020-10-30 10:45:12,PFE,35.03,47,ASK
2020-10-30 10:45:11,PFE,35.02,52,BID
2020-10-30 10:45:12,PFE,35.03,50,ASK
2020-10-30 10:45:09,PFE,35.0,62,BID
2020-10-30 10:45:16,PFE,35.01,50,ASK
2020-10-30 10:45:16,PFE,35.0,22,BID
2020-10-30 10:45:16,PFE,35.01,67,ASK
2020-10-30 10:45:17,PFE,35.0,53,BID
2020-10-30 10:45:17,PFE,35.01,39,ASK
2020-10-30 10:45:17,PFE,35.0,29,BID
2020-10-30 10:45:17,PFE,35.01,51,ASK
2020-10-30 10:45:17,PFE,35.0,36,BID
2020-10-30 10:45:19,PFE,35.01,33,ASK
2020-10-30 10:45:17,PFE,35.0,25,BID
2020-10-30 10:45:20,PFE,35.01,61,ASK
2020-10-30 10:45:17,PFE,35.0,35,BID
2020-10-30 10:45:20,PFE,35.01,41,ASK
2020-10-30 10:45:17,PFE,35.0,35,BID
2020-10-30 10:45:20,PFE,35.01,46,ASK
2020-10-30 10:45:22,PFE,35.01,85,BID
2020-10-30 10:45:22,PFE,35.02,98,ASK
2020-10-30 10:45:23,PFE,35.01,116,BID
2020-10-30 10:45:23,PFE,35.02,79,ASK
2020-10-30 10:45:24,PFE,35.01,85,BID
2020-10-30 10:45:23,PFE,35.02,128,ASK
2020-10-30 10:45:22,PFE,35.0,75,BID
2020-10-30 10:45:24,PFE,35.01,18,ASK
2020-10-30 10:45:22,PFE,35.0,86,BID
2020-10-30 10:45:24,PFE,35.01,18,ASK
2020-10-30 10:45:22,PFE,35.0,67,BID
2020-10-30 10:45:24,PFE,35.01,29,ASK
2020-10-30 10:45:22,PFE,35.0,44,BID
2020-10-30 10:45:28,PFE,35.01,66,ASK
2020-10-30 10:45:22,PFE,35.0,37,BID
2020-10-30 10:45:28,PFE,35.01,59,ASK
2020-10-30 10:45:22,PFE,35.0,50,BID
2020-10-30 10:45:28,PFE,35.01,36,ASK
2020-10-30 10:45:22,PFE,35.0,56,BID
2020-10-30 10:45:28,PFE,35.01,41,ASK
2020-10-30 10:45:22,PFE,35.0,53,BID
2020-10-30 10:45:28,PFE,35.01,41,ASK
2020-10-30 10:45:34,PFE,35.01,111,BID
2020-10-30 10:45:23,PFE,35.02,106,ASK
2020-10-30 10:45:35,PFE,35.01,13,BID
2020-10-30 10:45:23,PFE,35.02,107,ASK
2020-10-30 10:45:22,PFE,35.0,46,BID
2020-10-30 10:45:36,PFE,35.01,85,ASK
2020-10-30 10:45:22,PFE,35.0,36,BID
2020-10-30 10:45:37,PFE,35.01,100,ASK
2020-10-30 10:45:22,PFE,35.0,36,BID
2020-10-30 10:45:39,PFE,35.01,98,ASK
2020-10-30 10:45:22,PFE,35.0,36,BID
2020-10-30 10:45:39,PFE,35.01,98,ASK
2020-10-30 10:45:05,PFE,34.99,63,BID
2020-10-30 10:45:41,PFE,35.0,71,ASK
2020-10-30 10:45:05,PFE,34.99,63,BID
2020-10-30 10:45:41,PFE,35.0,67,ASK
2020-10-30 10:45:05,PFE,34.99,70,BID
2020-10-30 10:45:43,PFE,35.0,45,ASK
2020-10-30 10:45:05,PFE,34.99,63,BID
2020-10-30 10:45:44,PFE,35.0,76,ASK
2020-10-30 10:45:05,PFE,34.99,67,BID
2020-10-30 10:45:44,PFE,35.0,70,ASK
2020-10-30 10:45:46,PFE,35.0,31,BID
2020-10-30 10:45:46,PFE,35.01,114,ASK
2020-10-30 10:45:46,PFE,35.0,36,BID
2020-10-30 10:45:46,PFE,35.01,60,ASK
2020-10-30 10:45:46,PFE,35.0,40,BID
2020-10-30 10:45:46,PFE,35.01,33,ASK
2020-10-30 10:45:47,PFE,35.0,27,BID
2020-10-30 10:45:46,PFE,35.01,53,ASK
2020-10-30 10:45:45,PFE,34.99,66,BID
2020-10-30 10:45:48,PFE,35.0,33,ASK
2020-10-30 10:45:45,PFE,34.99,66,BID
2020-10-30 10:45:49,PFE,35.0,35,ASK
2020-10-30 10:45:51,PFE,34.99,50,BID
2020-10-30 10:45:49,PFE,35.0,37,ASK
2020-10-30 10:45:52,PFE,34.99,58,BID
2020-10-30 10:45:49,PFE,35.0,32,ASK
2020-10-30 10:45:54,PFE,34.99,62,BID
2020-10-30 10:45:54,PFE,35.0,25,ASK
2020-10-30 10:45:54,PFE,34.99,68,BID
2020-10-30 10:45:56,PFE,35.0,19,ASK
2020-10-30 10:45:58,PFE,34.99,73,BID
2020-10-30 10:45:58,PFE,35.0,20,ASK
2020-10-30 10:45:59,PFE,34.99,80,BID
2020-10-30 10:45:58,PFE,35.0,19,ASK
2020-10-30 10:46:00,PFE,34.99,61,BID
2020-10-30 10:46:00,PFE,35.0,37,ASK
2020-10-30 10:46:00,PFE,34.99,61,BID
2020-10-30 10:46:00,PFE,35.0,34,ASK
2020-10-30 10:46:00,PFE,34.99,86,BID
2020-10-30 10:46:00,PFE,35.0,24,ASK
2020-10-30 10:46:03,PFE,35.0,117,BID
2020-10-30 10:45:46,PFE,35.01,58,ASK
2020-10-30 10:46:04,PFE,35.0,103,BID
2020-10-30 10:45:46,PFE,35.01,36,ASK
2020-10-30 10:46:05,PFE,35.0,51,BID
2020-10-30 10:45:46,PFE,35.01,60,ASK
2020-10-30 10:46:05,PFE,35.0,59,BID
2020-10-30 10:45:46,PFE,35.01,50,ASK
2020-10-30 10:46:05,PFE,35.0,67,BID
2020-10-30 10:45:46,PFE,35.01,36,ASK
2020-10-30 10:46:05,PFE,35.0,70,BID
2020-10-30 10:45:46,PFE,35.01,29,ASK
2020-10-30 10:46:10,PFE,35.01,71,BID
2020-10-30 10:45:23,PFE,35.02,88,ASK
2020-10-30 10:46:11,PFE,35.01,82,BID
2020-10-30 10:45:23,PFE,35.02,29,ASK
2020-10-30 10:46:12,PFE,35.01,83,BID
2020-10-30 10:46:11,PFE,35.02,38,ASK
2020-10-30 10:46:12,PFE,35.01,66,BID
2020-10-30 10:46:11,PFE,35.02,48,ASK
2020-10-30 10:46:13,PFE,35.01,78,BID
2020-10-30 10:46:11,PFE,35.02,55,ASK
2020-10-30 10:46:09,PFE,35.01,81,BID
2020-10-30 10:46:14,PFE,35.02,28,ASK
2020-10-30 10:46:15,PFE,35.02,68,BID
2020-10-30 10:45:12,PFE,35.03,69,ASK
2020-10-30 10:46:15,PFE,35.02,71,BID
2020-10-30 10:45:12,PFE,35.03,66,ASK
2020-10-30 10:46:17,PFE,35.02,69,BID
2020-10-30 10:46:16,PFE,35.03,29,ASK
2020-10-30 10:46:17,PFE,35.02,68,BID
2020-10-30 10:46:16,PFE,35.03,33,ASK
2020-10-30 10:46:09,PFE,35.01,81,BID
2020-10-30 10:46:18,PFE,35.02,62,ASK
2020-10-30 10:46:19,PFE,35.01,28,BID
2020-10-30 10:46:19,PFE,35.02,97,ASK
2020-10-30 10:46:19,PFE,35.01,21,BID
2020-10-30 10:46:19,PFE,35.01,59,ASK
2020-10-30 10:46:05,PFE,35.0,114,BID
2020-10-30 10:46:19,PFE,35.01,81,ASK
2020-10-30 10:46:00,PFE,34.99,56,BID
2020-10-30 10:46:19,PFE,35.0,62,ASK
2020-10-30 10:46:00,PFE,34.99,62,BID
2020-10-30 10:46:20,PFE,35.0,62,ASK
2020-10-30 10:46:00,PFE,34.99,62,BID
2020-10-30 10:46:21,PFE,35.0,38,ASK
2020-10-30 10:46:00,PFE,34.99,59,BID
2020-10-30 10:46:21,PFE,35.0,41,ASK
2020-10-30 10:46:00,PFE,34.99,52,BID
2020-10-30 10:46:21,PFE,35.0,55,ASK
2020-10-30 10:46:24,PFE,34.99,24,BID
2020-10-30 10:46:21,PFE,35.0,68,ASK
2020-10-30 10:46:25,PFE,34.99,21,BID
2020-10-30 10:46:21,PFE,35.0,79,ASK
2020-10-30 10:44:12,PFE,34.98,43,BID
2020-10-30 10:46:25,PFE,34.99,81,ASK
2020-10-30 10:44:12,PFE,34.98,53,BID
2020-10-30 10:46:26,PFE,34.99,61,ASK
2020-10-30 10:46:27,PFE,34.99,47,BID
2020-10-30 10:46:21,PFE,35.0,44,ASK
2020-10-30 10:46:28,PFE,34.99,37,BID
2020-10-30 10:46:21,PFE,35.0,57,ASK
2020-10-30 10:46:29,PFE,34.99,45,BID
2020-10-30 10:46:21,PFE,35.0,64,ASK
2020-10-30 10:46:30,PFE,34.99,30,BID
2020-10-30 10:46:21,PFE,35.0,62,ASK
2020-10-30 10:46:30,PFE,34.99,37,BID
2020-10-30 10:46:21,PFE,35.0,52,ASK
2020-10-30 10:46:30,PFE,34.99,52,BID
2020-10-30 10:46:32,PFE,35.0,36,ASK
2020-10-30 10:46:30,PFE,34.99,52,BID
2020-10-30 10:46:33,PFE,35.0,34,ASK
2020-10-30 10:46:35,PFE,35.0,46,BID
2020-10-30 10:46:35,PFE,35.01,73,ASK
2020-10-30 10:46:30,PFE,34.99,69,BID
2020-10-30 10:46:35,PFE,35.0,25,ASK
2020-10-30 10:46:37,PFE,35.0,69,BID
2020-10-30 10:46:37,PFE,35.01,68,ASK
2020-10-30 10:46:38,PFE,35.0,28,BID
2020-10-30 10:46:38,PFE,35.01,66,ASK
2020-10-30 10:46:38,PFE,35.0,27,BID
2020-10-30 10:46:39,PFE,35.01,68,ASK
2020-10-30 10:46:39,PFE,35.0,23,BID
2020-10-30 10:46:40,PFE,35.01,68,ASK
2020-10-30 10:46:41,PFE,35.0,26,BID
2020-10-30 10:46:41,PFE,35.0,19,ASK
2020-10-30 10:46:41,PFE,34.99,56,BID
2020-10-30 10:46:41,PFE,35.0,85,ASK
2020-10-30 10:46:43,PFE,34.99,23,BID
2020-10-30 10:46:43,PFE,35.0,70,ASK
2020-10-30 10:46:44,PFE,34.99,22,BID
2020-10-30 10:46:44,PFE,35.0,72,ASK
2020-10-30 10:46:45,PFE,34.99,24,BID
2020-10-30 10:46:45,PFE,35.0,70,ASK
2020-10-30 10:46:45,PFE,34.99,46,BID
2020-10-30 10:46:46,PFE,35.0,53,ASK
2020-10-30 10:46:47,PFE,35.0,32,BID
2020-10-30 10:46:47,PFE,35.01,69,ASK
2020-10-30 10:46:48,PFE,35.0,32,BID
2020-10-30 10:46:48,PFE,35.01,58,ASK
2020-10-30 10:46:49,PFE,35.0,14,BID
2020-10-30 10:46:49,PFE,35.01,74,ASK
2020-10-30 10:46:45,PFE,34.99,59,BID
2020-10-30 10:46:50,PFE,35.0,30,ASK
2020-10-30 10:46:51,PFE,35.0,27,BID
2020-10-30 10:46:51,PFE,35.01,62,ASK
2020-10-30 10:46:51,PFE,35.0,30,BID
2020-10-30 10:46:51,PFE,35.01,57,ASK
2020-10-30 10:46:51,PFE,35.0,30,BID
2020-10-30 10:46:51,PFE,35.01,57,ASK
2020-10-30 10:46:51,PFE,35.0,30,BID
2020-10-30 10:46:51,PFE,35.01,57,ASK
2020-10-30 10:46:51,PFE,35.0,30,BID
2020-10-30 10:46:51,PFE,35.01,57,ASK
2020-10-30 10:46:51,PFE,35.0,30,BID
2020-10-30 10:46:51,PFE,35.01,57,ASK
2020-10-30 10:46:51,PFE,35.0,30,BID
2020-10-30 10:46:51,PFE,35.01,57,ASK
2020-10-30 10:46:51,PFE,35.0,30,BID
2020-10-30 10:46:51,PFE,35.01,57,ASK
2020-10-30 10:46:51,PFE,35.0,30,BID
2020-10-30 10:46:51,PFE,35.01,57,ASK
2020-10-30 10:46:51,PFE,35.0,30,BID
2020-10-30 10:46:51,PFE,35.01,57,ASK
2020-10-30 10:46:51,PFE,35.0,30,BID
2020-10-30 10:46:51,PFE,35.01,57,ASK
2020-10-30 10:46:51,PFE,35.0,30,BID
2020-10-30 10:46:51,PFE,35.01,57,ASK
2020-10-30 10:46:51,PFE,35.0,30,BID
2020-10-30 10:46:51,PFE,35.01,57,ASK
2020-10-30 10:46:51,PFE,35.0,30,BID
2020-10-30 10:46:51,PFE,35.01,57,ASK
2020-10-30 10:46:51,PFE,35.0,30,BID
2020-10-30 10:46:51,PFE,35.01,57,ASK
2020-10-30 10:46:51,PFE,35.0,30,BID
2020-10-30 10:46:51,PFE,35.01,57,ASK
2020-10-30 10:46:51,PFE,35.0,30,BID
2020-10-30 10:46:51,PFE,35.01,57,ASK
2020-10-30 10:46:51,PFE,35.0,30,BID
2020-10-30 10:46:51,PFE,35.01,57,ASK
2020-10-30 10:46:51,PFE,35.0,30,BID
2020-10-30 10:46:51,PFE,35.01,57,ASK
2020-10-30 10:46:51,PFE,35.0,30,BID
2020-10-30 10:46:19,PFE,35.01,57,ASK
2020-10-30 10:46:51,PFE,35.0,30,BID
2020-10-30 10:46:19,PFE,35.01,57,ASK
2020-10-30 10:46:51,PFE,35.0,30,BID
2020-10-30 10:46:19,PFE,35.01,57,ASK
2020-10-30 10:46:51,PFE,35.0,30,BID
2020-10-30 10:46:19,PFE,35.01,57,ASK
2020-10-30 10:46:51,PFE,35.0,30,BID
2020-10-30 10:46:19,PFE,35.01,57,ASK
2020-10-30 10:46:51,PFE,35.0,30,BID
2020-10-30 10:46:19,PFE,35.01,57,ASK
2020-10-30 10:46:51,PFE,35.0,30,BID
2020-10-30 10:46:19,PFE,35.01,57,ASK
2020-10-30 10:46:51,PFE,35.0,30,BID
2020-10-30 10:46:19,PFE,35.01,57,ASK
2020-10-30 10:46:45,PFE,34.99,57,BID
2020-10-30 10:46:57,PFE,35.0,25,ASK
2020-10-30 10:46:59,PFE,35.0,93,BID
2020-10-30 10:46:59,PFE,35.01,48,ASK
2020-10-30 10:47:01,PFE,35.01,94,BID
2020-10-30 10:47:01,PFE,35.02,52,ASK
2020-10-30 10:47:02,PFE,35.01,94,BID
2020-10-30 10:47:02,PFE,35.02,27,ASK
2020-10-30 10:47:02,PFE,35.01,93,BID
2020-10-30 10:47:02,PFE,35.02,27,ASK
2020-10-30 10:47:02,PFE,35.01,93,BID
2020-10-30 10:47:02,PFE,35.02,27,ASK
2020-10-30 10:47:02,PFE,35.01,90,BID
2020-10-30 10:47:02,PFE,35.02,27,ASK
2020-10-30 10:47:02,PFE,35.01,90,BID
2020-10-30 10:47:02,PFE,35.02,27,ASK
2020-10-30 10:47:02,PFE,35.01,90,BID
2020-10-30 10:47:02,PFE,35.02,27,ASK
2020-10-30 10:47:02,PFE,35.01,90,BID
2020-10-30 10:47:02,PFE,35.02,27,ASK
2020-10-30 10:47:02,PFE,35.01,90,BID
2020-10-30 10:47:02,PFE,35.02,27,ASK
2020-10-30 10:47:02,PFE,35.01,82,BID
2020-10-30 10:47:02,PFE,35.02,29,ASK
2020-10-30 10:47:02,PFE,35.01,82,BID
2020-10-30 10:47:02,PFE,35.02,35,ASK
2020-10-30 10:47:02,PFE,35.01,90,BID
2020-10-30 10:47:07,PFE,35.02,34,ASK
2020-10-30 10:47:08,PFE,35.01,56,BID
2020-10-30 10:47:07,PFE,35.02,94,ASK
2020-10-30 10:47:08,PFE,35.0,86,BID
2020-10-30 10:47:08,PFE,35.01,96,ASK
2020-10-30 10:47:08,PFE,35.0,33,BID
2020-10-30 10:47:08,PFE,35.01,99,ASK
2020-10-30 10:47:08,PFE,34.99,46,BID
2020-10-30 10:47:08,PFE,35.0,65,ASK
2020-10-30 10:47:08,PFE,34.99,46,BID
2020-10-30 10:47:08,PFE,35.0,64,ASK
2020-10-30 10:47:08,PFE,34.99,45,BID
2020-10-30 10:47:08,PFE,35.0,74,ASK
2020-10-30 10:47:08,PFE,34.99,51,BID
2020-10-30 10:47:08,PFE,35.0,65,ASK
2020-10-30 10:47:08,PFE,34.99,51,BID
2020-10-30 10:47:08,PFE,35.0,65,ASK
2020-10-30 10:47:08,PFE,34.99,45,BID
2020-10-30 10:47:08,PFE,35.0,73,ASK
2020-10-30 10:47:08,PFE,34.99,42,BID
2020-10-30 10:47:08,PFE,35.0,81,ASK
2020-10-30 10:47:11,PFE,34.99,35,BID
2020-10-30 10:47:08,PFE,35.0,61,ASK
2020-10-30 10:47:12,PFE,34.99,37,BID
2020-10-30 10:47:08,PFE,35.0,55,ASK
2020-10-30 10:47:13,PFE,34.99,46,BID
2020-10-30 10:47:08,PFE,35.0,48,ASK
2020-10-30 10:47:13,PFE,34.99,55,BID
2020-10-30 10:47:08,PFE,35.0,53,ASK
2020-10-30 10:47:13,PFE,34.99,55,BID
2020-10-30 10:47:08,PFE,35.0,46,ASK
2020-10-30 10:47:16,PFE,34.99,36,BID
2020-10-30 10:47:08,PFE,35.0,75,ASK
2020-10-30 10:47:16,PFE,34.99,33,BID
2020-10-30 10:47:08,PFE,35.0,82,ASK
2020-10-30 10:47:20,PFE,34.99,29,BID
2020-10-30 10:47:08,PFE,35.0,73,ASK
2020-10-30 10:47:20,PFE,34.99,28,BID
2020-10-30 10:47:08,PFE,35.0,76,ASK
2020-10-30 10:47:20,PFE,34.99,28,BID
2020-10-30 10:47:08,PFE,35.0,83,ASK
2020-10-30 10:47:02,PFE,34.97,85,BID
2020-10-30 10:47:23,PFE,34.99,163,ASK
2020-10-30 10:47:24,PFE,34.97,74,BID
2020-10-30 10:47:23,PFE,34.98,60,ASK
2020-10-30 10:47:24,PFE,34.96,48,BID
2020-10-30 10:47:24,PFE,34.97,70,ASK
2020-10-30 10:47:24,PFE,34.97,122,BID
2020-10-30 10:47:24,PFE,34.98,52,ASK
2020-10-30 10:47:25,PFE,34.98,24,BID
2020-10-30 10:47:25,PFE,34.99,130,ASK
2020-10-30 10:47:26,PFE,34.98,33,BID
2020-10-30 10:47:27,PFE,34.99,128,ASK
2020-10-30 10:47:26,PFE,34.98,35,BID
2020-10-30 10:47:28,PFE,34.99,78,ASK
2020-10-30 10:47:29,PFE,34.98,29,BID
2020-10-30 10:47:29,PFE,34.99,91,ASK
2020-10-30 10:47:29,PFE,34.98,48,BID
2020-10-30 10:47:30,PFE,34.99,22,ASK
2020-10-30 10:47:29,PFE,34.98,42,BID
2020-10-30 10:47:30,PFE,34.99,17,ASK
2020-10-30 10:47:29,PFE,34.98,35,BID
2020-10-30 10:47:30,PFE,34.99,34,ASK
2020-10-30 10:47:34,PFE,34.98,52,BID
2020-10-30 10:47:30,PFE,34.99,42,ASK
2020-10-30 10:47:36,PFE,34.97,73,BID
2020-10-30 10:47:36,PFE,34.98,119,ASK
2020-10-30 10:47:36,PFE,34.97,63,BID
2020-10-30 10:47:36,PFE,34.98,110,ASK
2020-10-30 10:47:37,PFE,34.96,40,BID
2020-10-30 10:47:37,PFE,34.97,93,ASK
2020-10-30 10:47:38,PFE,34.96,15,BID
2020-10-30 10:47:38,PFE,34.97,101,ASK
2020-10-30 10:47:38,PFE,34.96,16,BID
2020-10-30 10:47:39,PFE,34.97,103,ASK
2020-10-30 10:47:40,PFE,34.96,17,BID
2020-10-30 10:47:40,PFE,34.97,100,ASK
2020-10-30 10:47:40,PFE,34.96,17,BID
2020-10-30 10:47:37,PFE,34.97,101,ASK
2020-10-30 10:47:41,PFE,34.96,15,BID
2020-10-30 10:47:37,PFE,34.97,112,ASK
2020-10-30 10:47:41,PFE,34.96,23,BID
2020-10-30 10:47:37,PFE,34.97,101,ASK
2020-10-30 10:47:41,PFE,34.96,23,BID
2020-10-30 10:47:37,PFE,34.97,101,ASK
2020-10-30 10:47:41,PFE,34.96,24,BID
2020-10-30 10:47:37,PFE,34.97,100,ASK
2020-10-30 10:47:41,PFE,34.96,20,BID
2020-10-30 10:47:37,PFE,34.97,114,ASK
2020-10-30 10:47:41,PFE,34.96,29,BID
2020-10-30 10:47:37,PFE,34.97,101,ASK
2020-10-30 10:47:41,PFE,34.96,29,BID
2020-10-30 10:47:37,PFE,34.97,102,ASK
2020-10-30 10:47:48,PFE,34.95,92,BID
2020-10-30 10:47:48,PFE,34.96,83,ASK
2020-10-30 10:47:49,PFE,34.95,93,BID
2020-10-30 10:47:48,PFE,34.96,78,ASK
2020-10-30 10:47:50,PFE,34.95,90,BID
2020-10-30 10:47:48,PFE,34.96,85,ASK
2020-10-30 10:47:51,PFE,34.95,90,BID
2020-10-30 10:47:48,PFE,34.96,82,ASK
2020-10-30 10:47:52,PFE,34.95,89,BID
2020-10-30 10:47:48,PFE,34.96,84,ASK
2020-10-30 10:47:52,PFE,34.94,16,BID
2020-10-30 10:47:52,PFE,34.95,110,ASK
2020-10-30 10:47:52,PFE,34.94,37,BID
2020-10-30 10:47:53,PFE,34.95,97,ASK
2020-10-30 10:47:53,PFE,34.94,54,BID
2020-10-30 10:47:54,PFE,34.95,60,ASK
2020-10-30 10:47:53,PFE,34.94,58,BID
2020-10-30 10:47:55,PFE,34.95,38,ASK
2020-10-30 10:47:56,PFE,34.94,33,BID
2020-10-30 10:47:56,PFE,34.95,59,ASK
2020-10-30 10:47:57,PFE,34.94,35,BID
2020-10-30 10:47:57,PFE,34.95,76,ASK
2020-10-30 10:47:58,PFE,34.93,40,BID
2020-10-30 10:47:58,PFE,34.94,80,ASK
2020-10-30 10:47:58,PFE,34.93,40,BID
2020-10-30 10:47:58,PFE,34.94,76,ASK
2020-10-30 10:47:59,PFE,34.93,41,BID
2020-10-30 10:47:59,PFE,34.94,37,ASK
2020-10-30 10:48:00,PFE,34.93,40,BID
2020-10-30 10:48:00,PFE,34.94,54,ASK
2020-10-30 10:48:01,PFE,34.93,41,BID
2020-10-30 10:48:01,PFE,34.94,29,ASK
2020-10-30 10:48:01,PFE,34.93,40,BID
2020-10-30 10:48:01,PFE,34.94,28,ASK
2020-10-30 10:48:02,PFE,34.93,44,BID
2020-10-30 10:48:02,PFE,34.94,18,ASK
2020-10-30 10:48:03,PFE,34.93,44,BID
2020-10-30 10:48:03,PFE,34.94,17,ASK
2020-10-30 10:48:05,PFE,34.93,90,BID
2020-10-30 10:48:05,PFE,34.94,30,ASK
2020-10-30 10:48:06,PFE,34.94,55,BID
2020-10-30 10:48:05,PFE,34.95,75,ASK
2020-10-30 10:48:06,PFE,34.94,58,BID
2020-10-30 10:48:05,PFE,34.95,74,ASK
2020-10-30 10:48:08,PFE,34.94,70,BID
2020-10-30 10:48:05,PFE,34.95,65,ASK
2020-10-30 10:48:09,PFE,34.95,39,BID
2020-10-30 10:47:48,PFE,34.96,88,ASK
2020-10-30 10:48:10,PFE,34.95,43,BID
2020-10-30 10:48:10,PFE,34.96,38,ASK
2020-10-30 10:48:11,PFE,34.95,67,BID
2020-10-30 10:48:12,PFE,34.96,34,ASK
2020-10-30 10:48:11,PFE,34.95,67,BID
2020-10-30 10:48:12,PFE,34.96,42,ASK
2020-10-30 10:48:15,PFE,34.96,44,BID
2020-10-30 10:47:37,PFE,34.97,97,ASK
2020-10-30 10:48:15,PFE,34.96,39,BID
2020-10-30 10:47:37,PFE,34.97,100,ASK
2020-10-30 10:48:11,PFE,34.95,65,BID
2020-10-30 10:48:16,PFE,34.96,91,ASK
2020-10-30 10:48:11,PFE,34.95,62,BID
2020-10-30 10:48:18,PFE,34.96,91,ASK
2020-10-30 10:48:11,PFE,34.95,54,BID
2020-10-30 10:48:19,PFE,34.96,92,ASK
2020-10-30 10:48:11,PFE,34.95,34,BID
2020-10-30 10:48:20,PFE,34.96,141,ASK
2020-10-30 10:48:11,PFE,34.95,34,BID
2020-10-30 10:48:21,PFE,34.96,140,ASK
2020-10-30 10:48:22,PFE,34.95,20,BID
2020-10-30 10:48:22,PFE,34.96,107,ASK
2020-10-30 10:48:24,PFE,34.96,24,BID
2020-10-30 10:47:37,PFE,34.97,95,ASK
2020-10-30 10:48:24,PFE,34.96,28,BID
2020-10-30 10:47:37,PFE,34.97,99,ASK
2020-10-30 10:48:25,PFE,34.96,16,BID
2020-10-30 10:47:37,PFE,34.97,113,ASK
2020-10-30 10:48:25,PFE,34.96,55,BID
2020-10-30 10:48:26,PFE,34.97,15,ASK
2020-10-30 10:48:25,PFE,34.96,64,BID
2020-10-30 10:48:27,PFE,34.97,15,ASK
2020-10-30 10:48:30,PFE,34.97,78,BID
2020-10-30 10:47:35,PFE,34.98,66,ASK
2020-10-30 10:48:31,PFE,34.97,91,BID
2020-10-30 10:48:31,PFE,34.98,43,ASK
2020-10-30 10:48:32,PFE,34.98,24,BID
2020-10-30 10:47:35,PFE,34.99,75,ASK
2020-10-30 10:48:34,PFE,34.98,32,BID
2020-10-30 10:47:35,PFE,34.99,55,ASK
2020-10-30 10:48:34,PFE,34.98,40,BID
2020-10-30 10:47:35,PFE,34.99,55,ASK
2020-10-30 10:48:34,PFE,34.98,30,BID
2020-10-30 10:48:38,PFE,34.99,44,ASK
2020-10-30 10:48:34,PFE,34.98,43,BID
2020-10-30 10:48:38,PFE,34.99,31,ASK
2020-10-30 10:48:41,PFE,34.99,17,BID
2020-10-30 10:47:08,PFE,35.0,100,ASK
2020-10-30 10:48:42,PFE,34.99,7,BID
2020-10-30 10:47:08,PFE,35.0,97,ASK
2020-10-30 10:48:43,PFE,34.98,52,BID
2020-10-30 10:48:43,PFE,34.99,38,ASK
2020-10-30 10:48:45,PFE,34.98,63,BID
2020-10-30 10:48:45,PFE,34.99,57,ASK
2020-10-30 10:48:46,PFE,34.98,54,BID
2020-10-30 10:48:46,PFE,34.99,66,ASK
2020-10-30 10:48:31,PFE,34.98,52,BID
2020-10-30 10:48:45,PFE,34.99,61,ASK
2020-10-30 10:48:31,PFE,34.98,59,BID
2020-10-30 10:48:49,PFE,34.99,47,ASK
2020-10-30 10:48:31,PFE,34.98,58,BID
2020-10-30 10:48:49,PFE,34.99,40,ASK
2020-10-30 10:48:31,PFE,34.98,57,BID
2020-10-30 10:48:49,PFE,34.99,50,ASK
2020-10-30 10:48:31,PFE,34.98,50,BID
2020-10-30 10:48:49,PFE,34.99,59,ASK
2020-10-30 10:48:31,PFE,34.98,52,BID
2020-10-30 10:48:49,PFE,34.99,58,ASK
2020-10-30 10:48:31,PFE,34.98,45,BID
2020-10-30 10:48:49,PFE,34.99,73,ASK
2020-10-30 10:48:29,PFE,34.97,77,BID
2020-10-30 10:48:58,PFE,34.98,108,ASK
2020-10-30 10:48:25,PFE,34.96,87,BID
2020-10-30 10:48:58,PFE,34.97,45,ASK
2020-10-30 10:48:25,PFE,34.96,81,BID
2020-10-30 10:48:58,PFE,34.97,45,ASK
2020-10-30 10:48:25,PFE,34.96,87,BID
2020-10-30 10:49:00,PFE,34.97,41,ASK
2020-10-30 10:48:25,PFE,34.96,91,BID
2020-10-30 10:49:01,PFE,34.97,35,ASK
2020-10-30 10:48:25,PFE,34.96,91,BID
2020-10-30 10:49:01,PFE,34.97,35,ASK
2020-10-30 10:48:25,PFE,34.96,91,BID
2020-10-30 10:49:01,PFE,34.97,35,ASK
2020-10-30 10:48:25,PFE,34.96,91,BID
2020-10-30 10:49:01,PFE,34.97,35,ASK
2020-10-30 10:48:25,PFE,34.96,91,BID
2020-10-30 10:49:01,PFE,34.97,35,ASK
2020-10-30 10:48:25,PFE,34.96,91,BID
2020-10-30 10:49:01,PFE,34.97,35,ASK
2020-10-30 10:48:25,PFE,34.96,91,BID
2020-10-30 10:49:01,PFE,34.97,35,ASK
2020-10-30 10:48:25,PFE,34.96,91,BID
2020-10-30 10:49:01,PFE,34.97,35,ASK
2020-10-30 10:48:25,PFE,34.96,91,BID
2020-10-30 10:49:01,PFE,34.97,35,ASK
2020-10-30 10:48:25,PFE,34.96,91,BID
2020-10-30 10:49:01,PFE,34.97,35,ASK
2020-10-30 10:48:25,PFE,34.96,91,BID
2020-10-30 10:49:01,PFE,34.97,35,ASK
2020-10-30 10:48:25,PFE,34.96,91,BID
2020-10-30 10:49:01,PFE,34.97,35,ASK
2020-10-30 10:48:25,PFE,34.96,91,BID
2020-10-30 10:49:01,PFE,34.97,35,ASK
2020-10-30 10:48:25,PFE,34.96,91,BID
2020-10-30 10:49:01,PFE,34.97,35,ASK
2020-10-30 10:48:25,PFE,34.96,91,BID
2020-10-30 10:49:01,PFE,34.97,35,ASK
2020-10-30 10:48:25,PFE,34.96,91,BID
2020-10-30 10:49:01,PFE,34.97,35,ASK
2020-10-30 10:48:25,PFE,34.96,91,BID
2020-10-30 10:49:01,PFE,34.97,35,ASK
2020-10-30 10:48:25,PFE,34.96,91,BID
2020-10-30 10:49:01,PFE,34.97,35,ASK
2020-10-30 10:48:25,PFE,34.96,91,BID
2020-10-30 10:49:01,PFE,34.97,35,ASK
2020-10-30 10:48:25,PFE,34.96,91,BID
2020-10-30 10:49:01,PFE,34.97,35,ASK
2020-10-30 10:48:25,PFE,34.96,91,BID
2020-10-30 10:49:01,PFE,34.97,35,ASK
2020-10-30 10:48:25,PFE,34.96,91,BID
2020-10-30 10:49:01,PFE,34.97,35,ASK
2020-10-30 10:48:25,PFE,34.96,91,BID
2020-10-30 10:49:01,PFE,34.97,35,ASK
2020-10-30 10:48:25,PFE,34.96,91,BID
2020-10-30 10:49:01,PFE,34.97,35,ASK
2020-10-30 10:48:25,PFE,34.96,91,BID
2020-10-30 10:49:01,PFE,34.97,35,ASK
2020-10-30 10:48:25,PFE,34.96,91,BID
2020-10-30 10:49:01,PFE,34.97,35,ASK
2020-10-30 10:49:08,PFE,34.97,22,BID
2020-10-30 10:49:07,PFE,34.98,43,ASK
2020-10-30 10:49:09,PFE,34.98,80,BID
2020-10-30 10:48:49,PFE,34.99,52,ASK
2020-10-30 10:49:09,PFE,34.98,81,BID
2020-10-30 10:48:49,PFE,34.99,47,ASK
2020-10-30 10:49:12,PFE,34.99,52,BID
2020-10-30 10:47:08,PFE,35.0,90,ASK
2020-10-30 10:49:13,PFE,34.98,65,BID
2020-10-30 10:49:13,PFE,34.99,63,ASK
2020-10-30 10:49:13,PFE,34.98,65,BID
2020-10-30 10:49:13,PFE,34.99,51,ASK
2020-10-30 10:49:15,PFE,34.97,17,BID
2020-10-30 10:49:15,PFE,34.98,110,ASK
2020-10-30 10:48:25,PFE,34.96,90,BID
2020-10-30 10:49:16,PFE,34.97,54,ASK
2020-10-30 10:48:25,PFE,34.96,90,BID
2020-10-30 10:49:17,PFE,34.97,43,ASK
2020-10-30 10:48:25,PFE,34.96,87,BID
2020-10-30 10:49:18,PFE,34.97,37,ASK
2020-10-30 10:48:25,PFE,34.96,87,BID
2020-10-30 10:49:19,PFE,34.97,44,ASK
2020-10-30 10:48:25,PFE,34.96,87,BID
2020-10-30 10:49:19,PFE,34.97,39,ASK
2020-10-30 10:48:25,PFE,34.96,87,BID
2020-10-30 10:49:19,PFE,34.97,40,ASK
2020-10-30 10:48:25,PFE,34.96,52,BID
2020-10-30 10:49:19,PFE,34.97,38,ASK
2020-10-30 10:48:25,PFE,34.96,18,BID
2020-10-30 10:49:19,PFE,34.97,83,ASK
2020-10-30 10:49:25,PFE,34.96,25,BID
2020-10-30 10:49:19,PFE,34.97,61,ASK
2020-10-30 10:49:27,PFE,34.97,45,BID
2020-10-30 10:49:27,PFE,34.98,83,ASK
2020-10-30 10:49:29,PFE,34.97,54,BID
2020-10-30 10:49:29,PFE,34.98,43,ASK
2020-10-30 10:49:31,PFE,34.98,46,BID
2020-10-30 10:49:30,PFE,34.99,42,ASK
2020-10-30 10:49:32,PFE,34.98,51,BID
2020-10-30 10:49:32,PFE,34.99,32,ASK
2020-10-30 10:49:32,PFE,34.98,51,BID
2020-10-30 10:49:32,PFE,34.99,32,ASK
2020-10-30 10:49:32,PFE,34.98,51,BID
2020-10-30 10:49:32,PFE,34.99,39,ASK
2020-10-30 10:49:30,PFE,34.98,46,BID
2020-10-30 10:49:13,PFE,34.99,53,ASK
2020-10-30 10:49:30,PFE,34.98,46,BID
2020-10-30 10:49:13,PFE,34.99,53,ASK
2020-10-30 10:49:32,PFE,34.98,46,BID
2020-10-30 10:49:32,PFE,34.99,49,ASK
2020-10-30 10:49:32,PFE,34.98,47,BID
2020-10-30 10:49:32,PFE,34.99,49,ASK
2020-10-30 10:49:32,PFE,34.98,45,BID
2020-10-30 10:49:32,PFE,34.99,53,ASK
2020-10-30 10:49:37,PFE,34.97,72,BID
2020-10-30 10:49:37,PFE,34.98,108,ASK
2020-10-30 10:49:38,PFE,34.97,62,BID
2020-10-30 10:49:37,PFE,34.98,16,ASK
2020-10-30 10:49:38,PFE,34.97,53,BID
2020-10-30 10:49:38,PFE,34.98,38,ASK
2020-10-30 10:49:39,PFE,34.98,7,BID
2020-10-30 10:49:32,PFE,34.99,102,ASK
2020-10-30 10:49:40,PFE,34.97,38,BID
2020-10-30 10:49:40,PFE,34.98,93,ASK
2020-10-30 10:49:42,PFE,34.97,38,BID
2020-10-30 10:49:42,PFE,34.98,92,ASK
2020-10-30 10:49:43,PFE,34.97,55,BID
2020-10-30 10:49:44,PFE,34.98,55,ASK
2020-10-30 10:49:43,PFE,34.97,54,BID
2020-10-30 10:49:46,PFE,34.98,51,ASK
2020-10-30 10:49:43,PFE,34.97,50,BID
2020-10-30 10:49:48,PFE,34.98,51,ASK
2020-10-30 10:49:43,PFE,34.97,73,BID
2020-10-30 10:49:49,PFE,34.98,47,ASK
2020-10-30 10:49:49,PFE,34.98,58,BID
2020-10-30 10:49:32,PFE,34.99,86,ASK
2020-10-30 10:49:43,PFE,34.97,60,BID
2020-10-30 10:49:50,PFE,34.98,43,ASK
2020-10-30 10:49:43,PFE,34.97,60,BID
2020-10-30 10:49:50,PFE,34.98,46,ASK
2020-10-30 10:49:53,PFE,34.97,31,BID
2020-10-30 10:49:50,PFE,34.98,51,ASK
2020-10-30 10:49:32,PFE,34.96,37,BID
2020-10-30 10:49:54,PFE,34.97,92,ASK
2020-10-30 10:49:56,PFE,34.96,23,BID
2020-10-30 10:49:56,PFE,34.97,114,ASK
2020-10-30 10:49:58,PFE,34.96,12,BID
2020-10-30 10:49:58,PFE,34.97,117,ASK
2020-10-30 10:49:58,PFE,34.96,14,BID
2020-10-30 10:49:59,PFE,34.97,114,ASK
2020-10-30 10:49:58,PFE,34.96,37,BID
2020-10-30 10:50:00,PFE,34.97,108,ASK
2020-10-30 10:49:58,PFE,34.96,33,BID
2020-10-30 10:50:01,PFE,34.97,88,ASK
2020-10-30 10:50:02,PFE,34.97,71,BID
2020-10-30 10:49:53,PFE,34.98,85,ASK
2020-10-30 10:50:02,PFE,34.97,71,BID
2020-10-30 10:49:53,PFE,34.98,87,ASK
2020-10-30 10:50:03,PFE,34.97,43,BID
2020-10-30 10:49:53,PFE,34.98,100,ASK
2020-10-30 10:49:58,PFE,34.96,14,BID
2020-10-30 10:50:04,PFE,34.96,22,ASK
2020-10-30 10:50:04,PFE,34.95,4,BID
2020-10-30 10:50:04,PFE,34.96,68,ASK
2020-10-30 10:50:05,PFE,34.95,36,BID
2020-10-30 10:50:05,PFE,34.96,33,ASK
2020-10-30 10:50:05,PFE,34.95,26,BID
2020-10-30 10:50:07,PFE,34.96,34,ASK
2020-10-30 10:49:32,PFE,34.94,90,BID
2020-10-30 10:50:07,PFE,34.95,71,ASK
2020-10-30 10:50:08,PFE,34.94,40,BID
2020-10-30 10:50:08,PFE,34.95,81,ASK
2020-10-30 10:50:08,PFE,34.94,46,BID
2020-10-30 10:50:08,PFE,34.95,63,ASK
2020-10-30 10:50:09,PFE,34.95,83,BID
2020-10-30 10:50:09,PFE,34.96,43,ASK
2020-10-30 10:50:10,PFE,34.95,69,BID
2020-10-30 10:50:10,PFE,34.96,36,ASK
2020-10-30 10:50:12,PFE,34.95,64,BID
2020-10-30 10:50:12,PFE,34.96,34,ASK
2020-10-30 10:50:13,PFE,34.95,74,BID
2020-10-30 10:50:13,PFE,34.96,23,ASK
2020-10-30 10:50:14,PFE,34.96,26,BID
2020-10-30 10:50:04,PFE,34.97,97,ASK
2020-10-30 10:50:14,PFE,34.96,41,BID
2020-10-30 10:50:14,PFE,34.97,42,ASK
2020-10-30 10:50:14,PFE,34.96,51,BID
2020-10-30 10:50:15,PFE,34.97,45,ASK
2020-10-30 10:50:14,PFE,34.96,54,BID
2020-10-30 10:50:16,PFE,34.97,30,ASK
2020-10-30 10:50:14,PFE,34.96,47,BID
2020-10-30 10:50:17,PFE,34.97,33,ASK
2020-10-30 10:50:14,PFE,34.96,46,BID
2020-10-30 10:50:17,PFE,34.97,35,ASK
2020-10-30 10:50:14,PFE,34.96,45,BID
2020-10-30 10:50:19,PFE,34.97,32,ASK
2020-10-30 10:50:14,PFE,34.96,46,BID
2020-10-30 10:50:19,PFE,34.97,32,ASK
2020-10-30 10:50:24,PFE,34.95,117,BID
2020-10-30 10:50:23,PFE,34.96,39,ASK
2020-10-30 10:50:26,PFE,34.95,107,BID
2020-10-30 10:50:23,PFE,34.96,39,ASK
2020-10-30 10:50:26,PFE,34.95,98,BID
2020-10-30 10:50:23,PFE,34.96,42,ASK
2020-10-30 10:50:26,PFE,34.95,98,BID
2020-10-30 10:50:23,PFE,34.96,42,ASK
2020-10-30 10:50:28,PFE,34.95,98,BID
2020-10-30 10:50:23,PFE,34.96,46,ASK
2020-10-30 10:50:28,PFE,34.95,98,BID
2020-10-30 10:50:23,PFE,34.96,46,ASK
2020-10-30 10:50:31,PFE,34.95,98,BID
2020-10-30 10:50:23,PFE,34.96,39,ASK
2020-10-30 10:50:33,PFE,34.95,110,BID
2020-10-30 10:50:23,PFE,34.96,36,ASK
2020-10-30 10:50:33,PFE,34.96,59,BID
2020-10-30 10:50:33,PFE,34.97,62,ASK
2020-10-30 10:50:34,PFE,34.96,61,BID
2020-10-30 10:50:34,PFE,34.97,54,ASK
2020-10-30 10:50:35,PFE,34.96,61,BID
2020-10-30 10:50:35,PFE,34.97,53,ASK
2020-10-30 10:50:36,PFE,34.96,47,BID
2020-10-30 10:50:35,PFE,34.97,67,ASK
2020-10-30 10:50:36,PFE,34.96,55,BID
2020-10-30 10:50:35,PFE,34.97,67,ASK
2020-10-30 10:50:37,PFE,34.96,33,BID
2020-10-30 10:50:23,PFE,34.97,75,ASK
2020-10-30 10:50:37,PFE,34.96,36,BID
2020-10-30 10:50:23,PFE,34.97,77,ASK
2020-10-30 10:50:37,PFE,34.96,42,BID
2020-10-30 10:50:23,PFE,34.97,72,ASK
2020-10-30 10:50:37,PFE,34.96,54,BID
2020-10-30 10:50:23,PFE,34.97,49,ASK
2020-10-30 10:50:37,PFE,34.96,45,BID
2020-10-30 10:50:23,PFE,34.97,65,ASK
2020-10-30 10:50:37,PFE,34.96,44,BID
2020-10-30 10:50:23,PFE,34.97,64,ASK
2020-10-30 10:50:37,PFE,34.96,43,BID
2020-10-30 10:50:23,PFE,34.97,70,ASK
2020-10-30 10:50:37,PFE,34.96,39,BID
2020-10-30 10:50:23,PFE,34.97,69,ASK
2020-10-30 10:50:37,PFE,34.96,40,BID
2020-10-30 10:50:23,PFE,34.97,83,ASK
2020-10-30 10:50:51,PFE,34.96,36,BID
2020-10-30 10:50:23,PFE,34.97,88,ASK
2020-10-30 10:50:09,PFE,34.95,95,BID
2020-10-30 10:50:54,PFE,34.96,88,ASK
2020-10-30 10:50:09,PFE,34.95,105,BID
2020-10-30 10:50:55,PFE,34.96,40,ASK
2020-10-30 10:50:09,PFE,34.95,133,BID
2020-10-30 10:50:23,PFE,34.97,106,ASK
2020-10-30 10:50:57,PFE,34.96,58,BID
2020-10-30 10:50:23,PFE,34.97,102,ASK
2020-10-30 10:50:57,PFE,34.96,63,BID
2020-10-30 10:50:23,PFE,34.97,102,ASK
2020-10-30 10:50:57,PFE,34.96,78,BID
2020-10-30 10:50:59,PFE,34.97,61,ASK
2020-10-30 10:50:57,PFE,34.96,79,BID
2020-10-30 10:50:59,PFE,34.97,39,ASK
2020-10-30 10:50:57,PFE,34.96,78,BID
2020-10-30 10:50:59,PFE,34.97,43,ASK
2020-10-30 10:50:57,PFE,34.96,80,BID
2020-10-30 10:50:59,PFE,34.97,29,ASK
2020-10-30 10:51:03,PFE,34.97,90,BID
2020-10-30 10:49:53,PFE,34.98,114,ASK
2020-10-30 10:51:03,PFE,34.97,69,BID
2020-10-30 10:49:53,PFE,34.98,100,ASK
2020-10-30 10:51:04,PFE,34.97,82,BID
2020-10-30 10:51:04,PFE,34.98,66,ASK
2020-10-30 10:51:05,PFE,34.97,48,BID
2020-10-30 10:51:04,PFE,34.98,64,ASK
2020-10-30 10:51:05,PFE,34.97,74,BID
2020-10-30 10:51:04,PFE,34.98,54,ASK
2020-10-30 10:50:57,PFE,34.96,67,BID
2020-10-30 10:51:06,PFE,34.97,96,ASK
2020-10-30 10:50:57,PFE,34.96,73,BID
2020-10-30 10:51:07,PFE,34.97,51,ASK
2020-10-30 10:50:57,PFE,34.96,62,BID
2020-10-30 10:51:10,PFE,34.97,58,ASK
2020-10-30 10:50:57,PFE,34.96,60,BID
2020-10-30 10:51:11,PFE,34.97,58,ASK
2020-10-30 10:50:57,PFE,34.96,71,BID
2020-10-30 10:51:12,PFE,34.97,50,ASK
2020-10-30 10:50:57,PFE,34.96,71,BID
2020-10-30 10:51:14,PFE,34.97,41,ASK
2020-10-30 10:50:57,PFE,34.96,75,BID
2020-10-30 10:51:15,PFE,34.97,25,ASK
2020-10-30 10:50:57,PFE,34.96,75,BID
2020-10-30 10:51:15,PFE,34.97,29,ASK
2020-10-30 10:50:57,PFE,34.96,83,BID
2020-10-30 10:51:15,PFE,34.97,23,ASK
2020-10-30 10:51:19,PFE,34.97,104,BID
2020-10-30 10:51:04,PFE,34.98,72,ASK
2020-10-30 10:51:19,PFE,34.97,138,BID
2020-10-30 10:51:19,PFE,34.98,67,ASK
2020-10-30 10:51:20,PFE,34.98,47,BID
2020-10-30 10:51:20,PFE,34.99,94,ASK
2020-10-30 10:51:20,PFE,34.99,79,BID
2020-10-30 10:49:32,PFE,35.0,84,ASK
2020-10-30 10:51:20,PFE,34.99,58,BID
