timestamp,ticker,price,volume,bid_ask
2020-10-30 10:31:24,PG,136.4,6,BID
2020-10-30 10:31:26,PG,136.44,5,ASK
2020-10-30 10:31:24,PG,136.4,6,BID
2020-10-30 10:31:26,PG,136.44,5,ASK
2020-10-30 10:31:28,PG,136.41,4,BID
2020-10-30 10:31:29,PG,136.46,1,ASK
2020-10-30 10:31:30,PG,136.42,2,BID
2020-10-30 10:31:30,PG,136.48,6,ASK
2020-10-30 10:31:30,PG,136.42,3,BID
2020-10-30 10:31:30,PG,136.48,6,ASK
2020-10-30 10:31:31,PG,136.44,3,BID
2020-10-30 10:31:31,PG,136.49,8,ASK
2020-10-30 10:31:32,PG,136.43,1,BID
2020-10-30 10:31:32,PG,136.46,3,ASK
2020-10-30 10:31:33,PG,136.42,4,BID
2020-10-30 10:31:33,PG,136.44,1,ASK
2020-10-30 10:31:33,PG,136.42,5,BID
2020-10-30 10:31:34,PG,136.45,2,ASK
2020-10-30 10:31:35,PG,136.43,2,BID
2020-10-30 10:31:35,PG,136.45,1,ASK
2020-10-30 10:31:37,PG,136.42,8,BID
2020-10-30 10:31:37,PG,136.45,3,ASK
2020-10-30 10:31:37,PG,136.42,7,BID
2020-10-30 10:31:37,PG,136.45,1,ASK
2020-10-30 10:31:39,PG,136.43,3,BID
2020-10-30 10:31:39,PG,136.45,1,ASK
2020-10-30 10:31:39,PG,136.43,3,BID
2020-10-30 10:31:40,PG,136.45,2,ASK
2020-10-30 10:31:40,PG,136.44,1,BID
2020-10-30 10:31:40,PG,136.45,1,ASK
2020-10-30 10:31:42,PG,136.44,4,BID
2020-10-30 10:31:42,PG,136.46,1,ASK
2020-10-30 10:31:43,PG,136.44,5,BID
2020-10-30 10:31:43,PG,136.46,1,ASK
2020-10-30 10:31:43,PG,136.44,7,BID
2020-10-30 10:31:44,PG,136.47,9,ASK
2020-10-30 10:31:44,PG,136.43,7,BID
2020-10-30 10:31:44,PG,136.47,9,ASK
2020-10-30 10:31:44,PG,136.43,7,BID
2020-10-30 10:31:44,PG,136.47,9,ASK
2020-10-30 10:31:46,PG,136.45,2,BID
2020-10-30 10:31:46,PG,136.47,9,ASK
2020-10-30 10:31:47,PG,136.42,9,BID
2020-10-30 10:31:47,PG,136.45,2,ASK
2020-10-30 10:31:48,PG,136.39,1,BID
2020-10-30 10:31:48,PG,136.43,3,ASK
2020-10-30 10:31:49,PG,136.42,2,BID
2020-10-30 10:31:49,PG,136.44,1,ASK
2020-10-30 10:31:50,PG,136.42,5,BID
2020-10-30 10:31:47,PG,136.45,4,ASK
2020-10-30 10:31:51,PG,136.43,4,BID
2020-10-30 10:31:47,PG,136.45,2,ASK
2020-10-30 10:31:52,PG,136.43,5,BID
2020-10-30 10:31:47,PG,136.45,2,ASK
2020-10-30 10:31:52,PG,136.43,5,BID
2020-10-30 10:31:47,PG,136.45,2,ASK
2020-10-30 10:31:54,PG,136.44,4,BID
2020-10-30 10:31:55,PG,136.47,7,ASK
2020-10-30 10:31:56,PG,136.45,2,BID
2020-10-30 10:31:56,PG,136.47,7,ASK
2020-10-30 10:31:57,PG,136.44,5,BID
2020-10-30 10:31:56,PG,136.46,2,ASK
2020-10-30 10:31:58,PG,136.44,6,BID
2020-10-30 10:31:56,PG,136.46,2,ASK
2020-10-30 10:31:59,PG,136.45,1,BID
2020-10-30 10:31:59,PG,136.47,7,ASK
2020-10-30 10:32:00,PG,136.45,1,BID
2020-10-30 10:32:00,PG,136.46,1,ASK
2020-10-30 10:32:00,PG,136.39,2,BID
2020-10-30 10:32:00,PG,136.42,1,ASK
2020-10-30 10:32:00,PG,136.39,1,BID
2020-10-30 10:32:00,PG,136.43,3,ASK
2020-10-30 10:32:00,PG,136.37,2,BID
2020-10-30 10:32:00,PG,136.41,2,ASK
2020-10-30 10:32:01,PG,136.35,7,BID
2020-10-30 10:32:01,PG,136.38,3,ASK
2020-10-30 10:32:01,PG,136.35,7,BID
2020-10-30 10:32:01,PG,136.38,3,ASK
2020-10-30 10:32:02,PG,136.34,3,BID
2020-10-30 10:32:02,PG,136.38,3,ASK
2020-10-30 10:32:03,PG,136.34,6,BID
2020-10-30 10:32:02,PG,136.38,4,ASK
2020-10-30 10:32:04,PG,136.34,6,BID
2020-10-30 10:32:02,PG,136.38,7,ASK
2020-10-30 10:32:04,PG,136.34,8,BID
2020-10-30 10:32:04,PG,136.38,3,ASK
2020-10-30 10:32:05,PG,136.36,1,BID
2020-10-30 10:32:05,PG,136.4,1,ASK
2020-10-30 10:32:06,PG,136.36,2,BID
2020-10-30 10:32:06,PG,136.4,2,ASK
2020-10-30 10:32:08,PG,136.36,1,BID
2020-10-30 10:32:08,PG,136.39,1,ASK
2020-10-30 10:32:09,PG,136.37,2,BID
2020-10-30 10:32:08,PG,136.4,4,ASK
2020-10-30 10:32:09,PG,136.35,2,BID
2020-10-30 10:32:09,PG,136.38,3,ASK
2020-10-30 10:32:10,PG,136.35,2,BID
2020-10-30 10:32:10,PG,136.38,3,ASK
2020-10-30 10:32:11,PG,136.35,2,BID
2020-10-30 10:32:11,PG,136.38,3,ASK
2020-10-30 10:32:12,PG,136.35,3,BID
2020-10-30 10:32:12,PG,136.39,2,ASK
2020-10-30 10:32:12,PG,136.36,1,BID
2020-10-30 10:32:12,PG,136.39,2,ASK
2020-10-30 10:32:13,PG,136.36,3,BID
2020-10-30 10:32:13,PG,136.39,2,ASK
2020-10-30 10:32:16,PG,136.36,2,BID
2020-10-30 10:32:16,PG,136.39,4,ASK
2020-10-30 10:32:17,PG,136.33,1,BID
2020-10-30 10:32:17,PG,136.38,5,ASK
2020-10-30 10:32:19,PG,136.31,3,BID
2020-10-30 10:32:19,PG,136.36,1,ASK
2020-10-30 10:31:06,PG,136.23,6,BID
2020-10-30 10:32:19,PG,136.29,5,ASK
2020-10-30 10:32:20,PG,136.23,6,BID
2020-10-30 10:32:19,PG,136.29,5,ASK
2020-10-30 10:32:20,PG,136.23,6,BID
2020-10-30 10:32:19,PG,136.29,5,ASK
2020-10-30 10:32:20,PG,136.23,6,BID
2020-10-30 10:32:19,PG,136.29,5,ASK
2020-10-30 10:32:20,PG,136.23,7,BID
2020-10-30 10:32:19,PG,136.29,5,ASK
2020-10-30 10:32:21,PG,136.24,1,BID
2020-10-30 10:32:19,PG,136.29,5,ASK
2020-10-30 10:32:23,PG,136.23,7,BID
2020-10-30 10:32:23,PG,136.28,4,ASK
2020-10-30 10:32:23,PG,136.23,7,BID
2020-10-30 10:32:23,PG,136.28,4,ASK
2020-10-30 10:32:23,PG,136.23,6,BID
2020-10-30 10:32:23,PG,136.28,4,ASK
2020-10-30 10:32:24,PG,136.17,5,BID
2020-10-30 10:32:24,PG,136.2,2,ASK
2020-10-30 10:32:24,PG,136.17,4,BID
2020-10-30 10:32:24,PG,136.22,4,ASK
2020-10-30 10:32:24,PG,136.17,4,BID
2020-10-30 10:32:24,PG,136.22,4,ASK
2020-10-30 10:32:24,PG,136.17,4,BID
2020-10-30 10:32:24,PG,136.22,4,ASK
2020-10-30 10:32:25,PG,136.18,1,BID
2020-10-30 10:32:25,PG,136.22,5,ASK
2020-10-30 10:32:26,PG,136.18,4,BID
2020-10-30 10:32:25,PG,136.22,5,ASK
2020-10-30 10:32:26,PG,136.13,2,BID
2020-10-30 10:32:26,PG,136.15,1,ASK
2020-10-30 10:32:27,PG,136.1,3,BID
2020-10-30 10:32:27,PG,136.15,1,ASK
2020-10-30 10:32:27,PG,136.13,4,BID
2020-10-30 10:32:27,PG,136.19,4,ASK
2020-10-30 10:32:27,PG,136.12,2,BID
2020-10-30 10:32:27,PG,136.18,5,ASK
2020-10-30 10:32:27,PG,136.14,2,BID
2020-10-30 10:32:27,PG,136.19,4,ASK
2020-10-30 10:32:28,PG,136.14,6,BID
2020-10-30 10:32:29,PG,136.2,1,ASK
2020-10-30 10:32:31,PG,136.15,3,BID
2020-10-30 10:32:31,PG,136.22,5,ASK
2020-10-30 10:32:31,PG,136.16,2,BID
2020-10-30 10:32:31,PG,136.22,3,ASK
2020-10-30 10:32:31,PG,136.16,2,BID
2020-10-30 10:32:31,PG,136.22,3,ASK
2020-10-30 10:32:31,PG,136.16,2,BID
2020-10-30 10:32:31,PG,136.22,3,ASK
2020-10-30 10:32:32,PG,136.16,4,BID
2020-10-30 10:32:32,PG,136.22,2,ASK
2020-10-30 10:32:32,PG,136.16,4,BID
2020-10-30 10:32:32,PG,136.22,2,ASK
2020-10-30 10:32:32,PG,136.16,4,BID
2020-10-30 10:32:34,PG,136.22,3,ASK
2020-10-30 10:32:32,PG,136.16,4,BID
2020-10-30 10:32:34,PG,136.22,3,ASK
2020-10-30 10:32:36,PG,136.16,3,BID
2020-10-30 10:32:36,PG,136.22,7,ASK
2020-10-30 10:32:37,PG,136.16,3,BID
2020-10-30 10:32:37,PG,136.22,9,ASK
2020-10-30 10:32:38,PG,136.16,4,BID
2020-10-30 10:32:38,PG,136.19,2,ASK
2020-10-30 10:32:38,PG,136.16,4,BID
2020-10-30 10:32:39,PG,136.21,2,ASK
2020-10-30 10:32:38,PG,136.16,5,BID
2020-10-30 10:32:39,PG,136.21,2,ASK
2020-10-30 10:32:38,PG,136.16,4,BID
2020-10-30 10:32:40,PG,136.21,3,ASK
2020-10-30 10:32:42,PG,136.16,4,BID
2020-10-30 10:32:42,PG,136.18,3,ASK
2020-10-30 10:32:42,PG,136.16,3,BID
2020-10-30 10:32:42,PG,136.18,1,ASK
2020-10-30 10:32:27,PG,136.12,3,BID
2020-10-30 10:32:44,PG,136.18,2,ASK
2020-10-30 10:32:27,PG,136.12,3,BID
2020-10-30 10:32:44,PG,136.18,2,ASK
2020-10-30 10:32:45,PG,136.13,2,BID
2020-10-30 10:32:45,PG,136.2,2,ASK
2020-10-30 10:32:45,PG,136.13,3,BID
2020-10-30 10:32:45,PG,136.2,3,ASK
2020-10-30 10:32:46,PG,136.13,3,BID
2020-10-30 10:32:45,PG,136.2,5,ASK
2020-10-30 10:32:48,PG,136.17,1,BID
2020-10-30 10:32:47,PG,136.23,4,ASK
2020-10-30 10:32:49,PG,136.17,2,BID
2020-10-30 10:32:49,PG,136.22,2,ASK
2020-10-30 10:32:50,PG,136.17,4,BID
2020-10-30 10:32:50,PG,136.22,2,ASK
2020-10-30 10:32:52,PG,136.17,5,BID
2020-10-30 10:32:52,PG,136.22,2,ASK
2020-10-30 10:32:52,PG,136.17,5,BID
2020-10-30 10:32:52,PG,136.22,2,ASK
2020-10-30 10:32:52,PG,136.17,5,BID
2020-10-30 10:32:52,PG,136.22,2,ASK
2020-10-30 10:32:57,PG,136.17,12,BID
2020-10-30 10:32:57,PG,136.22,2,ASK
2020-10-30 10:32:57,PG,136.17,12,BID
2020-10-30 10:32:57,PG,136.22,1,ASK
2020-10-30 10:32:58,PG,136.18,1,BID
2020-10-30 10:32:58,PG,136.22,1,ASK
2020-10-30 10:32:58,PG,136.18,2,BID
2020-10-30 10:32:58,PG,136.24,2,ASK
2020-10-30 10:32:58,PG,136.2,1,BID
2020-10-30 10:32:58,PG,136.25,6,ASK
2020-10-30 10:33:00,PG,136.2,1,BID
2020-10-30 10:33:00,PG,136.25,3,ASK
2020-10-30 10:33:01,PG,136.22,1,BID
2020-10-30 10:33:01,PG,136.28,5,ASK
2020-10-30 10:33:02,PG,136.24,2,BID
2020-10-30 10:33:02,PG,136.31,5,ASK
2020-10-30 10:33:02,PG,136.27,2,BID
2020-10-30 10:33:02,PG,136.33,3,ASK
2020-10-30 10:33:03,PG,136.27,2,BID
2020-10-30 10:33:03,PG,136.33,4,ASK
2020-10-30 10:33:04,PG,136.28,1,BID
2020-10-30 10:33:04,PG,136.33,3,ASK
2020-10-30 10:33:05,PG,136.28,1,BID
2020-10-30 10:33:05,PG,136.33,3,ASK
2020-10-30 10:33:07,PG,136.28,3,BID
2020-10-30 10:33:07,PG,136.33,3,ASK
2020-10-30 10:33:07,PG,136.28,3,BID
2020-10-30 10:33:07,PG,136.33,3,ASK
2020-10-30 10:33:07,PG,136.28,3,BID
2020-10-30 10:33:07,PG,136.33,3,ASK
2020-10-30 10:33:07,PG,136.28,3,BID
2020-10-30 10:33:07,PG,136.33,3,ASK
2020-10-30 10:33:07,PG,136.28,3,BID
2020-10-30 10:33:07,PG,136.33,3,ASK
2020-10-30 10:33:07,PG,136.28,3,BID
2020-10-30 10:33:07,PG,136.33,3,ASK
2020-10-30 10:33:12,PG,136.28,3,BID
2020-10-30 10:33:07,PG,136.33,4,ASK
2020-10-30 10:33:13,PG,136.28,3,BID
2020-10-30 10:33:07,PG,136.33,5,ASK
2020-10-30 10:33:15,PG,136.21,3,BID
2020-10-30 10:33:15,PG,136.27,1,ASK
2020-10-30 10:33:16,PG,136.22,2,BID
2020-10-30 10:33:16,PG,136.27,5,ASK
2020-10-30 10:33:17,PG,136.23,1,BID
2020-10-30 10:33:17,PG,136.27,5,ASK
2020-10-30 10:33:18,PG,136.22,5,BID
2020-10-30 10:33:18,PG,136.27,5,ASK
2020-10-30 10:33:18,PG,136.22,5,BID
2020-10-30 10:33:18,PG,136.26,1,ASK
2020-10-30 10:33:19,PG,136.22,5,BID
2020-10-30 10:33:19,PG,136.26,1,ASK
2020-10-30 10:33:20,PG,136.22,5,BID
2020-10-30 10:33:19,PG,136.27,6,ASK
2020-10-30 10:33:22,PG,136.23,3,BID
2020-10-30 10:33:22,PG,136.31,6,ASK
2020-10-30 10:33:22,PG,136.23,3,BID
2020-10-30 10:33:22,PG,136.31,5,ASK
2020-10-30 10:33:24,PG,136.24,5,BID
2020-10-30 10:33:24,PG,136.3,4,ASK
2020-10-30 10:33:25,PG,136.24,2,BID
2020-10-30 10:33:25,PG,136.29,4,ASK
2020-10-30 10:33:26,PG,136.24,6,BID
2020-10-30 10:33:26,PG,136.29,5,ASK
2020-10-30 10:33:28,PG,136.24,4,BID
2020-10-30 10:33:27,PG,136.29,5,ASK
2020-10-30 10:33:30,PG,136.25,1,BID
2020-10-30 10:33:30,PG,136.28,1,ASK
2020-10-30 10:33:31,PG,136.25,1,BID
2020-10-30 10:33:31,PG,136.31,9,ASK
2020-10-30 10:33:32,PG,136.26,2,BID
2020-10-30 10:33:32,PG,136.31,8,ASK
2020-10-30 10:33:33,PG,136.26,2,BID
2020-10-30 10:33:33,PG,136.31,8,ASK
2020-10-30 10:33:33,PG,136.27,2,BID
2020-10-30 10:33:33,PG,136.31,8,ASK
2020-10-30 10:33:34,PG,136.31,2,BID
2020-10-30 10:33:34,PG,136.35,2,ASK
2020-10-30 10:33:35,PG,136.31,2,BID
2020-10-30 10:33:35,PG,136.34,1,ASK
2020-10-30 10:33:35,PG,136.31,2,BID
2020-10-30 10:33:35,PG,136.34,1,ASK
2020-10-30 10:33:36,PG,136.31,2,BID
2020-10-30 10:33:36,PG,136.34,2,ASK
2020-10-30 10:33:37,PG,136.31,3,BID
2020-10-30 10:33:37,PG,136.34,1,ASK
2020-10-30 10:33:38,PG,136.31,3,BID
2020-10-30 10:33:38,PG,136.34,2,ASK
2020-10-30 10:33:39,PG,136.31,2,BID
2020-10-30 10:33:39,PG,136.35,1,ASK
2020-10-30 10:33:40,PG,136.33,1,BID
2020-10-30 10:33:40,PG,136.37,2,ASK
2020-10-30 10:33:42,PG,136.32,2,BID
2020-10-30 10:33:42,PG,136.36,1,ASK
2020-10-30 10:33:43,PG,136.31,1,BID
2020-10-30 10:33:43,PG,136.35,3,ASK
2020-10-30 10:33:43,PG,136.31,1,BID
2020-10-30 10:33:43,PG,136.35,3,ASK
2020-10-30 10:33:43,PG,136.31,1,BID
2020-10-30 10:33:43,PG,136.35,3,ASK
2020-10-30 10:33:45,PG,136.31,1,BID
2020-10-30 10:33:43,PG,136.35,3,ASK
2020-10-30 10:33:46,PG,136.31,4,BID
2020-10-30 10:33:46,PG,136.37,3,ASK
2020-10-30 10:33:47,PG,136.31,4,BID
2020-10-30 10:33:47,PG,136.36,4,ASK
2020-10-30 10:33:48,PG,136.31,5,BID
2020-10-30 10:33:47,PG,136.37,3,ASK
2020-10-30 10:33:48,PG,136.32,1,BID
2020-10-30 10:33:48,PG,136.37,3,ASK
2020-10-30 10:33:48,PG,136.32,1,BID
2020-10-30 10:33:48,PG,136.37,3,ASK
2020-10-30 10:33:49,PG,136.33,2,BID
2020-10-30 10:32:12,PG,136.39,2,ASK
2020-10-30 10:33:49,PG,136.32,2,BID
2020-10-30 10:33:50,PG,136.38,3,ASK
2020-10-30 10:33:52,PG,136.35,1,BID
2020-10-30 10:33:52,PG,136.38,2,ASK
2020-10-30 10:33:52,PG,136.35,1,BID
2020-10-30 10:33:52,PG,136.38,1,ASK
2020-10-30 10:33:53,PG,136.35,2,BID
2020-10-30 10:33:53,PG,136.39,3,ASK
2020-10-30 10:33:55,PG,136.36,2,BID
2020-10-30 10:32:08,PG,136.4,4,ASK
2020-10-30 10:33:57,PG,136.36,3,BID
2020-10-30 10:32:08,PG,136.4,5,ASK
2020-10-30 10:33:58,PG,136.36,3,BID
2020-10-30 10:33:59,PG,136.4,1,ASK
2020-10-30 10:34:00,PG,136.36,4,BID
2020-10-30 10:34:00,PG,136.41,4,ASK
2020-10-30 10:34:00,PG,136.38,1,BID
2020-10-30 10:34:00,PG,136.42,2,ASK
2020-10-30 10:34:00,PG,136.36,4,BID
2020-10-30 10:34:01,PG,136.41,1,ASK
2020-10-30 10:34:00,PG,136.36,5,BID
2020-10-30 10:34:02,PG,136.42,3,ASK
2020-10-30 10:34:00,PG,136.36,4,BID
2020-10-30 10:34:02,PG,136.42,4,ASK
2020-10-30 10:34:00,PG,136.36,4,BID
2020-10-30 10:34:02,PG,136.42,3,ASK
2020-10-30 10:34:00,PG,136.36,5,BID
2020-10-30 10:34:03,PG,136.42,3,ASK
2020-10-30 10:34:05,PG,136.36,4,BID
2020-10-30 10:34:05,PG,136.4,2,ASK
2020-10-30 10:34:05,PG,136.36,4,BID
2020-10-30 10:34:03,PG,136.42,3,ASK
2020-10-30 10:34:07,PG,136.36,5,BID
2020-10-30 10:34:07,PG,136.42,3,ASK
2020-10-30 10:34:08,PG,136.35,3,BID
2020-10-30 10:34:08,PG,136.4,5,ASK
2020-10-30 10:34:08,PG,136.35,3,BID
2020-10-30 10:34:08,PG,136.4,5,ASK
2020-10-30 10:34:09,PG,136.29,3,BID
2020-10-30 10:34:09,PG,136.34,1,ASK
2020-10-30 10:34:09,PG,136.29,4,BID
2020-10-30 10:34:10,PG,136.34,4,ASK
2020-10-30 10:34:09,PG,136.29,5,BID
2020-10-30 10:34:10,PG,136.35,1,ASK
2020-10-30 10:34:09,PG,136.29,5,BID
2020-10-30 10:34:11,PG,136.36,3,ASK
2020-10-30 10:34:12,PG,136.31,1,BID
2020-10-30 10:34:12,PG,136.36,1,ASK
2020-10-30 10:34:12,PG,136.29,4,BID
2020-10-30 10:34:13,PG,136.34,1,ASK
2020-10-30 10:34:12,PG,136.29,3,BID
2020-10-30 10:34:14,PG,136.34,4,ASK
2020-10-30 10:34:14,PG,136.31,2,BID
2020-10-30 10:34:14,PG,136.36,1,ASK
2020-10-30 10:34:12,PG,136.29,4,BID
2020-10-30 10:34:14,PG,136.34,2,ASK
2020-10-30 10:34:12,PG,136.29,4,BID
2020-10-30 10:34:15,PG,136.34,2,ASK
2020-10-30 10:34:12,PG,136.29,4,BID
2020-10-30 10:34:16,PG,136.34,2,ASK
2020-10-30 10:34:17,PG,136.29,5,BID
2020-10-30 10:34:17,PG,136.34,2,ASK
2020-10-30 10:34:19,PG,136.29,5,BID
2020-10-30 10:34:19,PG,136.34,3,ASK
2020-10-30 10:34:20,PG,136.29,5,BID
2020-10-30 10:34:20,PG,136.33,2,ASK
2020-10-30 10:34:21,PG,136.29,5,BID
2020-10-30 10:34:21,PG,136.33,3,ASK
2020-10-30 10:34:23,PG,136.29,5,BID
2020-10-30 10:34:23,PG,136.33,3,ASK
2020-10-30 10:34:23,PG,136.29,5,BID
2020-10-30 10:34:23,PG,136.33,3,ASK
2020-10-30 10:34:24,PG,136.29,4,BID
2020-10-30 10:34:24,PG,136.33,2,ASK
2020-10-30 10:34:25,PG,136.29,4,BID
2020-10-30 10:34:25,PG,136.33,4,ASK
2020-10-30 10:34:26,PG,136.31,1,BID
2020-10-30 10:34:26,PG,136.35,2,ASK
2020-10-30 10:34:27,PG,136.31,1,BID
2020-10-30 10:34:27,PG,136.34,1,ASK
2020-10-30 10:34:27,PG,136.31,1,BID
2020-10-30 10:34:27,PG,136.34,1,ASK
2020-10-30 10:34:31,PG,136.31,3,BID
2020-10-30 10:34:31,PG,136.35,2,ASK
2020-10-30 10:34:32,PG,136.31,2,BID
2020-10-30 10:34:32,PG,136.35,4,ASK
2020-10-30 10:34:33,PG,136.31,2,BID
2020-10-30 10:34:32,PG,136.35,3,ASK
2020-10-30 10:34:35,PG,136.31,2,BID
2020-10-30 10:34:32,PG,136.35,4,ASK
2020-10-30 10:34:36,PG,136.31,2,BID
2020-10-30 10:34:36,PG,136.35,4,ASK
2020-10-30 10:34:37,PG,136.31,4,BID
2020-10-30 10:34:36,PG,136.35,4,ASK
2020-10-30 10:34:39,PG,136.31,3,BID
2020-10-30 10:34:36,PG,136.35,4,ASK
2020-10-30 10:34:40,PG,136.31,4,BID
2020-10-30 10:34:36,PG,136.35,3,ASK
2020-10-30 10:34:42,PG,136.32,2,BID
2020-10-30 10:34:42,PG,136.38,2,ASK
2020-10-30 10:34:44,PG,136.35,4,BID
2020-10-30 10:34:08,PG,136.4,4,ASK
2020-10-30 10:34:45,PG,136.36,2,BID
2020-10-30 10:34:45,PG,136.42,10,ASK
2020-10-30 10:34:46,PG,136.37,4,BID
2020-10-30 10:34:45,PG,136.42,6,ASK
2020-10-30 10:34:48,PG,136.37,4,BID
2020-10-30 10:34:45,PG,136.42,6,ASK
2020-10-30 10:34:50,PG,136.37,6,BID
2020-10-30 10:34:50,PG,136.44,6,ASK
2020-10-30 10:34:50,PG,136.4,3,BID
2020-10-30 10:34:50,PG,136.45,3,ASK
2020-10-30 10:34:50,PG,136.4,3,BID
2020-10-30 10:34:51,PG,136.43,1,ASK
2020-10-30 10:34:51,PG,136.39,3,BID
2020-10-30 10:34:51,PG,136.42,1,ASK
2020-10-30 10:34:51,PG,136.4,1,BID
2020-10-30 10:34:51,PG,136.44,2,ASK
2020-10-30 10:34:52,PG,136.4,1,BID
2020-10-30 10:34:52,PG,136.43,1,ASK
2020-10-30 10:34:52,PG,136.4,2,BID
2020-10-30 10:34:52,PG,136.43,1,ASK
2020-10-30 10:34:52,PG,136.4,2,BID
2020-10-30 10:34:52,PG,136.43,1,ASK
2020-10-30 10:34:53,PG,136.39,6,BID
2020-10-30 10:34:53,PG,136.43,2,ASK
2020-10-30 10:34:53,PG,136.38,4,BID
2020-10-30 10:34:53,PG,136.42,4,ASK
2020-10-30 10:34:53,PG,136.38,4,BID
2020-10-30 10:34:53,PG,136.41,3,ASK
2020-10-30 10:34:53,PG,136.38,4,BID
2020-10-30 10:34:53,PG,136.41,3,ASK
2020-10-30 10:34:54,PG,136.36,5,BID
2020-10-30 10:34:54,PG,136.4,6,ASK
2020-10-30 10:34:55,PG,136.31,2,BID
2020-10-30 10:34:55,PG,136.37,4,ASK
2020-10-30 10:34:58,PG,136.33,2,BID
2020-10-30 10:34:58,PG,136.37,4,ASK
2020-10-30 10:35:00,PG,136.3,4,BID
2020-10-30 10:35:00,PG,136.36,5,ASK
2020-10-30 10:35:03,PG,136.31,2,BID
2020-10-30 10:35:03,PG,136.34,1,ASK
2020-10-30 10:35:03,PG,136.31,2,BID
2020-10-30 10:35:03,PG,136.34,1,ASK
2020-10-30 10:35:05,PG,136.31,4,BID
2020-10-30 10:35:05,PG,136.36,2,ASK
2020-10-30 10:35:05,PG,136.31,4,BID
2020-10-30 10:35:05,PG,136.36,2,ASK
2020-10-30 10:35:05,PG,136.31,4,BID
2020-10-30 10:35:05,PG,136.35,1,ASK
2020-10-30 10:35:05,PG,136.31,4,BID
2020-10-30 10:35:05,PG,136.33,1,ASK
2020-10-30 10:35:00,PG,136.3,5,BID
2020-10-30 10:35:05,PG,136.34,4,ASK
2020-10-30 10:35:00,PG,136.3,5,BID
2020-10-30 10:35:05,PG,136.34,4,ASK
2020-10-30 10:35:00,PG,136.3,5,BID
2020-10-30 10:35:05,PG,136.34,4,ASK
2020-10-30 10:35:00,PG,136.3,5,BID
2020-10-30 10:35:05,PG,136.34,4,ASK
2020-10-30 10:35:00,PG,136.3,5,BID
2020-10-30 10:35:05,PG,136.34,4,ASK
2020-10-30 10:35:00,PG,136.3,5,BID
2020-10-30 10:35:05,PG,136.34,4,ASK
2020-10-30 10:35:00,PG,136.3,5,BID
2020-10-30 10:35:05,PG,136.34,4,ASK
2020-10-30 10:35:00,PG,136.3,5,BID
2020-10-30 10:35:05,PG,136.34,4,ASK
2020-10-30 10:35:00,PG,136.3,5,BID
2020-10-30 10:35:05,PG,136.34,4,ASK
2020-10-30 10:35:06,PG,136.3,6,BID
2020-10-30 10:35:06,PG,136.34,3,ASK
2020-10-30 10:35:07,PG,136.3,6,BID
2020-10-30 10:35:08,PG,136.36,3,ASK
2020-10-30 10:35:08,PG,136.3,7,BID
2020-10-30 10:35:08,PG,136.35,2,ASK
2020-10-30 10:35:08,PG,136.3,7,BID
2020-10-30 10:35:08,PG,136.35,2,ASK
2020-10-30 10:35:08,PG,136.3,7,BID
2020-10-30 10:35:08,PG,136.35,2,ASK
2020-10-30 10:35:08,PG,136.3,7,BID
2020-10-30 10:35:08,PG,136.35,2,ASK
2020-10-30 10:35:09,PG,136.31,1,BID
2020-10-30 10:35:09,PG,136.35,3,ASK
2020-10-30 10:35:11,PG,136.32,2,BID
2020-10-30 10:35:09,PG,136.35,3,ASK
2020-10-30 10:35:12,PG,136.32,3,BID
2020-10-30 10:35:12,PG,136.39,2,ASK
2020-10-30 10:35:16,PG,136.37,4,BID
2020-10-30 10:34:54,PG,136.4,4,ASK
2020-10-30 10:35:18,PG,136.37,4,BID
2020-10-30 10:35:18,PG,136.39,1,ASK
2020-10-30 10:35:20,PG,136.36,4,BID
2020-10-30 10:35:20,PG,136.38,1,ASK
2020-10-30 10:35:20,PG,136.33,2,BID
2020-10-30 10:35:20,PG,136.38,5,ASK
2020-10-30 10:35:20,PG,136.33,2,BID
2020-10-30 10:35:20,PG,136.38,5,ASK
2020-10-30 10:35:21,PG,136.33,3,BID
2020-10-30 10:35:21,PG,136.38,3,ASK
2020-10-30 10:35:08,PG,136.3,7,BID
2020-10-30 10:35:21,PG,136.35,2,ASK
2020-10-30 10:35:21,PG,136.27,2,BID
2020-10-30 10:35:21,PG,136.32,4,ASK
2020-10-30 10:35:22,PG,136.27,2,BID
2020-10-30 10:35:21,PG,136.32,5,ASK
2020-10-30 10:35:22,PG,136.27,3,BID
2020-10-30 10:35:21,PG,136.32,5,ASK
2020-10-30 10:35:22,PG,136.27,4,BID
2020-10-30 10:35:21,PG,136.32,4,ASK
2020-10-30 10:35:22,PG,136.27,4,BID
2020-10-30 10:35:21,PG,136.32,4,ASK
2020-10-30 10:35:22,PG,136.27,4,BID
2020-10-30 10:35:21,PG,136.32,4,ASK
2020-10-30 10:35:24,PG,136.27,4,BID
2020-10-30 10:35:24,PG,136.31,1,ASK
2020-10-30 10:35:24,PG,136.27,4,BID
2020-10-30 10:35:25,PG,136.31,3,ASK
2020-10-30 10:35:24,PG,136.27,5,BID
2020-10-30 10:35:26,PG,136.33,1,ASK
2020-10-30 10:35:24,PG,136.27,5,BID
2020-10-30 10:35:27,PG,136.33,2,ASK
2020-10-30 10:33:31,PG,136.25,6,BID
2020-10-30 10:35:27,PG,136.29,2,ASK
2020-10-30 10:33:31,PG,136.25,6,BID
2020-10-30 10:35:28,PG,136.27,1,ASK
2020-10-30 10:35:29,PG,136.23,1,BID
2020-10-30 10:35:29,PG,136.28,6,ASK
2020-10-30 10:35:29,PG,136.23,1,BID
2020-10-30 10:35:29,PG,136.27,2,ASK
2020-10-30 10:32:58,PG,136.19,2,BID
2020-10-30 10:35:30,PG,136.26,4,ASK
2020-10-30 10:32:47,PG,136.16,3,BID
2020-10-30 10:35:30,PG,136.21,3,ASK
2020-10-30 10:35:31,PG,136.17,2,BID
2020-10-30 10:35:31,PG,136.22,2,ASK
2020-10-30 10:35:32,PG,136.16,4,BID
2020-10-30 10:35:32,PG,136.22,5,ASK
2020-10-30 10:35:32,PG,136.19,3,BID
2020-10-30 10:35:32,PG,136.25,5,ASK
2020-10-30 10:35:32,PG,136.19,3,BID
2020-10-30 10:35:32,PG,136.25,5,ASK
2020-10-30 10:35:33,PG,136.2,2,BID
2020-10-30 10:35:30,PG,136.26,8,ASK
2020-10-30 10:35:34,PG,136.19,2,BID
2020-10-30 10:35:35,PG,136.25,4,ASK
2020-10-30 10:35:36,PG,136.19,2,BID
2020-10-30 10:35:35,PG,136.25,5,ASK
2020-10-30 10:35:37,PG,136.19,4,BID
2020-10-30 10:35:33,PG,136.27,7,ASK
2020-10-30 10:35:39,PG,136.2,2,BID
2020-10-30 10:35:33,PG,136.27,9,ASK
2020-10-30 10:35:39,PG,136.2,2,BID
2020-10-30 10:35:33,PG,136.27,9,ASK
2020-10-30 10:35:39,PG,136.2,2,BID
2020-10-30 10:35:33,PG,136.27,9,ASK
2020-10-30 10:35:42,PG,136.2,2,BID
2020-10-30 10:35:33,PG,136.27,8,ASK
2020-10-30 10:35:43,PG,136.22,2,BID
2020-10-30 10:35:33,PG,136.27,8,ASK
2020-10-30 10:35:44,PG,136.26,1,BID
2020-10-30 10:35:44,PG,136.3,4,ASK
2020-10-30 10:35:44,PG,136.29,1,BID
2020-10-30 10:35:44,PG,136.34,4,ASK
2020-10-30 10:35:44,PG,136.29,1,BID
2020-10-30 10:35:44,PG,136.34,4,ASK
2020-10-30 10:35:45,PG,136.25,1,BID
2020-10-30 10:35:45,PG,136.31,2,ASK
2020-10-30 10:35:45,PG,136.25,1,BID
2020-10-30 10:35:45,PG,136.31,4,ASK
2020-10-30 10:35:45,PG,136.25,1,BID
2020-10-30 10:35:45,PG,136.31,4,ASK
2020-10-30 10:35:47,PG,136.24,1,BID
2020-10-30 10:35:47,PG,136.3,3,ASK
2020-10-30 10:35:47,PG,136.24,1,BID
2020-10-30 10:35:47,PG,136.3,2,ASK
2020-10-30 10:35:49,PG,136.31,1,BID
2020-10-30 10:35:49,PG,136.35,8,ASK
2020-10-30 10:35:51,PG,136.31,2,BID
2020-10-30 10:35:51,PG,136.36,4,ASK
2020-10-30 10:35:51,PG,136.29,1,BID
2020-10-30 10:35:51,PG,136.35,2,ASK
2020-10-30 10:35:52,PG,136.28,3,BID
2020-10-30 10:35:52,PG,136.34,4,ASK
2020-10-30 10:35:53,PG,136.28,2,BID
2020-10-30 10:35:53,PG,136.33,6,ASK
2020-10-30 10:35:55,PG,136.3,2,BID
2020-10-30 10:35:55,PG,136.35,2,ASK
2020-10-30 10:35:55,PG,136.3,2,BID
2020-10-30 10:35:55,PG,136.35,3,ASK
2020-10-30 10:35:57,PG,136.3,2,BID
2020-10-30 10:35:56,PG,136.35,3,ASK
2020-10-30 10:35:57,PG,136.31,2,BID
2020-10-30 10:35:56,PG,136.35,3,ASK
2020-10-30 10:35:57,PG,136.31,2,BID
2020-10-30 10:35:56,PG,136.35,3,ASK
2020-10-30 10:35:57,PG,136.31,2,BID
2020-10-30 10:35:56,PG,136.35,3,ASK
2020-10-30 10:35:57,PG,136.31,2,BID
2020-10-30 10:35:56,PG,136.35,3,ASK
2020-10-30 10:35:57,PG,136.31,2,BID
2020-10-30 10:35:56,PG,136.35,3,ASK
2020-10-30 10:35:58,PG,136.34,1,BID
2020-10-30 10:35:58,PG,136.37,3,ASK
2020-10-30 10:36:01,PG,136.29,3,BID
2020-10-30 10:36:01,PG,136.35,5,ASK
2020-10-30 10:36:02,PG,136.26,3,BID
2020-10-30 10:36:02,PG,136.33,4,ASK
2020-10-30 10:36:02,PG,136.26,3,BID
2020-10-30 10:36:03,PG,136.33,5,ASK
2020-10-30 10:36:04,PG,136.28,2,BID
2020-10-30 10:36:04,PG,136.33,4,ASK
2020-10-30 10:36:05,PG,136.29,4,BID
2020-10-30 10:36:05,PG,136.34,1,ASK
2020-10-30 10:36:05,PG,136.27,3,BID
2020-10-30 10:36:05,PG,136.33,4,ASK
2020-10-30 10:36:06,PG,136.29,2,BID
2020-10-30 10:36:05,PG,136.33,4,ASK
2020-10-30 10:36:06,PG,136.29,2,BID
2020-10-30 10:36:05,PG,136.33,4,ASK
2020-10-30 10:36:06,PG,136.29,2,BID
2020-10-30 10:36:05,PG,136.33,4,ASK
2020-10-30 10:36:06,PG,136.29,2,BID
2020-10-30 10:36:05,PG,136.33,4,ASK
2020-10-30 10:36:06,PG,136.29,2,BID
2020-10-30 10:36:05,PG,136.33,4,ASK
2020-10-30 10:36:14,PG,136.29,5,BID
2020-10-30 10:36:13,PG,136.33,8,ASK
2020-10-30 10:36:05,PG,136.27,2,BID
2020-10-30 10:36:14,PG,136.31,1,ASK
2020-10-30 10:36:15,PG,136.25,2,BID
2020-10-30 10:36:15,PG,136.29,2,ASK
2020-10-30 10:36:15,PG,136.24,1,BID
2020-10-30 10:36:15,PG,136.29,3,ASK
2020-10-30 10:36:17,PG,136.22,2,BID
2020-10-30 10:36:17,PG,136.27,1,ASK
2020-10-30 10:36:17,PG,136.26,1,BID
2020-10-30 10:36:17,PG,136.31,2,ASK
2020-10-30 10:36:18,PG,136.25,2,BID
2020-10-30 10:36:18,PG,136.31,2,ASK
2020-10-30 10:36:18,PG,136.25,2,BID
2020-10-30 10:36:18,PG,136.31,2,ASK
2020-10-30 10:36:20,PG,136.22,4,BID
2020-10-30 10:36:20,PG,136.29,3,ASK
2020-10-30 10:36:20,PG,136.22,3,BID
2020-10-30 10:36:20,PG,136.29,4,ASK
2020-10-30 10:36:21,PG,136.22,3,BID
2020-10-30 10:36:21,PG,136.29,6,ASK
2020-10-30 10:36:22,PG,136.22,3,BID
2020-10-30 10:36:22,PG,136.27,6,ASK
2020-10-30 10:36:22,PG,136.22,3,BID
2020-10-30 10:36:22,PG,136.27,6,ASK
2020-10-30 10:36:23,PG,136.22,3,BID
2020-10-30 10:36:23,PG,136.27,6,ASK
2020-10-30 10:36:24,PG,136.22,3,BID
2020-10-30 10:36:24,PG,136.27,1,ASK
2020-10-30 10:36:24,PG,136.22,3,BID
2020-10-30 10:36:24,PG,136.27,1,ASK
2020-10-30 10:36:26,PG,136.27,2,BID
2020-10-30 10:36:26,PG,136.31,1,ASK
2020-10-30 10:36:27,PG,136.27,2,BID
2020-10-30 10:36:26,PG,136.31,3,ASK
2020-10-30 10:36:27,PG,136.27,2,BID
2020-10-30 10:36:26,PG,136.31,3,ASK
2020-10-30 10:36:28,PG,136.27,3,BID
2020-10-30 10:36:28,PG,136.34,4,ASK
2020-10-30 10:36:29,PG,136.28,2,BID
2020-10-30 10:36:29,PG,136.34,7,ASK
2020-10-30 10:36:30,PG,136.28,2,BID
2020-10-30 10:36:30,PG,136.33,1,ASK
2020-10-30 10:36:31,PG,136.27,3,BID
2020-10-30 10:36:31,PG,136.33,4,ASK
2020-10-30 10:36:31,PG,136.26,1,BID
2020-10-30 10:36:31,PG,136.31,3,ASK
2020-10-30 10:36:31,PG,136.25,2,BID
2020-10-30 10:36:31,PG,136.31,3,ASK
2020-10-30 10:36:32,PG,136.26,2,BID
2020-10-30 10:36:32,PG,136.33,5,ASK
2020-10-30 10:36:33,PG,136.27,2,BID
2020-10-30 10:36:33,PG,136.33,5,ASK
2020-10-30 10:36:35,PG,136.27,2,BID
2020-10-30 10:36:35,PG,136.33,7,ASK
2020-10-30 10:36:36,PG,136.29,2,BID
2020-10-30 10:36:36,PG,136.33,7,ASK
2020-10-30 10:36:36,PG,136.29,3,BID
2020-10-30 10:36:36,PG,136.33,7,ASK
2020-10-30 10:36:36,PG,136.29,3,BID
2020-10-30 10:36:36,PG,136.33,7,ASK
2020-10-30 10:36:36,PG,136.29,3,BID
2020-10-30 10:36:36,PG,136.33,7,ASK
2020-10-30 10:36:40,PG,136.29,3,BID
2020-10-30 10:36:36,PG,136.33,7,ASK
2020-10-30 10:36:40,PG,136.29,3,BID
2020-10-30 10:36:36,PG,136.33,7,ASK
2020-10-30 10:36:41,PG,136.29,3,BID
2020-10-30 10:36:36,PG,136.33,7,ASK
2020-10-30 10:36:44,PG,136.29,3,BID
2020-10-30 10:36:44,PG,136.32,3,ASK
2020-10-30 10:36:44,PG,136.29,3,BID
2020-10-30 10:36:44,PG,136.32,4,ASK
2020-10-30 10:36:45,PG,136.26,6,BID
2020-10-30 10:36:44,PG,136.32,4,ASK
2020-10-30 10:36:46,PG,136.26,4,BID
2020-10-30 10:36:46,PG,136.31,3,ASK
2020-10-30 10:36:46,PG,136.26,4,BID
2020-10-30 10:36:46,PG,136.31,3,ASK
2020-10-30 10:36:46,PG,136.26,4,BID
2020-10-30 10:36:46,PG,136.31,3,ASK
2020-10-30 10:36:46,PG,136.26,4,BID
2020-10-30 10:36:46,PG,136.31,3,ASK
2020-10-30 10:36:46,PG,136.26,4,BID
2020-10-30 10:36:46,PG,136.31,3,ASK
2020-10-30 10:36:46,PG,136.26,4,BID
2020-10-30 10:36:46,PG,136.31,3,ASK
2020-10-30 10:36:46,PG,136.26,4,BID
2020-10-30 10:36:46,PG,136.31,3,ASK
2020-10-30 10:36:51,PG,136.26,5,BID
2020-10-30 10:36:51,PG,136.32,5,ASK
2020-10-30 10:36:52,PG,136.27,3,BID
2020-10-30 10:36:52,PG,136.32,6,ASK
2020-10-30 10:36:53,PG,136.27,3,BID
2020-10-30 10:36:53,PG,136.32,6,ASK
2020-10-30 10:36:53,PG,136.27,3,BID
2020-10-30 10:36:53,PG,136.32,8,ASK
2020-10-30 10:36:54,PG,136.27,3,BID
2020-10-30 10:36:54,PG,136.32,8,ASK
2020-10-30 10:36:55,PG,136.29,1,BID
2020-10-30 10:36:55,PG,136.32,8,ASK
2020-10-30 10:36:55,PG,136.29,1,BID
2020-10-30 10:36:55,PG,136.32,8,ASK
2020-10-30 10:36:55,PG,136.29,1,BID
2020-10-30 10:36:55,PG,136.32,8,ASK
2020-10-30 10:36:56,PG,136.27,2,BID
2020-10-30 10:36:56,PG,136.31,1,ASK
2020-10-30 10:36:57,PG,136.27,3,BID
2020-10-30 10:36:57,PG,136.31,1,ASK
2020-10-30 10:36:59,PG,136.27,3,BID
2020-10-30 10:36:59,PG,136.31,5,ASK
2020-10-30 10:36:52,PG,136.26,6,BID
2020-10-30 10:37:00,PG,136.29,1,ASK
2020-10-30 10:36:52,PG,136.26,6,BID
2020-10-30 10:36:59,PG,136.31,4,ASK
2020-10-30 10:36:52,PG,136.26,6,BID
2020-10-30 10:36:59,PG,136.31,4,ASK
2020-10-30 10:36:52,PG,136.26,6,BID
2020-10-30 10:36:59,PG,136.31,4,ASK
2020-10-30 10:37:03,PG,136.27,1,BID
2020-10-30 10:37:03,PG,136.31,2,ASK
2020-10-30 10:36:52,PG,136.26,5,BID
2020-10-30 10:37:04,PG,136.3,1,ASK
2020-10-30 10:36:52,PG,136.26,5,BID
2020-10-30 10:37:04,PG,136.3,1,ASK
2020-10-30 10:37:05,PG,136.26,1,BID
2020-10-30 10:37:05,PG,136.31,4,ASK
2020-10-30 10:37:06,PG,136.26,1,BID
2020-10-30 10:37:06,PG,136.3,2,ASK
2020-10-30 10:37:06,PG,136.26,1,BID
2020-10-30 10:37:06,PG,136.3,2,ASK
2020-10-30 10:37:06,PG,136.26,1,BID
2020-10-30 10:37:06,PG,136.3,2,ASK
2020-10-30 10:37:09,PG,136.26,1,BID
2020-10-30 10:37:09,PG,136.3,3,ASK
2020-10-30 10:37:10,PG,136.26,1,BID
2020-10-30 10:37:10,PG,136.3,3,ASK
2020-10-30 10:37:11,PG,136.26,1,BID
2020-10-30 10:37:11,PG,136.29,4,ASK
2020-10-30 10:37:12,PG,136.26,1,BID
2020-10-30 10:37:11,PG,136.29,3,ASK
2020-10-30 10:37:13,PG,136.26,1,BID
2020-10-30 10:37:13,PG,136.29,3,ASK
2020-10-30 10:37:13,PG,136.26,1,BID
2020-10-30 10:37:13,PG,136.29,3,ASK
2020-10-30 10:37:13,PG,136.26,1,BID
2020-10-30 10:37:13,PG,136.29,3,ASK
2020-10-30 10:37:15,PG,136.26,1,BID
2020-10-30 10:37:15,PG,136.29,3,ASK
2020-10-30 10:37:16,PG,136.27,4,BID
2020-10-30 10:37:05,PG,136.31,3,ASK
2020-10-30 10:37:16,PG,136.27,4,BID
2020-10-30 10:37:05,PG,136.31,3,ASK
2020-10-30 10:37:16,PG,136.27,4,BID
2020-10-30 10:37:18,PG,136.31,3,ASK
2020-10-30 10:37:16,PG,136.27,4,BID
2020-10-30 10:37:18,PG,136.31,3,ASK
2020-10-30 10:37:16,PG,136.27,4,BID
2020-10-30 10:37:21,PG,136.3,3,ASK
2020-10-30 10:37:16,PG,136.27,4,BID
2020-10-30 10:37:22,PG,136.31,2,ASK
2020-10-30 10:37:16,PG,136.27,5,BID
2020-10-30 10:37:22,PG,136.34,2,ASK
2020-10-30 10:37:23,PG,136.3,2,BID
2020-10-30 10:37:23,PG,136.34,2,ASK
2020-10-30 10:37:22,PG,136.29,3,BID
2020-10-30 10:37:22,PG,136.35,4,ASK
2020-10-30 10:37:24,PG,136.3,2,BID
2020-10-30 10:37:22,PG,136.35,6,ASK
2020-10-30 10:37:25,PG,136.3,2,BID
2020-10-30 10:37:25,PG,136.34,2,ASK
2020-10-30 10:37:26,PG,136.3,2,BID
2020-10-30 10:37:26,PG,136.34,3,ASK
2020-10-30 10:37:26,PG,136.3,2,BID
2020-10-30 10:37:26,PG,136.34,3,ASK
2020-10-30 10:37:26,PG,136.3,2,BID
2020-10-30 10:37:26,PG,136.34,3,ASK
2020-10-30 10:37:30,PG,136.3,3,BID
2020-10-30 10:37:30,PG,136.36,1,ASK
2020-10-30 10:37:30,PG,136.3,4,BID
2020-10-30 10:35:21,PG,136.37,7,ASK
2020-10-30 10:37:31,PG,136.3,5,BID
2020-10-30 10:35:21,PG,136.37,7,ASK
2020-10-30 10:37:31,PG,136.3,5,BID
2020-10-30 10:35:21,PG,136.37,7,ASK
2020-10-30 10:37:31,PG,136.3,5,BID
2020-10-30 10:35:21,PG,136.37,5,ASK
2020-10-30 10:37:33,PG,136.31,1,BID
2020-10-30 10:35:21,PG,136.37,5,ASK
2020-10-30 10:37:34,PG,136.33,1,BID
2020-10-30 10:35:21,PG,136.37,5,ASK
2020-10-30 10:37:34,PG,136.33,2,BID
2020-10-30 10:35:21,PG,136.37,5,ASK
2020-10-30 10:37:35,PG,136.33,4,BID
2020-10-30 10:35:21,PG,136.37,5,ASK
2020-10-30 10:37:35,PG,136.33,4,BID
2020-10-30 10:35:21,PG,136.37,5,ASK
2020-10-30 10:37:35,PG,136.33,5,BID
2020-10-30 10:35:21,PG,136.37,5,ASK
2020-10-30 10:37:37,PG,136.35,3,BID
2020-10-30 10:34:54,PG,136.4,4,ASK
2020-10-30 10:37:38,PG,136.37,3,BID
2020-10-30 10:37:38,PG,136.41,5,ASK
2020-10-30 10:37:39,PG,136.37,3,BID
2020-10-30 10:37:39,PG,136.4,2,ASK
2020-10-30 10:37:39,PG,136.37,3,BID
2020-10-30 10:37:39,PG,136.4,2,ASK
2020-10-30 10:37:40,PG,136.37,3,BID
2020-10-30 10:37:40,PG,136.4,1,ASK
2020-10-30 10:37:40,PG,136.37,3,BID
2020-10-30 10:37:40,PG,136.41,5,ASK
2020-10-30 10:37:42,PG,136.37,1,BID
2020-10-30 10:37:42,PG,136.41,5,ASK
2020-10-30 10:37:42,PG,136.37,1,BID
2020-10-30 10:37:42,PG,136.4,2,ASK
2020-10-30 10:37:45,PG,136.37,1,BID
2020-10-30 10:37:45,PG,136.4,3,ASK
2020-10-30 10:37:45,PG,136.34,1,BID
2020-10-30 10:37:45,PG,136.4,3,ASK
2020-10-30 10:37:46,PG,136.36,2,BID
2020-10-30 10:37:46,PG,136.42,2,ASK
2020-10-30 10:37:46,PG,136.36,2,BID
2020-10-30 10:37:46,PG,136.42,4,ASK
2020-10-30 10:37:47,PG,136.36,2,BID
2020-10-30 10:37:47,PG,136.42,3,ASK
2020-10-30 10:37:47,PG,136.36,2,BID
2020-10-30 10:37:47,PG,136.42,2,ASK
2020-10-30 10:37:47,PG,136.36,3,BID
2020-10-30 10:37:48,PG,136.42,3,ASK
2020-10-30 10:37:49,PG,136.38,2,BID
2020-10-30 10:37:49,PG,136.42,2,ASK
2020-10-30 10:37:49,PG,136.38,2,BID
2020-10-30 10:37:49,PG,136.42,2,ASK
2020-10-30 10:37:49,PG,136.38,2,BID
2020-10-30 10:37:49,PG,136.42,2,ASK
2020-10-30 10:37:52,PG,136.39,3,BID
2020-10-30 10:37:52,PG,136.46,3,ASK
2020-10-30 10:37:52,PG,136.39,3,BID
2020-10-30 10:37:52,PG,136.44,2,ASK
2020-10-30 10:37:53,PG,136.39,3,BID
2020-10-30 10:37:53,PG,136.45,3,ASK
2020-10-30 10:37:53,PG,136.39,4,BID
2020-10-30 10:37:53,PG,136.45,3,ASK
2020-10-30 10:37:53,PG,136.39,4,BID
2020-10-30 10:37:54,PG,136.45,2,ASK
2020-10-30 10:37:55,PG,136.41,3,BID
2020-10-30 10:37:52,PG,136.46,3,ASK
2020-10-30 10:37:55,PG,136.41,4,BID
2020-10-30 10:37:52,PG,136.46,4,ASK
2020-10-30 10:37:56,PG,136.41,4,BID
2020-10-30 10:37:52,PG,136.46,6,ASK
2020-10-30 10:37:57,PG,136.41,4,BID
2020-10-30 10:37:52,PG,136.46,6,ASK
2020-10-30 10:37:57,PG,136.41,4,BID
2020-10-30 10:37:58,PG,136.45,3,ASK
2020-10-30 10:37:59,PG,136.41,4,BID
2020-10-30 10:38:00,PG,136.44,1,ASK
2020-10-30 10:38:00,PG,136.42,1,BID
2020-10-30 10:38:00,PG,136.44,1,ASK
2020-10-30 10:38:01,PG,136.42,1,BID
2020-10-30 10:37:58,PG,136.45,4,ASK
2020-10-30 10:38:02,PG,136.42,2,BID
2020-10-30 10:37:58,PG,136.45,5,ASK
2020-10-30 10:38:02,PG,136.42,2,BID
2020-10-30 10:37:58,PG,136.45,4,ASK
2020-10-30 10:38:03,PG,136.42,3,BID
2020-10-30 10:37:58,PG,136.45,4,ASK
2020-10-30 10:38:03,PG,136.42,3,BID
2020-10-30 10:37:58,PG,136.45,4,ASK
2020-10-30 10:38:03,PG,136.42,3,BID
2020-10-30 10:37:58,PG,136.45,4,ASK
2020-10-30 10:38:03,PG,136.42,3,BID
2020-10-30 10:37:58,PG,136.45,6,ASK
2020-10-30 10:37:53,PG,136.39,3,BID
2020-10-30 10:38:06,PG,136.42,1,ASK
2020-10-30 10:37:52,PG,136.38,3,BID
2020-10-30 10:38:07,PG,136.41,4,ASK
2020-10-30 10:38:08,PG,136.4,1,BID
2020-10-30 10:38:06,PG,136.42,4,ASK
2020-10-30 10:38:09,PG,136.4,2,BID
2020-10-30 10:37:58,PG,136.45,4,ASK
2020-10-30 10:38:11,PG,136.4,2,BID
2020-10-30 10:37:58,PG,136.45,4,ASK
2020-10-30 10:38:12,PG,136.4,3,BID
2020-10-30 10:38:12,PG,136.44,1,ASK
2020-10-30 10:38:12,PG,136.4,3,BID
2020-10-30 10:38:12,PG,136.42,1,ASK
2020-10-30 10:38:07,PG,136.38,4,BID
2020-10-30 10:38:13,PG,136.42,1,ASK
2020-10-30 10:38:13,PG,136.38,4,BID
2020-10-30 10:38:13,PG,136.43,1,ASK
2020-10-30 10:38:14,PG,136.38,1,BID
2020-10-30 10:38:14,PG,136.42,2,ASK
2020-10-30 10:38:15,PG,136.37,2,BID
2020-10-30 10:38:15,PG,136.41,1,ASK
2020-10-30 10:38:16,PG,136.37,3,BID
2020-10-30 10:38:16,PG,136.4,1,ASK
2020-10-30 10:38:17,PG,136.37,4,BID
2020-10-30 10:38:17,PG,136.4,1,ASK
2020-10-30 10:38:18,PG,136.35,1,BID
2020-10-30 10:38:18,PG,136.4,1,ASK
2020-10-30 10:38:19,PG,136.36,1,BID
2020-10-30 10:38:19,PG,136.41,2,ASK
2020-10-30 10:38:20,PG,136.36,1,BID
2020-10-30 10:38:20,PG,136.41,2,ASK
2020-10-30 10:38:21,PG,136.39,3,BID
2020-10-30 10:38:21,PG,136.44,1,ASK
2020-10-30 10:38:22,PG,136.39,3,BID
2020-10-30 10:38:22,PG,136.43,1,ASK
2020-10-30 10:38:24,PG,136.39,3,BID
2020-10-30 10:38:24,PG,136.44,2,ASK
2020-10-30 10:38:25,PG,136.36,4,BID
2020-10-30 10:38:25,PG,136.42,4,ASK
2020-10-30 10:38:27,PG,136.36,4,BID
2020-10-30 10:38:27,PG,136.41,1,ASK
2020-10-30 10:38:27,PG,136.36,4,BID
2020-10-30 10:38:28,PG,136.41,1,ASK
2020-10-30 10:38:29,PG,136.37,1,BID
2020-10-30 10:38:29,PG,136.42,6,ASK
2020-10-30 10:38:30,PG,136.37,2,BID
2020-10-30 10:38:30,PG,136.41,1,ASK
2020-10-30 10:38:31,PG,136.35,3,BID
2020-10-30 10:38:31,PG,136.41,1,ASK
2020-10-30 10:38:32,PG,136.33,4,BID
2020-10-30 10:38:32,PG,136.39,3,ASK
2020-10-30 10:38:33,PG,136.33,4,BID
2020-10-30 10:38:33,PG,136.38,1,ASK
2020-10-30 10:38:33,PG,136.33,4,BID
2020-10-30 10:38:35,PG,136.38,4,ASK
2020-10-30 10:38:33,PG,136.33,4,BID
2020-10-30 10:38:35,PG,136.38,4,ASK
2020-10-30 10:38:33,PG,136.33,4,BID
2020-10-30 10:38:36,PG,136.38,3,ASK
2020-10-30 10:38:33,PG,136.33,4,BID
2020-10-30 10:38:36,PG,136.38,3,ASK
2020-10-30 10:38:33,PG,136.33,4,BID
2020-10-30 10:38:36,PG,136.38,3,ASK
2020-10-30 10:38:33,PG,136.33,6,BID
2020-10-30 10:38:39,PG,136.38,3,ASK
2020-10-30 10:38:33,PG,136.33,8,BID
2020-10-30 10:38:39,PG,136.38,2,ASK
2020-10-30 10:38:33,PG,136.33,8,BID
2020-10-30 10:38:39,PG,136.38,2,ASK
2020-10-30 10:38:42,PG,136.35,1,BID
2020-10-30 10:38:42,PG,136.38,3,ASK
2020-10-30 10:38:42,PG,136.35,2,BID
2020-10-30 10:38:43,PG,136.38,3,ASK
2020-10-30 10:38:43,PG,136.35,5,BID
2020-10-30 10:38:44,PG,136.39,7,ASK
2020-10-30 10:38:46,PG,136.38,2,BID
2020-10-30 10:38:46,PG,136.42,3,ASK
2020-10-30 10:38:46,PG,136.38,1,BID
2020-10-30 10:38:46,PG,136.42,1,ASK
2020-10-30 10:38:48,PG,136.4,1,BID
2020-10-30 10:38:48,PG,136.44,1,ASK
2020-10-30 10:38:50,PG,136.38,1,BID
2020-10-30 10:38:50,PG,136.43,4,ASK
2020-10-30 10:38:50,PG,136.38,1,BID
2020-10-30 10:38:50,PG,136.43,2,ASK
2020-10-30 10:38:50,PG,136.38,1,BID
2020-10-30 10:38:50,PG,136.43,2,ASK
2020-10-30 10:38:51,PG,136.4,1,BID
2020-10-30 10:38:51,PG,136.45,3,ASK
2020-10-30 10:38:51,PG,136.41,1,BID
2020-10-30 10:38:51,PG,136.45,3,ASK
2020-10-30 10:38:51,PG,136.41,1,BID
2020-10-30 10:38:51,PG,136.45,3,ASK
2020-10-30 10:38:51,PG,136.41,1,BID
2020-10-30 10:38:51,PG,136.45,3,ASK
2020-10-30 10:38:51,PG,136.41,1,BID
2020-10-30 10:38:51,PG,136.45,3,ASK
2020-10-30 10:38:51,PG,136.41,1,BID
2020-10-30 10:38:51,PG,136.45,3,ASK
2020-10-30 10:38:51,PG,136.41,1,BID
2020-10-30 10:38:51,PG,136.45,3,ASK
2020-10-30 10:38:51,PG,136.41,1,BID
2020-10-30 10:38:51,PG,136.45,3,ASK
2020-10-30 10:38:51,PG,136.41,1,BID
2020-10-30 10:38:51,PG,136.45,3,ASK
2020-10-30 10:38:51,PG,136.41,1,BID
2020-10-30 10:38:51,PG,136.45,3,ASK
2020-10-30 10:39:00,PG,136.4,2,BID
2020-10-30 10:39:00,PG,136.43,3,ASK
2020-10-30 10:39:01,PG,136.4,3,BID
2020-10-30 10:39:01,PG,136.43,5,ASK
2020-10-30 10:39:02,PG,136.41,1,BID
2020-10-30 10:39:02,PG,136.45,8,ASK
2020-10-30 10:39:02,PG,136.41,1,BID
2020-10-30 10:39:02,PG,136.45,8,ASK
2020-10-30 10:39:03,PG,136.41,3,BID
2020-10-30 10:39:03,PG,136.45,7,ASK
2020-10-30 10:39:04,PG,136.41,3,BID
2020-10-30 10:39:04,PG,136.45,7,ASK
2020-10-30 10:39:04,PG,136.41,4,BID
2020-10-30 10:39:04,PG,136.44,3,ASK
2020-10-30 10:39:05,PG,136.41,4,BID
2020-10-30 10:39:05,PG,136.44,3,ASK
2020-10-30 10:39:06,PG,136.42,3,BID
2020-10-30 10:37:52,PG,136.46,4,ASK
2020-10-30 10:39:07,PG,136.42,4,BID
2020-10-30 10:39:07,PG,136.45,3,ASK
2020-10-30 10:39:09,PG,136.42,4,BID
2020-10-30 10:39:09,PG,136.45,3,ASK
2020-10-30 10:39:09,PG,136.42,3,BID
2020-10-30 10:39:10,PG,136.45,3,ASK
2020-10-30 10:39:09,PG,136.42,3,BID
2020-10-30 10:39:10,PG,136.45,3,ASK
2020-10-30 10:39:10,PG,136.38,7,BID
2020-10-30 10:39:10,PG,136.43,3,ASK
2020-10-30 10:39:11,PG,136.38,5,BID
2020-10-30 10:39:11,PG,136.44,5,ASK
2020-10-30 10:39:13,PG,136.4,1,BID
2020-10-30 10:39:13,PG,136.44,5,ASK
2020-10-30 10:39:14,PG,136.41,1,BID
2020-10-30 10:39:14,PG,136.44,3,ASK
2020-10-30 10:39:15,PG,136.41,1,BID
2020-10-30 10:39:14,PG,136.44,3,ASK
2020-10-30 10:39:17,PG,136.41,2,BID
2020-10-30 10:39:14,PG,136.44,3,ASK
2020-10-30 10:39:20,PG,136.41,3,BID
2020-10-30 10:39:14,PG,136.44,3,ASK
2020-10-30 10:39:20,PG,136.41,3,BID
2020-10-30 10:39:14,PG,136.44,3,ASK
2020-10-30 10:39:22,PG,136.41,3,BID
2020-10-30 10:39:14,PG,136.44,3,ASK
2020-10-30 10:39:26,PG,136.41,3,BID
2020-10-30 10:39:26,PG,136.44,5,ASK
2020-10-30 10:39:28,PG,136.39,1,BID
2020-10-30 10:39:28,PG,136.43,1,ASK
2020-10-30 10:39:29,PG,136.42,1,BID
2020-10-30 10:39:28,PG,136.44,7,ASK
2020-10-30 10:39:29,PG,136.39,2,BID
2020-10-30 10:39:29,PG,136.42,1,ASK
2020-10-30 10:39:29,PG,136.39,2,BID
2020-10-30 10:39:30,PG,136.42,6,ASK
2020-10-30 10:39:32,PG,136.41,1,BID
2020-10-30 10:39:32,PG,136.43,1,ASK
2020-10-30 10:39:32,PG,136.41,3,BID
2020-10-30 10:39:32,PG,136.44,7,ASK
2020-10-30 10:39:32,PG,136.41,3,BID
2020-10-30 10:39:32,PG,136.44,7,ASK
2020-10-30 10:39:33,PG,136.41,3,BID
2020-10-30 10:39:33,PG,136.44,7,ASK
2020-10-30 10:39:36,PG,136.39,1,BID
2020-10-30 10:39:36,PG,136.4,1,ASK
2020-10-30 10:39:37,PG,136.39,2,BID
2020-10-30 10:39:37,PG,136.42,3,ASK
2020-10-30 10:39:38,PG,136.39,2,BID
2020-10-30 10:39:38,PG,136.42,1,ASK
2020-10-30 10:39:39,PG,136.39,2,BID
2020-10-30 10:39:39,PG,136.42,3,ASK
2020-10-30 10:39:41,PG,136.39,3,BID
2020-10-30 10:39:38,PG,136.43,5,ASK
2020-10-30 10:39:41,PG,136.39,3,BID
2020-10-30 10:39:38,PG,136.43,5,ASK
2020-10-30 10:39:41,PG,136.39,3,BID
2020-10-30 10:39:38,PG,136.43,5,ASK
2020-10-30 10:39:45,PG,136.39,4,BID
2020-10-30 10:39:45,PG,136.42,3,ASK
2020-10-30 10:39:46,PG,136.39,4,BID
2020-10-30 10:39:38,PG,136.43,4,ASK
2020-10-30 10:39:46,PG,136.39,4,BID
2020-10-30 10:39:38,PG,136.43,5,ASK
2020-10-30 10:39:47,PG,136.4,3,BID
2020-10-30 10:39:47,PG,136.43,7,ASK
2020-10-30 10:39:47,PG,136.4,3,BID
2020-10-30 10:39:47,PG,136.43,7,ASK
2020-10-30 10:39:47,PG,136.4,2,BID
2020-10-30 10:39:48,PG,136.43,7,ASK
2020-10-30 10:39:49,PG,136.4,3,BID
2020-10-30 10:39:49,PG,136.43,7,ASK
2020-10-30 10:39:51,PG,136.41,2,BID
2020-10-30 10:39:51,PG,136.43,7,ASK
2020-10-30 10:39:53,PG,136.42,2,BID
2020-10-30 10:39:53,PG,136.46,7,ASK
2020-10-30 10:39:56,PG,136.43,5,BID
2020-10-30 10:39:56,PG,136.48,3,ASK
2020-10-30 10:39:56,PG,136.42,2,BID
2020-10-30 10:39:56,PG,136.46,1,ASK
2020-10-30 10:39:58,PG,136.42,2,BID
2020-10-30 10:39:58,PG,136.46,1,ASK
2020-10-30 10:39:59,PG,136.42,4,BID
2020-10-30 10:39:59,PG,136.46,3,ASK
2020-10-30 10:40:00,PG,136.42,3,BID
2020-10-30 10:40:00,PG,136.45,3,ASK
2020-10-30 10:39:51,PG,136.4,3,BID
2020-10-30 10:40:00,PG,136.44,5,ASK
2020-10-30 10:39:51,PG,136.4,3,BID
2020-10-30 10:40:00,PG,136.44,5,ASK
2020-10-30 10:39:51,PG,136.4,3,BID
2020-10-30 10:40:00,PG,136.44,5,ASK
2020-10-30 10:39:51,PG,136.4,3,BID
2020-10-30 10:40:00,PG,136.44,5,ASK
2020-10-30 10:39:51,PG,136.4,3,BID
2020-10-30 10:40:00,PG,136.44,5,ASK
2020-10-30 10:39:51,PG,136.4,3,BID
2020-10-30 10:40:00,PG,136.44,5,ASK
2020-10-30 10:39:51,PG,136.4,3,BID
2020-10-30 10:40:00,PG,136.44,5,ASK
2020-10-30 10:39:51,PG,136.4,3,BID
2020-10-30 10:40:00,PG,136.44,5,ASK
2020-10-30 10:39:51,PG,136.4,3,BID
2020-10-30 10:40:00,PG,136.44,5,ASK
2020-10-30 10:40:02,PG,136.38,4,BID
2020-10-30 10:40:02,PG,136.4,4,ASK
2020-10-30 10:38:41,PG,136.34,2,BID
2020-10-30 10:40:03,PG,136.36,2,ASK
2020-10-30 10:40:03,PG,136.31,5,BID
2020-10-30 10:40:03,PG,136.35,5,ASK
2020-10-30 10:40:05,PG,136.31,5,BID
2020-10-30 10:40:05,PG,136.35,5,ASK
2020-10-30 10:40:07,PG,136.31,5,BID
2020-10-30 10:40:06,PG,136.35,8,ASK
2020-10-30 10:40:07,PG,136.31,5,BID
2020-10-30 10:40:07,PG,136.34,4,ASK
2020-10-30 10:40:08,PG,136.31,5,BID
2020-10-30 10:40:08,PG,136.34,5,ASK
2020-10-30 10:40:09,PG,136.3,6,BID
2020-10-30 10:40:09,PG,136.34,4,ASK
2020-10-30 10:40:10,PG,136.3,1,BID
2020-10-30 10:40:10,PG,136.34,5,ASK
2020-10-30 10:40:11,PG,136.3,1,BID
2020-10-30 10:40:11,PG,136.33,5,ASK
2020-10-30 10:40:12,PG,136.28,2,BID
2020-10-30 10:40:12,PG,136.33,2,ASK
2020-10-30 10:40:13,PG,136.25,2,BID
2020-10-30 10:40:13,PG,136.28,3,ASK
2020-10-30 10:36:17,PG,136.22,6,BID
2020-10-30 10:40:13,PG,136.25,2,ASK
2020-10-30 10:40:14,PG,136.18,1,BID
2020-10-30 10:40:14,PG,136.23,2,ASK
2020-10-30 10:40:14,PG,136.2,1,BID
2020-10-30 10:40:14,PG,136.23,3,ASK
2020-10-30 10:40:17,PG,136.21,5,BID
2020-10-30 10:40:17,PG,136.26,4,ASK
2020-10-30 10:40:17,PG,136.2,5,BID
2020-10-30 10:40:17,PG,136.25,5,ASK
2020-10-30 10:40:17,PG,136.2,6,BID
2020-10-30 10:40:17,PG,136.25,5,ASK
2020-10-30 10:40:17,PG,136.2,5,BID
2020-10-30 10:40:18,PG,136.25,5,ASK
2020-10-30 10:40:18,PG,136.2,5,BID
2020-10-30 10:40:18,PG,136.25,7,ASK
2020-10-30 10:40:18,PG,136.2,7,BID
2020-10-30 10:40:18,PG,136.25,5,ASK
2020-10-30 10:40:18,PG,136.21,2,BID
2020-10-30 10:40:18,PG,136.25,4,ASK
2020-10-30 10:40:19,PG,136.21,3,BID
2020-10-30 10:40:18,PG,136.25,4,ASK
2020-10-30 10:40:19,PG,136.2,7,BID
2020-10-30 10:40:18,PG,136.25,4,ASK
2020-10-30 10:40:19,PG,136.2,7,BID
2020-10-30 10:40:18,PG,136.25,4,ASK
2020-10-30 10:40:26,PG,136.17,4,BID
2020-10-30 10:40:26,PG,136.22,6,ASK
2020-10-30 10:40:28,PG,136.17,4,BID
2020-10-30 10:40:30,PG,136.22,8,ASK
2020-10-30 10:40:31,PG,136.17,5,BID
2020-10-30 10:40:31,PG,136.21,2,ASK
2020-10-30 10:40:32,PG,136.17,5,BID
2020-10-30 10:40:32,PG,136.21,4,ASK
2020-10-30 10:40:32,PG,136.18,1,BID
2020-10-30 10:40:32,PG,136.21,4,ASK
2020-10-30 10:40:33,PG,136.17,7,BID
2020-10-30 10:40:33,PG,136.22,9,ASK
2020-10-30 10:40:33,PG,136.17,8,BID
2020-10-30 10:40:34,PG,136.21,4,ASK
2020-10-30 10:40:33,PG,136.17,8,BID
2020-10-30 10:40:34,PG,136.21,5,ASK
2020-10-30 10:40:36,PG,136.18,3,BID
2020-10-30 10:40:36,PG,136.21,5,ASK
2020-10-30 10:40:37,PG,136.18,4,BID
2020-10-30 10:40:37,PG,136.23,3,ASK
2020-10-30 10:40:37,PG,136.18,4,BID
2020-10-30 10:40:37,PG,136.23,7,ASK
2020-10-30 10:40:39,PG,136.18,4,BID
2020-10-30 10:40:39,PG,136.23,5,ASK
2020-10-30 10:40:39,PG,136.18,6,BID
2020-10-30 10:40:40,PG,136.23,5,ASK
2020-10-30 10:40:39,PG,136.18,6,BID
2020-10-30 10:40:40,PG,136.23,5,ASK
2020-10-30 10:40:42,PG,136.2,1,BID
2020-10-30 10:40:42,PG,136.23,5,ASK
2020-10-30 10:40:44,PG,136.18,12,BID
2020-10-30 10:40:44,PG,136.23,5,ASK
2020-10-30 10:40:44,PG,136.18,12,BID
2020-10-30 10:40:44,PG,136.23,5,ASK
2020-10-30 10:40:44,PG,136.18,12,BID
2020-10-30 10:40:44,PG,136.23,5,ASK
2020-10-30 10:40:48,PG,136.18,12,BID
2020-10-30 10:40:48,PG,136.23,5,ASK
2020-10-30 10:40:50,PG,136.18,12,BID
2020-10-30 10:40:50,PG,136.23,5,ASK
2020-10-30 10:40:51,PG,136.18,12,BID
2020-10-30 10:40:51,PG,136.22,4,ASK
2020-10-30 10:40:51,PG,136.18,10,BID
2020-10-30 10:40:51,PG,136.21,3,ASK
2020-10-30 10:40:53,PG,136.19,2,BID
2020-10-30 10:40:52,PG,136.23,5,ASK
2020-10-30 10:40:53,PG,136.19,2,BID
2020-10-30 10:40:52,PG,136.23,5,ASK
2020-10-30 10:40:55,PG,136.22,1,BID
2020-10-30 10:40:24,PG,136.25,4,ASK
2020-10-30 10:40:55,PG,136.22,6,BID
2020-10-30 10:40:55,PG,136.26,2,ASK
2020-10-30 10:40:55,PG,136.22,7,BID
2020-10-30 10:40:55,PG,136.26,4,ASK
2020-10-30 10:40:55,PG,136.22,7,BID
2020-10-30 10:40:57,PG,136.25,2,ASK
2020-10-30 10:40:58,PG,136.22,6,BID
2020-10-30 10:40:58,PG,136.24,1,ASK
2020-10-30 10:40:59,PG,136.18,5,BID
2020-10-30 10:40:59,PG,136.23,4,ASK
2020-10-30 10:41:00,PG,136.18,4,BID
2020-10-30 10:41:00,PG,136.22,2,ASK
2020-10-30 10:41:00,PG,136.18,5,BID
2020-10-30 10:41:00,PG,136.23,6,ASK
2020-10-30 10:41:00,PG,136.18,5,BID
2020-10-30 10:41:02,PG,136.23,6,ASK
2020-10-30 10:41:00,PG,136.18,5,BID
2020-10-30 10:41:03,PG,136.23,6,ASK
2020-10-30 10:41:04,PG,136.21,3,BID
2020-10-30 10:41:04,PG,136.23,4,ASK
2020-10-30 10:41:05,PG,136.21,3,BID
2020-10-30 10:41:04,PG,136.23,6,ASK
2020-10-30 10:41:06,PG,136.21,6,BID
2020-10-30 10:41:04,PG,136.23,6,ASK
2020-10-30 10:41:07,PG,136.2,1,BID
2020-10-30 10:41:07,PG,136.22,1,ASK
2020-10-30 10:41:07,PG,136.21,3,BID
2020-10-30 10:41:08,PG,136.25,6,ASK
2020-10-30 10:41:07,PG,136.18,5,BID
2020-10-30 10:41:09,PG,136.23,5,ASK
2020-10-30 10:41:10,PG,136.18,5,BID
2020-10-30 10:41:10,PG,136.23,4,ASK
2020-10-30 10:41:10,PG,136.18,5,BID
2020-10-30 10:41:11,PG,136.23,5,ASK
2020-10-30 10:41:10,PG,136.18,5,BID
2020-10-30 10:41:11,PG,136.23,4,ASK
2020-10-30 10:41:10,PG,136.18,5,BID
2020-10-30 10:41:14,PG,136.23,4,ASK
2020-10-30 10:41:16,PG,136.18,5,BID
2020-10-30 10:41:16,PG,136.2,3,ASK
2020-10-30 10:41:16,PG,136.18,5,BID
2020-10-30 10:41:16,PG,136.2,3,ASK
2020-10-30 10:41:17,PG,136.15,4,BID
2020-10-30 10:41:17,PG,136.2,5,ASK
2020-10-30 10:41:18,PG,136.15,3,BID
2020-10-30 10:41:18,PG,136.2,6,ASK
2020-10-30 10:41:19,PG,136.12,2,BID
2020-10-30 10:41:18,PG,136.2,7,ASK
2020-10-30 10:41:20,PG,136.11,6,BID
2020-10-30 10:41:20,PG,136.17,5,ASK
2020-10-30 10:41:21,PG,136.11,2,BID
2020-10-30 10:41:21,PG,136.16,5,ASK
2020-10-30 10:41:22,PG,136.1,4,BID
2020-10-30 10:41:22,PG,136.13,2,ASK
2020-10-30 10:41:22,PG,136.07,4,BID
2020-10-30 10:41:22,PG,136.12,5,ASK
2020-10-30 10:41:22,PG,136.07,4,BID
2020-10-30 10:41:22,PG,136.12,5,ASK
2020-10-30 10:41:22,PG,136.07,5,BID
2020-10-30 10:41:22,PG,136.12,8,ASK
2020-10-30 10:41:22,PG,136.07,5,BID
2020-10-30 10:41:22,PG,136.12,7,ASK
2020-10-30 10:41:24,PG,136.07,1,BID
2020-10-30 10:41:24,PG,136.1,5,ASK
2020-10-30 10:41:25,PG,136.05,2,BID
2020-10-30 10:41:25,PG,136.11,5,ASK
2020-10-30 10:41:26,PG,136.05,2,BID
2020-10-30 10:41:26,PG,136.11,6,ASK
2020-10-30 10:41:26,PG,136.06,4,BID
2020-10-30 10:41:26,PG,136.11,9,ASK
2020-10-30 10:41:27,PG,136.06,4,BID
2020-10-30 10:41:27,PG,136.11,7,ASK
2020-10-30 10:41:28,PG,136.04,2,BID
2020-10-30 10:41:28,PG,136.09,2,ASK
2020-10-30 10:41:28,PG,136.05,1,BID
2020-10-30 10:41:28,PG,136.09,5,ASK
2020-10-30 10:41:29,PG,136.05,1,BID
2020-10-30 10:41:28,PG,136.09,5,ASK
2020-10-30 10:41:30,PG,136.05,1,BID
2020-10-30 10:41:28,PG,136.09,5,ASK
2020-10-30 10:41:31,PG,136.05,1,BID
2020-10-30 10:41:31,PG,136.09,4,ASK
2020-10-30 10:41:34,PG,136.01,3,BID
2020-10-30 10:41:34,PG,136.06,3,ASK
2020-10-30 10:41:35,PG,136.01,2,BID
2020-10-30 10:41:35,PG,136.05,2,ASK
2020-10-30 10:41:36,PG,136.0,12,BID
2020-10-30 10:41:36,PG,136.03,3,ASK
2020-10-30 10:41:37,PG,136.01,3,BID
2020-10-30 10:41:37,PG,136.04,3,ASK
2020-10-30 10:41:38,PG,136.02,1,BID
2020-10-30 10:41:38,PG,136.07,10,ASK
2020-10-30 10:41:39,PG,136.0,12,BID
2020-10-30 10:41:39,PG,136.06,7,ASK
2020-10-30 10:41:40,PG,136.0,12,BID
2020-10-30 10:41:40,PG,136.05,2,ASK
2020-10-30 10:41:41,PG,136.0,12,BID
2020-10-30 10:41:41,PG,136.04,3,ASK
2020-10-30 10:41:42,PG,136.0,12,BID
2020-10-30 10:41:42,PG,136.05,2,ASK
2020-10-30 10:41:43,PG,136.02,1,BID
2020-10-30 10:41:43,PG,136.06,7,ASK
2020-10-30 10:41:43,PG,136.02,1,BID
2020-10-30 10:41:43,PG,136.06,7,ASK
2020-10-30 10:41:43,PG,136.02,1,BID
2020-10-30 10:41:43,PG,136.06,7,ASK
2020-10-30 10:41:43,PG,136.02,1,BID
2020-10-30 10:41:43,PG,136.06,7,ASK
2020-10-30 10:41:43,PG,136.02,1,BID
2020-10-30 10:41:43,PG,136.06,7,ASK
2020-10-30 10:41:46,PG,136.02,3,BID
2020-10-30 10:41:47,PG,136.06,11,ASK
2020-10-30 10:41:46,PG,136.02,3,BID
2020-10-30 10:41:47,PG,136.06,11,ASK
2020-10-30 10:41:48,PG,136.02,3,BID
2020-10-30 10:41:48,PG,136.06,11,ASK
2020-10-30 10:41:50,PG,136.05,1,BID
2020-10-30 10:41:50,PG,136.1,4,ASK
2020-10-30 10:41:48,PG,136.02,4,BID
2020-10-30 10:41:50,PG,136.08,5,ASK
2020-10-30 10:41:48,PG,136.02,4,BID
2020-10-30 10:41:50,PG,136.07,2,ASK
2020-10-30 10:41:50,PG,136.01,2,BID
2020-10-30 10:41:50,PG,136.07,2,ASK
2020-10-30 10:41:51,PG,136.01,2,BID
2020-10-30 10:41:51,PG,136.06,5,ASK
2020-10-30 10:41:52,PG,136.02,2,BID
2020-10-30 10:41:52,PG,136.06,3,ASK
2020-10-30 10:41:54,PG,136.04,3,BID
2020-10-30 10:41:54,PG,136.1,2,ASK
2020-10-30 10:41:54,PG,136.04,3,BID
2020-10-30 10:41:54,PG,136.1,5,ASK
2020-10-30 10:41:54,PG,136.04,3,BID
2020-10-30 10:41:54,PG,136.1,5,ASK
2020-10-30 10:41:57,PG,136.05,3,BID
2020-10-30 10:41:56,PG,136.1,4,ASK
2020-10-30 10:41:58,PG,136.06,3,BID
2020-10-30 10:41:58,PG,136.1,4,ASK
2020-10-30 10:41:58,PG,136.07,3,BID
2020-10-30 10:41:58,PG,136.1,4,ASK
2020-10-30 10:41:59,PG,136.05,4,BID
2020-10-30 10:41:59,PG,136.1,4,ASK
2020-10-30 10:42:00,PG,136.01,3,BID
2020-10-30 10:42:00,PG,136.06,3,ASK
2020-10-30 10:42:00,PG,136.02,2,BID
2020-10-30 10:42:00,PG,136.08,2,ASK
2020-10-30 10:42:01,PG,136.02,4,BID
2020-10-30 10:42:01,PG,136.06,4,ASK
2020-10-30 10:42:02,PG,136.01,1,BID
2020-10-30 10:42:02,PG,136.04,3,ASK
2020-10-30 10:42:02,PG,136.01,1,BID
2020-10-30 10:42:02,PG,136.04,3,ASK
2020-10-30 10:42:03,PG,136.0,12,BID
2020-10-30 10:42:03,PG,136.03,2,ASK
2020-10-30 10:42:04,PG,135.98,1,BID
2020-10-30 10:42:04,PG,136.03,4,ASK
2020-10-30 10:42:04,PG,135.94,4,BID
2020-10-30 10:42:04,PG,136.0,20,ASK
2020-10-30 10:42:05,PG,135.94,5,BID
2020-10-30 10:42:05,PG,135.98,2,ASK
2020-10-30 10:42:05,PG,135.94,6,BID
2020-10-30 10:42:05,PG,135.98,4,ASK
2020-10-30 10:42:05,PG,135.94,5,BID
2020-10-30 10:42:06,PG,135.98,4,ASK
2020-10-30 10:42:07,PG,135.94,6,BID
2020-10-30 10:42:07,PG,135.98,7,ASK
2020-10-30 10:42:08,PG,135.95,2,BID
2020-10-30 10:42:07,PG,135.98,6,ASK
2020-10-30 10:42:09,PG,135.97,4,BID
2020-10-30 10:42:09,PG,136.0,20,ASK
2020-10-30 10:42:11,PG,135.99,4,BID
2020-10-30 10:42:11,PG,136.04,5,ASK
2020-10-30 10:42:11,PG,136.0,1,BID
2020-10-30 10:42:11,PG,136.04,3,ASK
2020-10-30 10:42:12,PG,136.0,1,BID
2020-10-30 10:42:12,PG,136.06,10,ASK
2020-10-30 10:42:12,PG,136.0,2,BID
2020-10-30 10:42:12,PG,136.06,12,ASK
2020-10-30 10:42:14,PG,136.0,3,BID
2020-10-30 10:42:14,PG,136.05,6,ASK
2020-10-30 10:42:14,PG,136.01,2,BID
2020-10-30 10:42:14,PG,136.06,2,ASK
2020-10-30 10:42:16,PG,136.0,6,BID
2020-10-30 10:42:16,PG,136.05,4,ASK
2020-10-30 10:42:16,PG,136.0,6,BID
2020-10-30 10:42:17,PG,136.04,1,ASK
2020-10-30 10:42:16,PG,136.0,6,BID
2020-10-30 10:42:18,PG,136.04,2,ASK
2020-10-30 10:42:10,PG,135.97,4,BID
2020-10-30 10:42:18,PG,136.02,3,ASK
2020-10-30 10:42:10,PG,135.97,4,BID
2020-10-30 10:42:19,PG,136.02,3,ASK
2020-10-30 10:42:10,PG,135.97,4,BID
2020-10-30 10:42:19,PG,136.02,4,ASK
2020-10-30 10:42:10,PG,135.97,5,BID
2020-10-30 10:42:21,PG,136.02,4,ASK
2020-10-30 10:42:23,PG,135.97,6,BID
2020-10-30 10:42:23,PG,136.02,4,ASK
2020-10-30 10:42:24,PG,135.98,4,BID
2020-10-30 10:42:25,PG,136.04,2,ASK
2020-10-30 10:42:25,PG,135.98,4,BID
2020-10-30 10:42:25,PG,136.04,5,ASK
2020-10-30 10:42:27,PG,136.0,3,BID
2020-10-30 10:42:27,PG,136.04,1,ASK
2020-10-30 10:42:28,PG,135.98,4,BID
2020-10-30 10:42:28,PG,136.04,5,ASK
2020-10-30 10:42:24,PG,135.97,6,BID
2020-10-30 10:42:29,PG,136.04,6,ASK
2020-10-30 10:42:30,PG,135.97,8,BID
2020-10-30 10:42:30,PG,136.04,4,ASK
2020-10-30 10:42:30,PG,135.97,7,BID
2020-10-30 10:42:31,PG,136.04,4,ASK
2020-10-30 10:42:30,PG,135.97,7,BID
2020-10-30 10:42:31,PG,136.04,4,ASK
2020-10-30 10:42:30,PG,135.97,7,BID
2020-10-30 10:42:34,PG,136.04,5,ASK
2020-10-30 10:42:35,PG,135.97,8,BID
2020-10-30 10:42:35,PG,136.02,3,ASK
2020-10-30 10:42:35,PG,135.97,8,BID
2020-10-30 10:42:37,PG,136.03,4,ASK
2020-10-30 10:42:38,PG,135.92,2,BID
2020-10-30 10:42:38,PG,136.0,5,ASK
2020-10-30 10:42:38,PG,135.92,2,BID
2020-10-30 10:42:38,PG,136.0,5,ASK
2020-10-30 10:42:39,PG,135.92,1,BID
2020-10-30 10:42:39,PG,136.0,5,ASK
2020-10-30 10:42:40,PG,135.92,2,BID
2020-10-30 10:42:40,PG,135.97,7,ASK
2020-10-30 10:42:42,PG,135.92,6,BID
2020-10-30 10:42:42,PG,135.97,7,ASK
2020-10-30 10:42:43,PG,135.92,6,BID
2020-10-30 10:42:42,PG,135.97,6,ASK
2020-10-30 10:42:44,PG,135.93,7,BID
2020-10-30 10:42:44,PG,136.0,7,ASK
2020-10-30 10:42:45,PG,135.94,1,BID
2020-10-30 10:42:44,PG,136.0,6,ASK
2020-10-30 10:42:46,PG,135.94,2,BID
2020-10-30 10:42:46,PG,136.0,7,ASK
2020-10-30 10:42:48,PG,135.94,2,BID
2020-10-30 10:42:46,PG,136.0,7,ASK
2020-10-30 10:42:46,PG,135.93,10,BID
2020-10-30 10:42:46,PG,136.0,7,ASK
2020-10-30 10:42:50,PG,135.94,2,BID
2020-10-30 10:42:46,PG,136.0,7,ASK
2020-10-30 10:42:46,PG,135.93,11,BID
2020-10-30 10:42:52,PG,135.99,4,ASK
2020-10-30 10:42:52,PG,135.94,2,BID
2020-10-30 10:42:52,PG,136.0,7,ASK
2020-10-30 10:42:52,PG,135.94,2,BID
2020-10-30 10:42:52,PG,136.0,7,ASK
2020-10-30 10:42:52,PG,135.94,2,BID
2020-10-30 10:42:52,PG,136.0,7,ASK
2020-10-30 10:42:52,PG,135.94,2,BID
2020-10-30 10:42:52,PG,136.0,7,ASK
2020-10-30 10:42:52,PG,135.94,2,BID
2020-10-30 10:42:52,PG,136.0,7,ASK
2020-10-30 10:42:52,PG,135.94,2,BID
2020-10-30 10:42:52,PG,136.0,7,ASK
2020-10-30 10:42:58,PG,135.99,1,BID
2020-10-30 10:42:58,PG,136.0,8,ASK
2020-10-30 10:42:58,PG,135.94,4,BID
2020-10-30 10:42:58,PG,136.0,8,ASK
2020-10-30 10:42:58,PG,135.94,4,BID
2020-10-30 10:42:58,PG,136.0,8,ASK
2020-10-30 10:43:00,PG,135.94,4,BID
2020-10-30 10:43:00,PG,136.0,8,ASK
2020-10-30 10:43:00,PG,135.94,4,BID
2020-10-30 10:43:00,PG,136.0,8,ASK
2020-10-30 10:43:00,PG,135.98,2,BID
2020-10-30 10:43:00,PG,136.04,3,ASK
2020-10-30 10:43:01,PG,135.99,3,BID
2020-10-30 10:43:00,PG,136.05,5,ASK
2020-10-30 10:43:01,PG,135.98,5,BID
2020-10-30 10:43:01,PG,136.05,2,ASK
2020-10-30 10:43:02,PG,136.02,1,BID
2020-10-30 10:43:01,PG,136.05,2,ASK
2020-10-30 10:43:02,PG,136.03,2,BID
2020-10-30 10:43:02,PG,136.06,1,ASK
2020-10-30 10:43:02,PG,136.03,3,BID
2020-10-30 10:43:02,PG,136.06,1,ASK
2020-10-30 10:43:03,PG,136.04,2,BID
2020-10-30 10:42:26,PG,136.07,3,ASK
2020-10-30 10:43:03,PG,136.04,2,BID
2020-10-30 10:42:26,PG,136.07,3,ASK
2020-10-30 10:43:03,PG,136.07,3,BID
2020-10-30 10:43:03,PG,136.1,5,ASK
2020-10-30 10:43:04,PG,136.05,4,BID
2020-10-30 10:43:04,PG,136.1,6,ASK
2020-10-30 10:43:04,PG,136.05,4,BID
2020-10-30 10:43:04,PG,136.09,2,ASK
2020-10-30 10:43:04,PG,136.05,4,BID
2020-10-30 10:43:04,PG,136.09,2,ASK
2020-10-30 10:43:05,PG,136.05,4,BID
2020-10-30 10:43:05,PG,136.09,1,ASK
2020-10-30 10:43:05,PG,136.04,5,BID
2020-10-30 10:43:05,PG,136.09,2,ASK
2020-10-30 10:43:06,PG,136.04,6,BID
2020-10-30 10:43:06,PG,136.09,1,ASK
2020-10-30 10:43:07,PG,136.02,2,BID
2020-10-30 10:43:07,PG,136.06,2,ASK
2020-10-30 10:43:07,PG,136.02,2,BID
2020-10-30 10:43:07,PG,136.06,3,ASK
2020-10-30 10:43:08,PG,136.02,2,BID
2020-10-30 10:43:08,PG,136.05,1,ASK
2020-10-30 10:43:09,PG,136.02,1,BID
2020-10-30 10:43:09,PG,136.06,2,ASK
2020-10-30 10:43:09,PG,136.02,3,BID
2020-10-30 10:43:09,PG,136.06,2,ASK
2020-10-30 10:43:11,PG,136.0,1,BID
2020-10-30 10:43:10,PG,136.05,2,ASK
2020-10-30 10:43:11,PG,136.0,1,BID
2020-10-30 10:43:11,PG,136.05,7,ASK
2020-10-30 10:43:12,PG,135.99,8,BID
2020-10-30 10:43:12,PG,136.05,5,ASK
2020-10-30 10:43:12,PG,135.99,8,BID
2020-10-30 10:43:12,PG,136.05,5,ASK
2020-10-30 10:43:14,PG,136.02,1,BID
2020-10-30 10:43:14,PG,136.05,5,ASK
2020-10-30 10:43:15,PG,136.01,2,BID
2020-10-30 10:43:14,PG,136.05,5,ASK
2020-10-30 10:43:15,PG,136.02,1,BID
2020-10-30 10:43:14,PG,136.05,5,ASK
2020-10-30 10:43:16,PG,136.03,4,BID
2020-10-30 10:43:16,PG,136.09,6,ASK
2020-10-30 10:43:17,PG,136.03,4,BID
2020-10-30 10:43:17,PG,136.09,6,ASK
2020-10-30 10:43:18,PG,136.03,4,BID
2020-10-30 10:43:18,PG,136.09,6,ASK
2020-10-30 10:43:18,PG,136.03,5,BID
2020-10-30 10:43:18,PG,136.09,6,ASK
2020-10-30 10:43:18,PG,136.03,5,BID
2020-10-30 10:43:18,PG,136.09,6,ASK
2020-10-30 10:43:18,PG,136.03,5,BID
2020-10-30 10:43:18,PG,136.09,6,ASK
2020-10-30 10:43:18,PG,136.03,5,BID
2020-10-30 10:43:18,PG,136.09,6,ASK
2020-10-30 10:43:21,PG,136.0,4,BID
2020-10-30 10:43:21,PG,136.05,5,ASK
2020-10-30 10:43:21,PG,136.0,4,BID
2020-10-30 10:43:21,PG,136.05,5,ASK
2020-10-30 10:43:22,PG,135.96,5,BID
2020-10-30 10:43:22,PG,136.02,4,ASK
2020-10-30 10:43:22,PG,135.96,6,BID
2020-10-30 10:43:22,PG,136.02,4,ASK
2020-10-30 10:43:23,PG,135.92,2,BID
2020-10-30 10:43:23,PG,135.96,2,ASK
2020-10-30 10:43:23,PG,135.92,1,BID
2020-10-30 10:43:23,PG,135.98,4,ASK
2020-10-30 10:43:23,PG,135.92,2,BID
2020-10-30 10:43:23,PG,136.0,7,ASK
2020-10-30 10:43:23,PG,135.92,2,BID
2020-10-30 10:43:23,PG,136.0,7,ASK
2020-10-30 10:43:23,PG,135.92,2,BID
2020-10-30 10:43:23,PG,136.0,7,ASK
2020-10-30 10:43:25,PG,135.93,5,BID
2020-10-30 10:43:24,PG,136.0,8,ASK
2020-10-30 10:43:26,PG,135.93,3,BID
2020-10-30 10:43:24,PG,136.0,7,ASK
2020-10-30 10:43:27,PG,135.94,4,BID
2020-10-30 10:43:27,PG,136.0,1,ASK
2020-10-30 10:43:27,PG,135.93,3,BID
2020-10-30 10:43:27,PG,136.0,4,ASK
2020-10-30 10:43:30,PG,135.93,3,BID
2020-10-30 10:43:27,PG,136.0,5,ASK
2020-10-30 10:43:31,PG,135.98,3,BID
2020-10-30 10:43:31,PG,136.04,7,ASK
2020-10-30 10:43:31,PG,135.98,3,BID
2020-10-30 10:43:31,PG,136.04,11,ASK
2020-10-30 10:43:32,PG,135.98,3,BID
2020-10-30 10:43:32,PG,136.04,9,ASK
2020-10-30 10:43:33,PG,135.98,3,BID
2020-10-30 10:43:33,PG,136.04,9,ASK
2020-10-30 10:43:35,PG,135.98,5,BID
2020-10-30 10:43:34,PG,136.04,10,ASK
2020-10-30 10:43:35,PG,135.98,5,BID
2020-10-30 10:43:34,PG,136.04,10,ASK
2020-10-30 10:43:35,PG,135.98,5,BID
2020-10-30 10:43:37,PG,136.03,2,ASK
2020-10-30 10:43:35,PG,135.98,5,BID
2020-10-30 10:43:38,PG,136.02,3,ASK
2020-10-30 10:43:30,PG,135.97,4,BID
2020-10-30 10:43:39,PG,136.01,2,ASK
2020-10-30 10:43:40,PG,135.92,4,BID
2020-10-30 10:43:40,PG,135.97,3,ASK
2020-10-30 10:43:40,PG,135.93,3,BID
2020-10-30 10:43:40,PG,135.99,1,ASK
2020-10-30 10:43:40,PG,135.93,3,BID
2020-10-30 10:43:41,PG,135.99,3,ASK
2020-10-30 10:43:42,PG,135.92,3,BID
2020-10-30 10:43:42,PG,135.98,4,ASK
2020-10-30 10:43:44,PG,135.92,5,BID
2020-10-30 10:43:44,PG,135.97,4,ASK
2020-10-30 10:43:45,PG,135.84,4,BID
2020-10-30 10:43:45,PG,135.91,3,ASK
2020-10-30 10:43:46,PG,135.84,3,BID
2020-10-30 10:43:46,PG,135.91,2,ASK
2020-10-30 10:43:46,PG,135.84,3,BID
2020-10-30 10:43:46,PG,135.91,2,ASK
2020-10-30 10:43:47,PG,135.84,3,BID
2020-10-30 10:43:47,PG,135.88,5,ASK
2020-10-30 10:43:47,PG,135.8,2,BID
2020-10-30 10:43:47,PG,135.85,4,ASK
2020-10-30 10:43:47,PG,135.82,5,BID
2020-10-30 10:43:47,PG,135.88,6,ASK
2020-10-30 10:43:48,PG,135.8,3,BID
2020-10-30 10:43:48,PG,135.86,2,ASK
2020-10-30 10:43:48,PG,135.8,5,BID
2020-10-30 10:43:48,PG,135.85,3,ASK
2020-10-30 10:43:49,PG,135.77,2,BID
2020-10-30 10:43:49,PG,135.82,2,ASK
2020-10-30 10:43:49,PG,135.77,1,BID
2020-10-30 10:43:49,PG,135.82,3,ASK
2020-10-30 10:43:49,PG,135.79,1,BID
2020-10-30 10:43:49,PG,135.82,2,ASK
2020-10-30 10:43:50,PG,135.77,2,BID
2020-10-30 10:43:50,PG,135.82,4,ASK
2020-10-30 10:43:50,PG,135.78,1,BID
2020-10-30 10:43:50,PG,135.82,4,ASK
2020-10-30 10:43:50,PG,135.78,1,BID
2020-10-30 10:43:50,PG,135.82,4,ASK
2020-10-30 10:43:50,PG,135.73,2,BID
2020-10-30 10:43:50,PG,135.75,1,ASK
2020-10-30 10:43:51,PG,135.69,2,BID
2020-10-30 10:43:51,PG,135.73,2,ASK
2020-10-30 10:43:51,PG,135.68,6,BID
2020-10-30 10:43:51,PG,135.75,5,ASK
2020-10-30 10:43:51,PG,135.71,3,BID
2020-10-30 10:43:51,PG,135.78,3,ASK
2020-10-30 10:43:52,PG,135.73,2,BID
2020-10-30 10:43:52,PG,135.79,1,ASK
2020-10-30 10:43:52,PG,135.76,2,BID
2020-10-30 10:43:52,PG,135.81,3,ASK
2020-10-30 10:43:52,PG,135.76,2,BID
2020-10-30 10:43:52,PG,135.81,3,ASK
2020-10-30 10:43:53,PG,135.77,2,BID
2020-10-30 10:43:52,PG,135.81,2,ASK
2020-10-30 10:43:53,PG,135.77,3,BID
2020-10-30 10:43:53,PG,135.81,2,ASK
2020-10-30 10:43:53,PG,135.77,3,BID
2020-10-30 10:43:53,PG,135.81,2,ASK
2020-10-30 10:43:54,PG,135.77,3,BID
2020-10-30 10:43:54,PG,135.81,2,ASK
2020-10-30 10:43:54,PG,135.77,5,BID
2020-10-30 10:43:54,PG,135.81,4,ASK
2020-10-30 10:43:51,PG,135.71,3,BID
2020-10-30 10:43:55,PG,135.76,1,ASK
2020-10-30 10:43:55,PG,135.71,4,BID
2020-10-30 10:43:55,PG,135.77,1,ASK
2020-10-30 10:43:55,PG,135.71,4,BID
2020-10-30 10:43:55,PG,135.78,1,ASK
2020-10-30 10:43:55,PG,135.71,4,BID
2020-10-30 10:43:55,PG,135.78,1,ASK
2020-10-30 10:43:56,PG,135.71,4,BID
2020-10-30 10:43:56,PG,135.77,2,ASK
2020-10-30 10:43:56,PG,135.71,4,BID
2020-10-30 10:43:56,PG,135.77,2,ASK
2020-10-30 10:43:56,PG,135.71,4,BID
2020-10-30 10:43:56,PG,135.77,2,ASK
2020-10-30 10:43:57,PG,135.68,1,BID
2020-10-30 10:43:57,PG,135.75,3,ASK
2020-10-30 10:43:57,PG,135.68,1,BID
2020-10-30 10:43:57,PG,135.75,3,ASK
2020-10-30 10:43:58,PG,135.66,1,BID
2020-10-30 10:43:58,PG,135.73,3,ASK
2020-10-30 10:43:58,PG,135.66,3,BID
2020-10-30 10:43:58,PG,135.73,5,ASK
2020-10-30 10:43:59,PG,135.69,2,BID
2020-10-30 10:43:59,PG,135.75,2,ASK
2020-10-30 10:44:00,PG,135.69,2,BID
2020-10-30 10:44:00,PG,135.75,2,ASK
2020-10-30 10:44:01,PG,135.68,1,BID
2020-10-30 10:44:01,PG,135.74,1,ASK
2020-10-30 10:44:01,PG,135.68,1,BID
2020-10-30 10:44:01,PG,135.74,1,ASK
2020-10-30 10:44:01,PG,135.68,1,BID
2020-10-30 10:44:01,PG,135.74,1,ASK
2020-10-30 10:44:01,PG,135.68,1,BID
2020-10-30 10:44:01,PG,135.74,1,ASK
2020-10-30 10:44:03,PG,135.71,2,BID
2020-10-30 10:44:03,PG,135.76,2,ASK
2020-10-30 10:44:04,PG,135.73,2,BID
2020-10-30 10:44:04,PG,135.77,2,ASK
2020-10-30 10:44:04,PG,135.73,3,BID
2020-10-30 10:44:04,PG,135.76,1,ASK
2020-10-30 10:44:04,PG,135.7,1,BID
2020-10-30 10:44:04,PG,135.76,3,ASK
2020-10-30 10:43:58,PG,135.66,3,BID
2020-10-30 10:44:05,PG,135.76,4,ASK
2020-10-30 10:44:05,PG,135.68,2,BID
2020-10-30 10:44:05,PG,135.76,4,ASK
2020-10-30 10:44:06,PG,135.68,2,BID
2020-10-30 10:44:06,PG,135.74,3,ASK
2020-10-30 10:44:06,PG,135.67,1,BID
2020-10-30 10:44:06,PG,135.74,3,ASK
2020-10-30 10:44:06,PG,135.67,1,BID
2020-10-30 10:44:06,PG,135.74,3,ASK
2020-10-30 10:44:08,PG,135.67,2,BID
2020-10-30 10:44:06,PG,135.74,3,ASK
2020-10-30 10:44:08,PG,135.67,2,BID
2020-10-30 10:44:08,PG,135.73,3,ASK
2020-10-30 10:44:09,PG,135.68,2,BID
2020-10-30 10:44:09,PG,135.74,2,ASK
2020-10-30 10:44:09,PG,135.67,3,BID
2020-10-30 10:44:09,PG,135.72,1,ASK
2020-10-30 10:44:10,PG,135.67,4,BID
2020-10-30 10:44:10,PG,135.74,4,ASK
2020-10-30 10:44:11,PG,135.67,3,BID
2020-10-30 10:44:11,PG,135.73,5,ASK
2020-10-30 10:44:12,PG,135.63,2,BID
2020-10-30 10:44:12,PG,135.69,2,ASK
2020-10-30 10:44:12,PG,135.67,1,BID
2020-10-30 10:44:12,PG,135.71,5,ASK
2020-10-30 10:44:12,PG,135.67,3,BID
2020-10-30 10:44:12,PG,135.71,5,ASK
2020-10-30 10:44:14,PG,135.68,4,BID
2020-10-30 10:44:14,PG,135.76,3,ASK
2020-10-30 10:44:15,PG,135.66,2,BID
2020-10-30 10:44:15,PG,135.73,2,ASK
2020-10-30 10:44:17,PG,135.73,1,BID
2020-10-30 10:44:04,PG,135.77,4,ASK
2020-10-30 10:44:19,PG,135.73,1,BID
2020-10-30 10:44:19,PG,135.76,1,ASK
2020-10-30 10:44:21,PG,135.73,1,BID
2020-10-30 10:44:21,PG,135.78,1,ASK
2020-10-30 10:44:22,PG,135.73,1,BID
2020-10-30 10:44:22,PG,135.77,3,ASK
2020-10-30 10:44:23,PG,135.76,2,BID
2020-10-30 10:44:23,PG,135.82,6,ASK
2020-10-30 10:44:23,PG,135.74,2,BID
2020-10-30 10:44:23,PG,135.8,4,ASK
2020-10-30 10:44:24,PG,135.74,4,BID
2020-10-30 10:44:23,PG,135.8,4,ASK
2020-10-30 10:44:25,PG,135.77,2,BID
2020-10-30 10:44:25,PG,135.84,2,ASK
2020-10-30 10:44:26,PG,135.77,1,BID
2020-10-30 10:44:26,PG,135.82,6,ASK
2020-10-30 10:44:26,PG,135.78,1,BID
2020-10-30 10:44:25,PG,135.84,4,ASK
2020-10-30 10:44:28,PG,135.78,3,BID
2020-10-30 10:44:28,PG,135.84,7,ASK
2020-10-30 10:44:30,PG,135.78,3,BID
2020-10-30 10:44:30,PG,135.84,7,ASK
2020-10-30 10:44:30,PG,135.78,3,BID
2020-10-30 10:44:30,PG,135.84,7,ASK
2020-10-30 10:44:33,PG,135.81,1,BID
2020-10-30 10:44:33,PG,135.87,2,ASK
2020-10-30 10:44:34,PG,135.84,2,BID
2020-10-30 10:44:34,PG,135.9,1,ASK
2020-10-30 10:44:34,PG,135.84,3,BID
2020-10-30 10:44:35,PG,135.87,1,ASK
2020-10-30 10:44:36,PG,135.82,3,BID
2020-10-30 10:44:36,PG,135.86,2,ASK
2020-10-30 10:44:38,PG,135.75,1,BID
2020-10-30 10:44:38,PG,135.82,1,ASK
2020-10-30 10:44:23,PG,135.73,4,BID
2020-10-30 10:44:39,PG,135.8,2,ASK
2020-10-30 10:44:40,PG,135.71,1,BID
2020-10-30 10:44:40,PG,135.76,3,ASK
2020-10-30 10:44:40,PG,135.71,1,BID
2020-10-30 10:44:40,PG,135.76,3,ASK
2020-10-30 10:44:41,PG,135.71,5,BID
2020-10-30 10:44:40,PG,135.77,5,ASK
2020-10-30 10:44:41,PG,135.71,5,BID
2020-10-30 10:44:40,PG,135.77,5,ASK
2020-10-30 10:44:41,PG,135.71,5,BID
2020-10-30 10:44:40,PG,135.77,5,ASK
2020-10-30 10:44:42,PG,135.71,5,BID
2020-10-30 10:44:42,PG,135.76,3,ASK
2020-10-30 10:44:42,PG,135.71,5,BID
2020-10-30 10:44:43,PG,135.76,3,ASK
2020-10-30 10:44:44,PG,135.72,2,BID
2020-10-30 10:44:44,PG,135.79,2,ASK
2020-10-30 10:44:45,PG,135.72,3,BID
2020-10-30 10:44:45,PG,135.79,2,ASK
2020-10-30 10:44:46,PG,135.72,5,BID
2020-10-30 10:44:47,PG,135.77,1,ASK
2020-10-30 10:44:46,PG,135.72,5,BID
2020-10-30 10:44:48,PG,135.77,1,ASK
2020-10-30 10:44:46,PG,135.72,5,BID
2020-10-30 10:44:48,PG,135.79,3,ASK
2020-10-30 10:44:49,PG,135.73,2,BID
2020-10-30 10:44:49,PG,135.79,2,ASK
2020-10-30 10:44:50,PG,135.73,3,BID
2020-10-30 10:44:50,PG,135.79,2,ASK
2020-10-30 10:44:51,PG,135.71,3,BID
2020-10-30 10:44:51,PG,135.77,1,ASK
2020-10-30 10:44:51,PG,135.7,2,BID
2020-10-30 10:44:51,PG,135.75,3,ASK
2020-10-30 10:44:52,PG,135.73,1,BID
2020-10-30 10:44:52,PG,135.77,1,ASK
2020-10-30 10:44:52,PG,135.74,1,BID
2020-10-30 10:44:52,PG,135.77,3,ASK
2020-10-30 10:44:54,PG,135.67,3,BID
2020-10-30 10:44:54,PG,135.75,7,ASK
2020-10-30 10:44:54,PG,135.68,2,BID
2020-10-30 10:44:54,PG,135.74,7,ASK
2020-10-30 10:44:54,PG,135.67,3,BID
2020-10-30 10:44:54,PG,135.74,8,ASK
2020-10-30 10:44:54,PG,135.67,3,BID
2020-10-30 10:44:54,PG,135.74,8,ASK
2020-10-30 10:44:54,PG,135.67,3,BID
2020-10-30 10:44:54,PG,135.74,8,ASK
2020-10-30 10:44:54,PG,135.67,3,BID
2020-10-30 10:44:54,PG,135.74,8,ASK
2020-10-30 10:44:54,PG,135.67,3,BID
2020-10-30 10:44:54,PG,135.74,8,ASK
2020-10-30 10:44:54,PG,135.67,3,BID
2020-10-30 10:44:54,PG,135.74,8,ASK
2020-10-30 10:44:54,PG,135.67,3,BID
2020-10-30 10:44:54,PG,135.74,8,ASK
2020-10-30 10:44:54,PG,135.67,3,BID
2020-10-30 10:44:54,PG,135.74,8,ASK
2020-10-30 10:44:54,PG,135.67,3,BID
2020-10-30 10:44:54,PG,135.74,8,ASK
2020-10-30 10:44:56,PG,135.69,2,BID
2020-10-30 10:44:56,PG,135.75,7,ASK
2020-10-30 10:44:57,PG,135.71,2,BID
2020-10-30 10:44:57,PG,135.77,4,ASK
2020-10-30 10:44:59,PG,135.72,2,BID
2020-10-30 10:44:58,PG,135.77,6,ASK
2020-10-30 10:45:00,PG,135.73,1,BID
2020-10-30 10:45:00,PG,135.77,6,ASK
2020-10-30 10:45:01,PG,135.74,1,BID
2020-10-30 10:45:01,PG,135.8,3,ASK
2020-10-30 10:45:01,PG,135.75,1,BID
2020-10-30 10:45:01,PG,135.81,4,ASK
2020-10-30 10:45:01,PG,135.76,3,BID
2020-10-30 10:45:01,PG,135.82,6,ASK
2020-10-30 10:45:01,PG,135.76,3,BID
2020-10-30 10:45:01,PG,135.82,6,ASK
2020-10-30 10:45:02,PG,135.73,3,BID
2020-10-30 10:45:02,PG,135.8,3,ASK
2020-10-30 10:45:02,PG,135.73,3,BID
2020-10-30 10:45:02,PG,135.8,3,ASK
2020-10-30 10:45:03,PG,135.71,7,BID
2020-10-30 10:45:03,PG,135.78,4,ASK
2020-10-30 10:45:03,PG,135.71,6,BID
2020-10-30 10:45:03,PG,135.77,4,ASK
2020-10-30 10:45:03,PG,135.72,2,BID
2020-10-30 10:45:03,PG,135.78,2,ASK
2020-10-30 10:45:04,PG,135.72,2,BID
2020-10-30 10:45:04,PG,135.78,2,ASK
2020-10-30 10:45:05,PG,135.75,1,BID
2020-10-30 10:45:05,PG,135.79,4,ASK
2020-10-30 10:45:06,PG,135.72,3,BID
2020-10-30 10:45:06,PG,135.79,6,ASK
2020-10-30 10:45:07,PG,135.74,1,BID
2020-10-30 10:45:07,PG,135.81,1,ASK
2020-10-30 10:45:07,PG,135.74,3,BID
2020-10-30 10:45:07,PG,135.8,2,ASK
2020-10-30 10:45:07,PG,135.73,3,BID
2020-10-30 10:45:08,PG,135.78,3,ASK
2020-10-30 10:45:09,PG,135.74,2,BID
2020-10-30 10:45:09,PG,135.8,6,ASK
2020-10-30 10:45:10,PG,135.75,1,BID
2020-10-30 10:45:10,PG,135.81,7,ASK
2020-10-30 10:45:11,PG,135.74,3,BID
2020-10-30 10:45:11,PG,135.81,9,ASK
2020-10-30 10:45:12,PG,135.75,3,BID
2020-10-30 10:45:10,PG,135.81,8,ASK
2020-10-30 10:45:12,PG,135.76,2,BID
2020-10-30 10:45:10,PG,135.81,8,ASK
2020-10-30 10:45:12,PG,135.76,4,BID
2020-10-30 10:45:10,PG,135.81,8,ASK
2020-10-30 10:45:15,PG,135.76,4,BID
2020-10-30 10:45:10,PG,135.81,8,ASK
2020-10-30 10:45:16,PG,135.71,3,BID
2020-10-30 10:45:16,PG,135.78,4,ASK
2020-10-30 10:45:16,PG,135.69,4,BID
2020-10-30 10:45:16,PG,135.76,6,ASK
2020-10-30 10:45:17,PG,135.74,1,BID
2020-10-30 10:45:17,PG,135.8,3,ASK
2020-10-30 10:45:18,PG,135.74,3,BID
2020-10-30 10:45:17,PG,135.8,6,ASK
2020-10-30 10:45:19,PG,135.72,2,BID
2020-10-30 10:45:19,PG,135.79,3,ASK
2020-10-30 10:45:20,PG,135.71,5,BID
2020-10-30 10:45:20,PG,135.77,4,ASK
2020-10-30 10:45:21,PG,135.72,2,BID
2020-10-30 10:45:21,PG,135.78,3,ASK
2020-10-30 10:45:22,PG,135.7,4,BID
2020-10-30 10:45:22,PG,135.74,1,ASK
2020-10-30 10:45:22,PG,135.69,6,BID
2020-10-30 10:45:22,PG,135.76,3,ASK
2020-10-30 10:45:23,PG,135.7,2,BID
2020-10-30 10:45:23,PG,135.76,4,ASK
2020-10-30 10:45:23,PG,135.7,2,BID
2020-10-30 10:45:23,PG,135.76,4,ASK
2020-10-30 10:45:24,PG,135.7,3,BID
2020-10-30 10:45:24,PG,135.76,1,ASK
2020-10-30 10:45:24,PG,135.71,4,BID
2020-10-30 10:45:26,PG,135.77,1,ASK
2020-10-30 10:45:24,PG,135.71,4,BID
2020-10-30 10:45:25,PG,135.78,9,ASK
2020-10-30 10:45:28,PG,135.71,3,BID
2020-10-30 10:45:28,PG,135.74,3,ASK
2020-10-30 10:45:29,PG,135.71,3,BID
2020-10-30 10:45:29,PG,135.76,3,ASK
2020-10-30 10:45:30,PG,135.71,3,BID
2020-10-30 10:45:30,PG,135.77,4,ASK
2020-10-30 10:45:32,PG,135.71,7,BID
2020-10-30 10:45:32,PG,135.77,2,ASK
2020-10-30 10:45:33,PG,135.72,2,BID
2020-10-30 10:45:33,PG,135.78,8,ASK
2020-10-30 10:45:32,PG,135.71,8,BID
2020-10-30 10:45:34,PG,135.78,7,ASK
2020-10-30 10:45:35,PG,135.76,1,BID
2020-10-30 10:45:35,PG,135.81,1,ASK
2020-10-30 10:45:36,PG,135.76,3,BID
2020-10-30 10:45:36,PG,135.81,1,ASK
2020-10-30 10:45:38,PG,135.75,1,BID
2020-10-30 10:45:38,PG,135.78,1,ASK
2020-10-30 10:45:32,PG,135.71,8,BID
2020-10-30 10:45:39,PG,135.79,8,ASK
2020-10-30 10:45:41,PG,135.73,7,BID
2020-10-30 10:45:41,PG,135.79,1,ASK
2020-10-30 10:45:41,PG,135.73,7,BID
2020-10-30 10:45:41,PG,135.78,1,ASK
2020-10-30 10:45:42,PG,135.73,7,BID
2020-10-30 10:45:41,PG,135.79,3,ASK
2020-10-30 10:45:42,PG,135.73,6,BID
2020-10-30 10:45:41,PG,135.8,6,ASK
2020-10-30 10:45:44,PG,135.73,3,BID
2020-10-30 10:45:44,PG,135.79,4,ASK
2020-10-30 10:45:45,PG,135.75,4,BID
2020-10-30 10:45:45,PG,135.8,2,ASK
2020-10-30 10:45:46,PG,135.76,2,BID
2020-10-30 10:45:46,PG,135.81,6,ASK
2020-10-30 10:45:46,PG,135.8,1,BID
2020-10-30 10:44:38,PG,135.84,4,ASK
2020-10-30 10:45:46,PG,135.8,2,BID
2020-10-30 10:45:46,PG,135.84,2,ASK
2020-10-30 10:45:47,PG,135.8,3,BID
2020-10-30 10:45:47,PG,135.85,4,ASK
2020-10-30 10:45:48,PG,135.8,4,BID
2020-10-30 10:45:48,PG,135.85,2,ASK
2020-10-30 10:45:49,PG,135.8,6,BID
2020-10-30 10:44:35,PG,135.87,6,ASK
2020-10-30 10:45:49,PG,135.8,5,BID
2020-10-30 10:45:50,PG,135.86,1,ASK
2020-10-30 10:45:52,PG,135.81,3,BID
2020-10-30 10:45:52,PG,135.86,2,ASK
2020-10-30 10:45:52,PG,135.81,3,BID
2020-10-30 10:45:52,PG,135.86,2,ASK
2020-10-30 10:45:52,PG,135.81,3,BID
2020-10-30 10:45:52,PG,135.86,2,ASK
2020-10-30 10:45:52,PG,135.81,3,BID
2020-10-30 10:45:57,PG,135.86,1,ASK
2020-10-30 10:45:52,PG,135.81,3,BID
2020-10-30 10:45:57,PG,135.86,1,ASK
2020-10-30 10:46:00,PG,135.83,1,BID
2020-10-30 10:44:35,PG,135.87,7,ASK
2020-10-30 10:46:01,PG,135.81,3,BID
2020-10-30 10:46:01,PG,135.86,2,ASK
2020-10-30 10:46:02,PG,135.81,3,BID
2020-10-30 10:46:02,PG,135.86,3,ASK
2020-10-30 10:46:02,PG,135.81,4,BID
2020-10-30 10:44:35,PG,135.87,7,ASK
2020-10-30 10:46:04,PG,135.83,2,BID
2020-10-30 10:44:35,PG,135.87,7,ASK
2020-10-30 10:46:04,PG,135.83,3,BID
2020-10-30 10:46:05,PG,135.86,1,ASK
2020-10-30 10:46:04,PG,135.83,3,BID
2020-10-30 10:44:35,PG,135.87,5,ASK
2020-10-30 10:46:04,PG,135.83,3,BID
2020-10-30 10:44:35,PG,135.87,5,ASK
2020-10-30 10:46:09,PG,135.85,3,BID
2020-10-30 10:46:09,PG,135.91,2,ASK
2020-10-30 10:46:10,PG,135.85,2,BID
2020-10-30 10:46:10,PG,135.92,1,ASK
2020-10-30 10:46:11,PG,135.85,5,BID
2020-10-30 10:46:11,PG,135.92,1,ASK
2020-10-30 10:46:11,PG,135.85,4,BID
2020-10-30 10:46:12,PG,135.91,2,ASK
2020-10-30 10:46:12,PG,135.86,1,BID
2020-10-30 10:46:12,PG,135.9,1,ASK
2020-10-30 10:46:11,PG,135.85,4,BID
2020-10-30 10:46:13,PG,135.91,2,ASK
2020-10-30 10:46:11,PG,135.85,6,BID
2020-10-30 10:46:14,PG,135.92,1,ASK
2020-10-30 10:46:11,PG,135.85,5,BID
2020-10-30 10:46:15,PG,135.92,1,ASK
2020-10-30 10:46:15,PG,135.88,2,BID
2020-10-30 10:46:15,PG,135.92,1,ASK
2020-10-30 10:46:16,PG,135.88,2,BID
2020-10-30 10:46:17,PG,135.93,3,ASK
2020-10-30 10:46:16,PG,135.88,2,BID
2020-10-30 10:46:17,PG,135.93,3,ASK
2020-10-30 10:46:18,PG,135.88,3,BID
2020-10-30 10:46:18,PG,135.92,1,ASK
2020-10-30 10:46:19,PG,135.88,2,BID
2020-10-30 10:46:19,PG,135.92,4,ASK
2020-10-30 10:46:19,PG,135.8,2,BID
2020-10-30 10:46:19,PG,135.85,3,ASK
2020-10-30 10:46:19,PG,135.79,2,BID
2020-10-30 10:46:19,PG,135.84,7,ASK
2020-10-30 10:46:19,PG,135.8,1,BID
2020-10-30 10:46:19,PG,135.86,4,ASK
2020-10-30 10:46:20,PG,135.82,2,BID
2020-10-30 10:46:20,PG,135.89,7,ASK
2020-10-30 10:46:20,PG,135.81,4,BID
2020-10-30 10:46:20,PG,135.89,7,ASK
2020-10-30 10:46:22,PG,135.81,5,BID
2020-10-30 10:46:20,PG,135.89,7,ASK
2020-10-30 10:46:22,PG,135.81,5,BID
2020-10-30 10:46:23,PG,135.89,7,ASK
2020-10-30 10:46:22,PG,135.81,5,BID
2020-10-30 10:46:23,PG,135.89,6,ASK
2020-10-30 10:46:22,PG,135.81,5,BID
2020-10-30 10:46:23,PG,135.89,6,ASK
2020-10-30 10:46:25,PG,135.81,4,BID
2020-10-30 10:46:25,PG,135.85,3,ASK
2020-10-30 10:46:25,PG,135.81,4,BID
2020-10-30 10:46:25,PG,135.85,3,ASK
2020-10-30 10:46:27,PG,135.81,4,BID
2020-10-30 10:46:27,PG,135.86,3,ASK
2020-10-30 10:46:27,PG,135.81,4,BID
2020-10-30 10:46:28,PG,135.86,3,ASK
2020-10-30 10:46:27,PG,135.81,5,BID
2020-10-30 10:46:29,PG,135.86,3,ASK
2020-10-30 10:46:27,PG,135.81,5,BID
2020-10-30 10:46:30,PG,135.86,4,ASK
2020-10-30 10:46:27,PG,135.81,5,BID
2020-10-30 10:46:30,PG,135.85,1,ASK
2020-10-30 10:46:32,PG,135.82,4,BID
2020-10-30 10:46:32,PG,135.86,4,ASK
2020-10-30 10:46:32,PG,135.82,5,BID
2020-10-30 10:46:33,PG,135.86,6,ASK
2020-10-30 10:46:32,PG,135.82,5,BID
2020-10-30 10:46:34,PG,135.86,5,ASK
2020-10-30 10:46:35,PG,135.82,6,BID
2020-10-30 10:46:35,PG,135.86,6,ASK
2020-10-30 10:46:35,PG,135.82,5,BID
2020-10-30 10:46:36,PG,135.86,6,ASK
2020-10-30 10:46:35,PG,135.82,6,BID
2020-10-30 10:46:38,PG,135.86,6,ASK
2020-10-30 10:46:35,PG,135.82,8,BID
2020-10-30 10:46:39,PG,135.89,2,ASK
2020-10-30 10:46:35,PG,135.82,6,BID
2020-10-30 10:46:40,PG,135.89,2,ASK
2020-10-30 10:46:41,PG,135.82,1,BID
2020-10-30 10:46:41,PG,135.86,2,ASK
2020-10-30 10:46:41,PG,135.82,3,BID
2020-10-30 10:46:41,PG,135.87,1,ASK
2020-10-30 10:46:42,PG,135.82,3,BID
2020-10-30 10:46:42,PG,135.88,3,ASK
2020-10-30 10:46:42,PG,135.82,3,BID
2020-10-30 10:46:44,PG,135.88,3,ASK
2020-10-30 10:46:44,PG,135.82,4,BID
2020-10-30 10:46:44,PG,135.86,3,ASK
2020-10-30 10:46:44,PG,135.82,5,BID
2020-10-30 10:46:45,PG,135.86,3,ASK
2020-10-30 10:46:47,PG,135.83,4,BID
2020-10-30 10:46:47,PG,135.88,5,ASK
2020-10-30 10:46:48,PG,135.85,2,BID
2020-10-30 10:46:40,PG,135.9,10,ASK
2020-10-30 10:46:49,PG,135.86,3,BID
2020-10-30 10:46:49,PG,135.89,1,ASK
2020-10-30 10:46:50,PG,135.85,1,BID
2020-10-30 10:46:50,PG,135.89,4,ASK
2020-10-30 10:46:51,PG,135.85,4,BID
2020-10-30 10:46:51,PG,135.9,10,ASK
2020-10-30 10:46:51,PG,135.86,2,BID
2020-10-30 10:46:51,PG,135.9,10,ASK
2020-10-30 10:46:51,PG,135.86,2,BID
2020-10-30 10:46:51,PG,135.9,10,ASK
2020-10-30 10:46:51,PG,135.86,2,BID
2020-10-30 10:46:51,PG,135.9,10,ASK
2020-10-30 10:46:51,PG,135.86,2,BID
2020-10-30 10:46:51,PG,135.9,10,ASK
2020-10-30 10:46:51,PG,135.86,2,BID
2020-10-30 10:46:51,PG,135.9,10,ASK
2020-10-30 10:46:51,PG,135.86,2,BID
2020-10-30 10:46:51,PG,135.9,10,ASK
2020-10-30 10:46:51,PG,135.86,2,BID
2020-10-30 10:46:51,PG,135.9,10,ASK
2020-10-30 10:46:51,PG,135.86,2,BID
2020-10-30 10:46:51,PG,135.9,10,ASK
2020-10-30 10:46:51,PG,135.86,2,BID
2020-10-30 10:46:51,PG,135.9,10,ASK
2020-10-30 10:46:51,PG,135.86,2,BID
2020-10-30 10:46:51,PG,135.9,10,ASK
2020-10-30 10:46:51,PG,135.86,2,BID
2020-10-30 10:46:51,PG,135.9,10,ASK
2020-10-30 10:46:51,PG,135.86,2,BID
2020-10-30 10:46:51,PG,135.9,10,ASK
2020-10-30 10:46:51,PG,135.86,2,BID
2020-10-30 10:46:51,PG,135.9,10,ASK
2020-10-30 10:46:51,PG,135.86,2,BID
2020-10-30 10:46:51,PG,135.9,10,ASK
2020-10-30 10:46:51,PG,135.86,2,BID
2020-10-30 10:46:51,PG,135.9,10,ASK
2020-10-30 10:46:51,PG,135.86,2,BID
2020-10-30 10:46:51,PG,135.9,10,ASK
2020-10-30 10:46:51,PG,135.86,2,BID
2020-10-30 10:46:51,PG,135.9,10,ASK
2020-10-30 10:46:51,PG,135.86,2,BID
2020-10-30 10:46:51,PG,135.9,10,ASK
2020-10-30 10:46:51,PG,135.86,2,BID
2020-10-30 10:46:49,PG,135.9,10,ASK
2020-10-30 10:46:51,PG,135.86,2,BID
2020-10-30 10:46:49,PG,135.9,10,ASK
2020-10-30 10:46:51,PG,135.86,2,BID
2020-10-30 10:46:49,PG,135.9,10,ASK
2020-10-30 10:46:51,PG,135.86,2,BID
2020-10-30 10:46:49,PG,135.9,10,ASK
2020-10-30 10:46:51,PG,135.86,2,BID
2020-10-30 10:46:49,PG,135.9,10,ASK
2020-10-30 10:46:51,PG,135.86,2,BID
2020-10-30 10:46:49,PG,135.9,10,ASK
2020-10-30 10:46:51,PG,135.86,2,BID
2020-10-30 10:46:49,PG,135.9,10,ASK
2020-10-30 10:46:51,PG,135.86,2,BID
2020-10-30 10:46:49,PG,135.9,10,ASK
2020-10-30 10:46:57,PG,135.83,4,BID
2020-10-30 10:46:57,PG,135.87,3,ASK
2020-10-30 10:46:59,PG,135.86,2,BID
2020-10-30 10:46:49,PG,135.9,10,ASK
2020-10-30 10:47:01,PG,135.85,3,BID
2020-10-30 10:47:01,PG,135.89,1,ASK
2020-10-30 10:47:02,PG,135.85,3,BID
2020-10-30 10:47:02,PG,135.89,1,ASK
2020-10-30 10:47:02,PG,135.85,3,BID
2020-10-30 10:47:02,PG,135.89,1,ASK
2020-10-30 10:47:02,PG,135.85,3,BID
2020-10-30 10:47:02,PG,135.89,1,ASK
2020-10-30 10:47:02,PG,135.85,3,BID
2020-10-30 10:47:02,PG,135.89,1,ASK
2020-10-30 10:47:02,PG,135.85,3,BID
2020-10-30 10:47:02,PG,135.89,1,ASK
2020-10-30 10:47:02,PG,135.85,3,BID
2020-10-30 10:47:02,PG,135.89,1,ASK
2020-10-30 10:47:02,PG,135.85,3,BID
2020-10-30 10:47:02,PG,135.89,1,ASK
2020-10-30 10:47:02,PG,135.85,3,BID
2020-10-30 10:47:02,PG,135.89,1,ASK
2020-10-30 10:47:07,PG,135.86,1,BID
2020-10-30 10:47:02,PG,135.9,10,ASK
2020-10-30 10:47:07,PG,135.85,3,BID
2020-10-30 10:47:02,PG,135.9,9,ASK
2020-10-30 10:47:07,PG,135.8,3,BID
2020-10-30 10:47:07,PG,135.86,3,ASK
2020-10-30 10:47:07,PG,135.8,3,BID
2020-10-30 10:47:07,PG,135.86,3,ASK
2020-10-30 10:47:08,PG,135.82,4,BID
2020-10-30 10:47:08,PG,135.87,1,ASK
2020-10-30 10:47:08,PG,135.82,4,BID
2020-10-30 10:47:08,PG,135.86,1,ASK
2020-10-30 10:47:08,PG,135.82,4,BID
2020-10-30 10:47:08,PG,135.86,1,ASK
2020-10-30 10:47:08,PG,135.82,4,BID
2020-10-30 10:47:08,PG,135.86,1,ASK
2020-10-30 10:47:08,PG,135.82,4,BID
2020-10-30 10:47:09,PG,135.86,3,ASK
2020-10-30 10:47:08,PG,135.82,4,BID
2020-10-30 10:47:09,PG,135.86,3,ASK
2020-10-30 10:47:08,PG,135.82,4,BID
2020-10-30 10:47:09,PG,135.86,3,ASK
2020-10-30 10:47:08,PG,135.82,4,BID
2020-10-30 10:47:09,PG,135.86,3,ASK
2020-10-30 10:47:10,PG,135.82,4,BID
2020-10-30 10:47:09,PG,135.86,3,ASK
2020-10-30 10:47:11,PG,135.82,6,BID
2020-10-30 10:47:11,PG,135.86,1,ASK
2020-10-30 10:47:11,PG,135.82,6,BID
2020-10-30 10:47:11,PG,135.86,1,ASK
2020-10-30 10:47:11,PG,135.82,6,BID
2020-10-30 10:47:12,PG,135.87,3,ASK
2020-10-30 10:47:13,PG,135.83,4,BID
2020-10-30 10:47:08,PG,135.88,3,ASK
2020-10-30 10:47:15,PG,135.83,6,BID
2020-10-30 10:47:08,PG,135.88,3,ASK
2020-10-30 10:47:16,PG,135.83,5,BID
2020-10-30 10:47:16,PG,135.86,1,ASK
2020-10-30 10:47:18,PG,135.83,5,BID
2020-10-30 10:47:18,PG,135.86,1,ASK
2020-10-30 10:47:20,PG,135.83,5,BID
2020-10-30 10:47:20,PG,135.86,3,ASK
2020-10-30 10:47:07,PG,135.8,3,BID
2020-10-30 10:47:21,PG,135.83,1,ASK
2020-10-30 10:47:21,PG,135.8,7,BID
2020-10-30 10:47:21,PG,135.85,2,ASK
2020-10-30 10:47:22,PG,135.8,6,BID
2020-10-30 10:47:22,PG,135.85,4,ASK
2020-10-30 10:47:22,PG,135.8,6,BID
2020-10-30 10:47:22,PG,135.85,4,ASK
2020-10-30 10:47:24,PG,135.8,6,BID
2020-10-30 10:47:24,PG,135.85,2,ASK
2020-10-30 10:47:24,PG,135.81,3,BID
2020-10-30 10:47:24,PG,135.86,5,ASK
2020-10-30 10:47:25,PG,135.81,1,BID
2020-10-30 10:47:25,PG,135.86,2,ASK
2020-10-30 10:47:27,PG,135.83,2,BID
2020-10-30 10:47:27,PG,135.89,8,ASK
2020-10-30 10:47:27,PG,135.83,2,BID
2020-10-30 10:47:27,PG,135.89,8,ASK
2020-10-30 10:47:29,PG,135.8,3,BID
2020-10-30 10:47:29,PG,135.85,1,ASK
2020-10-30 10:47:30,PG,135.78,1,BID
2020-10-30 10:47:30,PG,135.84,3,ASK
2020-10-30 10:47:32,PG,135.79,5,BID
2020-10-30 10:47:32,PG,135.84,2,ASK
2020-10-30 10:47:33,PG,135.78,8,BID
2020-10-30 10:47:33,PG,135.84,5,ASK
2020-10-30 10:47:34,PG,135.8,3,BID
2020-10-30 10:47:30,PG,135.85,5,ASK
2020-10-30 10:47:34,PG,135.78,7,BID
2020-10-30 10:47:36,PG,135.83,3,ASK
2020-10-30 10:47:37,PG,135.75,4,BID
2020-10-30 10:47:37,PG,135.8,3,ASK
2020-10-30 10:47:37,PG,135.73,3,BID
2020-10-30 10:47:37,PG,135.78,3,ASK
2020-10-30 10:47:38,PG,135.7,7,BID
2020-10-30 10:47:38,PG,135.77,3,ASK
2020-10-30 10:47:38,PG,135.72,2,BID
2020-10-30 10:47:38,PG,135.77,3,ASK
2020-10-30 10:47:40,PG,135.72,6,BID
2020-10-30 10:47:40,PG,135.79,2,ASK
2020-10-30 10:47:40,PG,135.72,7,BID
2020-10-30 10:47:40,PG,135.78,3,ASK
2020-10-30 10:47:41,PG,135.73,6,BID
2020-10-30 10:47:41,PG,135.79,3,ASK
2020-10-30 10:47:41,PG,135.74,3,BID
2020-10-30 10:47:37,PG,135.8,4,ASK
2020-10-30 10:47:43,PG,135.74,5,BID
2020-10-30 10:47:43,PG,135.8,4,ASK
2020-10-30 10:47:43,PG,135.74,5,BID
2020-10-30 10:47:44,PG,135.8,4,ASK
2020-10-30 10:47:45,PG,135.74,6,BID
2020-10-30 10:47:45,PG,135.8,5,ASK
2020-10-30 10:47:45,PG,135.74,6,BID
2020-10-30 10:47:45,PG,135.8,5,ASK
2020-10-30 10:47:46,PG,135.74,6,BID
2020-10-30 10:47:45,PG,135.8,4,ASK
2020-10-30 10:47:48,PG,135.74,6,BID
2020-10-30 10:47:48,PG,135.79,3,ASK
2020-10-30 10:47:49,PG,135.68,4,BID
2020-10-30 10:47:49,PG,135.75,3,ASK
2020-10-30 10:47:50,PG,135.7,2,BID
2020-10-30 10:47:50,PG,135.75,5,ASK
2020-10-30 10:47:51,PG,135.7,2,BID
2020-10-30 10:47:50,PG,135.75,5,ASK
2020-10-30 10:47:02,PG,135.67,4,BID
2020-10-30 10:47:52,PG,135.74,4,ASK
2020-10-30 10:47:52,PG,135.65,5,BID
2020-10-30 10:47:52,PG,135.71,4,ASK
2020-10-30 10:47:53,PG,135.66,3,BID
2020-10-30 10:47:53,PG,135.72,3,ASK
2020-10-30 10:47:54,PG,135.68,2,BID
2020-10-30 10:47:54,PG,135.73,4,ASK
2020-10-30 10:47:55,PG,135.69,2,BID
2020-10-30 10:47:55,PG,135.74,8,ASK
2020-10-30 10:47:55,PG,135.68,3,BID
2020-10-30 10:47:56,PG,135.72,3,ASK
2020-10-30 10:47:56,PG,135.68,3,BID
2020-10-30 10:47:56,PG,135.72,3,ASK
2020-10-30 10:47:57,PG,135.65,6,BID
2020-10-30 10:47:58,PG,135.72,5,ASK
2020-10-30 10:47:57,PG,135.65,6,BID
2020-10-30 10:47:58,PG,135.71,4,ASK
2020-10-30 10:47:59,PG,135.64,6,BID
2020-10-30 10:47:58,PG,135.71,5,ASK
2020-10-30 10:48:00,PG,135.63,4,BID
2020-10-30 10:48:00,PG,135.69,2,ASK
2020-10-30 10:48:00,PG,135.64,2,BID
2020-10-30 10:48:00,PG,135.69,4,ASK
2020-10-30 10:48:00,PG,135.64,2,BID
2020-10-30 10:48:00,PG,135.69,4,ASK
2020-10-30 10:48:02,PG,135.64,2,BID
2020-10-30 10:48:02,PG,135.69,7,ASK
2020-10-30 10:48:02,PG,135.64,2,BID
2020-10-30 10:48:02,PG,135.69,5,ASK
2020-10-30 10:48:04,PG,135.65,3,BID
2020-10-30 10:48:04,PG,135.69,4,ASK
2020-10-30 10:48:06,PG,135.67,3,BID
2020-10-30 10:48:06,PG,135.69,1,ASK
2020-10-30 10:48:07,PG,135.67,4,BID
2020-10-30 10:48:07,PG,135.71,2,ASK
2020-10-30 10:48:08,PG,135.69,2,BID
2020-10-30 10:48:08,PG,135.75,5,ASK
2020-10-30 10:48:09,PG,135.69,2,BID
2020-10-30 10:48:09,PG,135.75,6,ASK
2020-10-30 10:48:10,PG,135.69,2,BID
2020-10-30 10:48:10,PG,135.74,1,ASK
2020-10-30 10:48:11,PG,135.71,2,BID
2020-10-30 10:48:11,PG,135.77,2,ASK
2020-10-30 10:48:12,PG,135.71,2,BID
2020-10-30 10:48:12,PG,135.76,2,ASK
2020-10-30 10:48:15,PG,135.73,2,BID
2020-10-30 10:48:15,PG,135.78,2,ASK
2020-10-30 10:48:15,PG,135.73,2,BID
2020-10-30 10:48:15,PG,135.78,4,ASK
2020-10-30 10:48:16,PG,135.73,4,BID
2020-10-30 10:48:16,PG,135.76,1,ASK
2020-10-30 10:48:18,PG,135.7,2,BID
2020-10-30 10:48:18,PG,135.74,3,ASK
2020-10-30 10:48:18,PG,135.7,4,BID
2020-10-30 10:48:18,PG,135.74,4,ASK
2020-10-30 10:48:20,PG,135.68,2,BID
2020-10-30 10:48:20,PG,135.72,3,ASK
2020-10-30 10:48:20,PG,135.68,3,BID
2020-10-30 10:48:20,PG,135.71,2,ASK
2020-10-30 10:48:21,PG,135.68,4,BID
2020-10-30 10:48:21,PG,135.71,1,ASK
2020-10-30 10:48:23,PG,135.69,2,BID
2020-10-30 10:48:23,PG,135.74,2,ASK
2020-10-30 10:48:24,PG,135.69,2,BID
2020-10-30 10:48:24,PG,135.73,4,ASK
2020-10-30 10:48:26,PG,135.71,3,BID
2020-10-30 10:48:26,PG,135.77,5,ASK
2020-10-30 10:48:26,PG,135.72,3,BID
2020-10-30 10:48:26,PG,135.76,1,ASK
2020-10-30 10:48:28,PG,135.72,5,BID
2020-10-30 10:48:28,PG,135.77,7,ASK
2020-10-30 10:48:30,PG,135.72,5,BID
2020-10-30 10:48:28,PG,135.77,8,ASK
2020-10-30 10:48:31,PG,135.72,5,BID
2020-10-30 10:48:28,PG,135.77,9,ASK
2020-10-30 10:48:31,PG,135.72,5,BID
2020-10-30 10:48:28,PG,135.77,7,ASK
2020-10-30 10:48:31,PG,135.72,5,BID
2020-10-30 10:48:28,PG,135.77,6,ASK
2020-10-30 10:48:35,PG,135.74,3,BID
2020-10-30 10:48:28,PG,135.77,6,ASK
2020-10-30 10:48:35,PG,135.74,3,BID
2020-10-30 10:48:28,PG,135.77,6,ASK
2020-10-30 10:48:39,PG,135.74,4,BID
2020-10-30 10:48:39,PG,135.78,5,ASK
2020-10-30 10:48:41,PG,135.74,5,BID
2020-10-30 10:48:41,PG,135.78,5,ASK
2020-10-30 10:48:31,PG,135.72,5,BID
2020-10-30 10:48:43,PG,135.76,7,ASK
2020-10-30 10:48:43,PG,135.74,2,BID
2020-10-30 10:48:43,PG,135.77,1,ASK
2020-10-30 10:48:44,PG,135.72,5,BID
2020-10-30 10:48:44,PG,135.77,1,ASK
2020-10-30 10:48:46,PG,135.72,2,BID
2020-10-30 10:48:46,PG,135.76,2,ASK
2020-10-30 10:48:46,PG,135.72,3,BID
2020-10-30 10:48:46,PG,135.76,2,ASK
2020-10-30 10:48:46,PG,135.72,3,BID
2020-10-30 10:48:49,PG,135.76,2,ASK
2020-10-30 10:48:50,PG,135.72,4,BID
2020-10-30 10:48:50,PG,135.76,2,ASK
2020-10-30 10:48:50,PG,135.72,4,BID
2020-10-30 10:48:50,PG,135.76,2,ASK
2020-10-30 10:48:53,PG,135.73,3,BID
2020-10-30 10:48:53,PG,135.76,3,ASK
2020-10-30 10:48:55,PG,135.74,2,BID
2020-10-30 10:48:55,PG,135.77,5,ASK
2020-10-30 10:48:26,PG,135.71,6,BID
2020-10-30 10:48:56,PG,135.76,3,ASK
2020-10-30 10:48:58,PG,135.67,1,BID
2020-10-30 10:48:58,PG,135.73,4,ASK
2020-10-30 10:48:58,PG,135.66,7,BID
2020-10-30 10:48:58,PG,135.75,3,ASK
2020-10-30 10:48:58,PG,135.66,7,BID
2020-10-30 10:49:00,PG,135.75,3,ASK
2020-10-30 10:49:01,PG,135.67,1,BID
2020-10-30 10:49:01,PG,135.75,4,ASK
2020-10-30 10:49:01,PG,135.71,3,BID
2020-10-30 10:49:01,PG,135.76,5,ASK
2020-10-30 10:49:01,PG,135.71,3,BID
2020-10-30 10:49:01,PG,135.76,5,ASK
2020-10-30 10:49:01,PG,135.71,3,BID
2020-10-30 10:49:01,PG,135.76,5,ASK
2020-10-30 10:49:01,PG,135.71,3,BID
2020-10-30 10:49:01,PG,135.76,5,ASK
2020-10-30 10:49:01,PG,135.71,3,BID
2020-10-30 10:49:01,PG,135.76,5,ASK
2020-10-30 10:49:01,PG,135.71,3,BID
2020-10-30 10:49:01,PG,135.76,5,ASK
2020-10-30 10:49:01,PG,135.71,3,BID
2020-10-30 10:49:01,PG,135.76,5,ASK
2020-10-30 10:49:01,PG,135.71,3,BID
2020-10-30 10:49:01,PG,135.76,5,ASK
2020-10-30 10:49:01,PG,135.71,3,BID
2020-10-30 10:49:01,PG,135.76,5,ASK
2020-10-30 10:49:01,PG,135.71,3,BID
2020-10-30 10:49:01,PG,135.76,5,ASK
2020-10-30 10:49:01,PG,135.71,3,BID
2020-10-30 10:49:01,PG,135.76,5,ASK
2020-10-30 10:49:01,PG,135.71,3,BID
2020-10-30 10:49:01,PG,135.76,5,ASK
2020-10-30 10:49:01,PG,135.71,3,BID
2020-10-30 10:49:01,PG,135.76,5,ASK
2020-10-30 10:49:01,PG,135.71,3,BID
2020-10-30 10:49:01,PG,135.76,5,ASK
2020-10-30 10:49:01,PG,135.71,3,BID
2020-10-30 10:49:01,PG,135.76,5,ASK
2020-10-30 10:49:01,PG,135.71,3,BID
2020-10-30 10:49:01,PG,135.76,5,ASK
2020-10-30 10:49:01,PG,135.71,3,BID
2020-10-30 10:49:01,PG,135.76,5,ASK
2020-10-30 10:49:01,PG,135.71,3,BID
2020-10-30 10:49:01,PG,135.76,5,ASK
2020-10-30 10:49:01,PG,135.71,3,BID
2020-10-30 10:49:01,PG,135.76,5,ASK
2020-10-30 10:49:01,PG,135.71,3,BID
2020-10-30 10:49:01,PG,135.76,5,ASK
2020-10-30 10:49:01,PG,135.71,3,BID
2020-10-30 10:49:01,PG,135.76,5,ASK
2020-10-30 10:49:01,PG,135.71,3,BID
2020-10-30 10:49:01,PG,135.76,5,ASK
2020-10-30 10:49:01,PG,135.71,3,BID
2020-10-30 10:49:01,PG,135.76,5,ASK
2020-10-30 10:49:01,PG,135.71,3,BID
2020-10-30 10:49:01,PG,135.76,5,ASK
2020-10-30 10:49:01,PG,135.71,3,BID
2020-10-30 10:49:01,PG,135.76,5,ASK
2020-10-30 10:49:01,PG,135.71,3,BID
2020-10-30 10:49:01,PG,135.76,5,ASK
2020-10-30 10:49:08,PG,135.74,3,BID
2020-10-30 10:49:08,PG,135.77,5,ASK
2020-10-30 10:49:09,PG,135.76,5,BID
2020-10-30 10:49:09,PG,135.8,6,ASK
2020-10-30 10:49:11,PG,135.77,4,BID
2020-10-30 10:49:11,PG,135.8,6,ASK
2020-10-30 10:49:12,PG,135.79,3,BID
2020-10-30 10:47:37,PG,135.81,4,ASK
2020-10-30 10:49:13,PG,135.77,1,BID
2020-10-30 10:49:13,PG,135.8,1,ASK
2020-10-30 10:49:14,PG,135.76,6,BID
2020-10-30 10:49:14,PG,135.8,3,ASK
2020-10-30 10:49:14,PG,135.76,6,BID
2020-10-30 10:49:14,PG,135.8,3,ASK
2020-10-30 10:49:14,PG,135.76,6,BID
2020-10-30 10:49:14,PG,135.8,3,ASK
2020-10-30 10:49:09,PG,135.74,3,BID
2020-10-30 10:49:16,PG,135.77,2,ASK
2020-10-30 10:49:18,PG,135.74,3,BID
2020-10-30 10:49:18,PG,135.79,2,ASK
2020-10-30 10:49:19,PG,135.75,1,BID
2020-10-30 10:49:19,PG,135.79,4,ASK
2020-10-30 10:49:20,PG,135.75,2,BID
2020-10-30 10:49:20,PG,135.8,4,ASK
2020-10-30 10:49:22,PG,135.75,1,BID
2020-10-30 10:49:21,PG,135.8,5,ASK
2020-10-30 10:49:22,PG,135.75,1,BID
2020-10-30 10:49:21,PG,135.8,5,ASK
2020-10-30 10:49:22,PG,135.75,1,BID
2020-10-30 10:49:21,PG,135.8,5,ASK
2020-10-30 10:49:26,PG,135.76,2,BID
2020-10-30 10:47:37,PG,135.81,4,ASK
2020-10-30 10:49:26,PG,135.77,1,BID
2020-10-30 10:47:37,PG,135.81,4,ASK
2020-10-30 10:49:29,PG,135.77,3,BID
2020-10-30 10:47:37,PG,135.81,4,ASK
2020-10-30 10:49:31,PG,135.81,3,BID
2020-10-30 10:49:30,PG,135.85,4,ASK
2020-10-30 10:49:32,PG,135.84,3,BID
2020-10-30 10:49:32,PG,135.86,2,ASK
2020-10-30 10:49:32,PG,135.84,3,BID
2020-10-30 10:49:32,PG,135.86,2,ASK
2020-10-30 10:49:32,PG,135.84,3,BID
2020-10-30 10:49:32,PG,135.86,2,ASK
2020-10-30 10:49:32,PG,135.84,4,BID
2020-10-30 10:49:32,PG,135.86,2,ASK
2020-10-30 10:49:32,PG,135.84,4,BID
2020-10-30 10:49:32,PG,135.86,2,ASK
2020-10-30 10:49:32,PG,135.84,4,BID
2020-10-30 10:49:32,PG,135.86,2,ASK
2020-10-30 10:49:32,PG,135.84,4,BID
2020-10-30 10:49:32,PG,135.86,2,ASK
2020-10-30 10:49:32,PG,135.81,5,BID
2020-10-30 10:49:37,PG,135.84,3,ASK
2020-10-30 10:49:37,PG,135.81,6,BID
2020-10-30 10:49:37,PG,135.85,2,ASK
2020-10-30 10:49:37,PG,135.81,5,BID
2020-10-30 10:49:37,PG,135.85,1,ASK
2020-10-30 10:49:37,PG,135.81,5,BID
2020-10-30 10:49:38,PG,135.85,1,ASK
2020-10-30 10:49:39,PG,135.81,5,BID
2020-10-30 10:49:39,PG,135.84,2,ASK
2020-10-30 10:49:40,PG,135.8,1,BID
2020-10-30 10:49:40,PG,135.84,2,ASK
2020-10-30 10:49:42,PG,135.77,2,BID
2020-10-30 10:49:42,PG,135.81,1,ASK
2020-10-30 10:49:44,PG,135.82,2,BID
2020-10-30 10:49:44,PG,135.84,1,ASK
2020-10-30 10:49:46,PG,135.8,3,BID
2020-10-30 10:49:46,PG,135.84,3,ASK
2020-10-30 10:49:48,PG,135.8,3,BID
2020-10-30 10:49:47,PG,135.84,6,ASK
2020-10-30 10:49:49,PG,135.84,2,BID
2020-10-30 10:49:49,PG,135.86,1,ASK
2020-10-30 10:49:49,PG,135.83,2,BID
2020-10-30 10:49:49,PG,135.86,1,ASK
2020-10-30 10:49:51,PG,135.83,3,BID
2020-10-30 10:49:51,PG,135.87,5,ASK
2020-10-30 10:49:52,PG,135.83,6,BID
2020-10-30 10:49:52,PG,135.86,1,ASK
2020-10-30 10:49:53,PG,135.83,7,BID
2020-10-30 10:49:53,PG,135.85,1,ASK
2020-10-30 10:49:54,PG,135.84,1,BID
2020-10-30 10:49:54,PG,135.87,6,ASK
2020-10-30 10:49:56,PG,135.82,2,BID
2020-10-30 10:49:56,PG,135.85,5,ASK
2020-10-30 10:49:57,PG,135.81,2,BID
2020-10-30 10:49:57,PG,135.84,3,ASK
2020-10-30 10:49:59,PG,135.78,3,BID
2020-10-30 10:49:59,PG,135.83,2,ASK
2020-10-30 10:50:00,PG,135.77,2,BID
2020-10-30 10:50:00,PG,135.83,2,ASK
2020-10-30 10:50:01,PG,135.79,1,BID
2020-10-30 10:50:01,PG,135.86,5,ASK
2020-10-30 10:50:02,PG,135.79,2,BID
2020-10-30 10:50:01,PG,135.86,7,ASK
2020-10-30 10:50:02,PG,135.77,2,BID
2020-10-30 10:50:02,PG,135.84,4,ASK
2020-10-30 10:50:03,PG,135.75,3,BID
2020-10-30 10:50:03,PG,135.82,4,ASK
2020-10-30 10:50:04,PG,135.75,3,BID
2020-10-30 10:50:04,PG,135.79,1,ASK
2020-10-30 10:50:04,PG,135.73,5,BID
2020-10-30 10:50:04,PG,135.79,1,ASK
2020-10-30 10:50:05,PG,135.74,3,BID
2020-10-30 10:50:05,PG,135.81,3,ASK
2020-10-30 10:50:07,PG,135.74,3,BID
2020-10-30 10:50:07,PG,135.79,5,ASK
2020-10-30 10:50:07,PG,135.74,3,BID
2020-10-30 10:50:07,PG,135.78,3,ASK
2020-10-30 10:50:08,PG,135.73,4,BID
2020-10-30 10:50:08,PG,135.77,8,ASK
2020-10-30 10:50:08,PG,135.74,2,BID
2020-10-30 10:50:08,PG,135.79,3,ASK
2020-10-30 10:50:09,PG,135.74,3,BID
2020-10-30 10:50:09,PG,135.8,4,ASK
2020-10-30 10:50:09,PG,135.74,2,BID
2020-10-30 10:50:09,PG,135.8,6,ASK
2020-10-30 10:50:12,PG,135.75,2,BID
2020-10-30 10:50:12,PG,135.8,3,ASK
2020-10-30 10:50:12,PG,135.75,3,BID
2020-10-30 10:50:13,PG,135.82,7,ASK
2020-10-30 10:50:14,PG,135.77,1,BID
2020-10-30 10:50:14,PG,135.82,11,ASK
2020-10-30 10:50:14,PG,135.77,3,BID
2020-10-30 10:50:14,PG,135.82,3,ASK
2020-10-30 10:50:15,PG,135.77,3,BID
2020-10-30 10:50:16,PG,135.82,1,ASK
2020-10-30 10:50:16,PG,135.78,1,BID
2020-10-30 10:50:16,PG,135.82,1,ASK
2020-10-30 10:50:16,PG,135.78,2,BID
2020-10-30 10:50:16,PG,135.82,1,ASK
2020-10-30 10:50:19,PG,135.78,5,BID
2020-10-30 10:50:18,PG,135.82,5,ASK
2020-10-30 10:50:21,PG,135.79,2,BID
2020-10-30 10:50:18,PG,135.82,6,ASK
2020-10-30 10:50:22,PG,135.79,4,BID
2020-10-30 10:50:22,PG,135.81,3,ASK
2020-10-30 10:50:24,PG,135.78,9,BID
2020-10-30 10:50:22,PG,135.82,10,ASK
2020-10-30 10:50:25,PG,135.78,9,BID
2020-10-30 10:50:22,PG,135.82,9,ASK
2020-10-30 10:50:26,PG,135.74,4,BID
2020-10-30 10:50:26,PG,135.79,2,ASK
2020-10-30 10:50:27,PG,135.74,1,BID
2020-10-30 10:50:27,PG,135.79,4,ASK
2020-10-30 10:50:28,PG,135.74,1,BID
2020-10-30 10:50:28,PG,135.8,3,ASK
2020-10-30 10:50:29,PG,135.74,1,BID
2020-10-30 10:50:29,PG,135.77,6,ASK
2020-10-30 10:50:31,PG,135.74,1,BID
2020-10-30 10:50:31,PG,135.77,6,ASK
2020-10-30 10:50:33,PG,135.77,3,BID
2020-10-30 10:50:33,PG,135.82,11,ASK
2020-10-30 10:50:33,PG,135.79,1,BID
2020-10-30 10:50:33,PG,135.82,8,ASK
2020-10-30 10:50:34,PG,135.8,2,BID
2020-10-30 10:50:34,PG,135.85,7,ASK
2020-10-30 10:50:34,PG,135.8,3,BID
2020-10-30 10:50:34,PG,135.85,3,ASK
2020-10-30 10:50:35,PG,135.8,7,BID
2020-10-30 10:50:36,PG,135.85,4,ASK
2020-10-30 10:50:35,PG,135.8,7,BID
2020-10-30 10:50:36,PG,135.85,4,ASK
2020-10-30 10:50:35,PG,135.8,6,BID
2020-10-30 10:50:37,PG,135.84,3,ASK
2020-10-30 10:50:39,PG,135.8,7,BID
2020-10-30 10:50:39,PG,135.84,5,ASK
2020-10-30 10:50:41,PG,135.8,7,BID
2020-10-30 10:50:41,PG,135.84,6,ASK
2020-10-30 10:50:42,PG,135.8,9,BID
2020-10-30 10:50:42,PG,135.85,4,ASK
2020-10-30 10:50:43,PG,135.8,8,BID
2020-10-30 10:50:44,PG,135.84,2,ASK
2020-10-30 10:50:43,PG,135.8,8,BID
2020-10-30 10:50:45,PG,135.84,4,ASK
2020-10-30 10:50:43,PG,135.8,9,BID
2020-10-30 10:50:47,PG,135.84,4,ASK
2020-10-30 10:50:43,PG,135.8,9,BID
2020-10-30 10:50:47,PG,135.84,4,ASK
2020-10-30 10:50:43,PG,135.8,9,BID
2020-10-30 10:50:47,PG,135.84,4,ASK
2020-10-30 10:50:53,PG,135.75,6,BID
2020-10-30 10:50:53,PG,135.8,1,ASK
2020-10-30 10:50:54,PG,135.75,5,BID
2020-10-30 10:50:54,PG,135.8,2,ASK
2020-10-30 10:50:56,PG,135.76,1,BID
2020-10-30 10:50:55,PG,135.82,4,ASK
2020-10-30 10:50:56,PG,135.77,3,BID
2020-10-30 10:50:56,PG,135.84,10,ASK
2020-10-30 10:50:57,PG,135.77,5,BID
2020-10-30 10:50:56,PG,135.84,8,ASK
2020-10-30 10:50:58,PG,135.77,6,BID
2020-10-30 10:50:43,PG,135.85,4,ASK
2020-10-30 10:50:59,PG,135.83,1,BID
2020-10-30 10:50:59,PG,135.87,7,ASK
2020-10-30 10:51:00,PG,135.83,2,BID
2020-10-30 10:51:00,PG,135.86,1,ASK
2020-10-30 10:51:01,PG,135.83,2,BID
2020-10-30 10:51:01,PG,135.86,3,ASK
2020-10-30 10:51:02,PG,135.83,4,BID
2020-10-30 10:51:02,PG,135.88,1,ASK
2020-10-30 10:51:03,PG,135.85,4,BID
2020-10-30 10:49:32,PG,135.92,6,ASK
2020-10-30 10:51:03,PG,135.86,4,BID
2020-10-30 10:51:03,PG,135.91,5,ASK
2020-10-30 10:51:04,PG,135.86,4,BID
2020-10-30 10:51:04,PG,135.91,4,ASK
2020-10-30 10:51:04,PG,135.86,3,BID
2020-10-30 10:51:04,PG,135.91,7,ASK
2020-10-30 10:51:06,PG,135.86,5,BID
2020-10-30 10:51:06,PG,135.89,2,ASK
2020-10-30 10:51:06,PG,135.86,4,BID
2020-10-30 10:51:06,PG,135.9,3,ASK
2020-10-30 10:51:06,PG,135.86,4,BID
2020-10-30 10:51:07,PG,135.89,2,ASK
2020-10-30 10:51:06,PG,135.86,4,BID
2020-10-30 10:51:10,PG,135.89,2,ASK
2020-10-30 10:51:06,PG,135.86,4,BID
2020-10-30 10:51:10,PG,135.89,2,ASK
2020-10-30 10:51:06,PG,135.86,4,BID
2020-10-30 10:51:10,PG,135.89,2,ASK
2020-10-30 10:51:14,PG,135.82,3,BID
2020-10-30 10:51:14,PG,135.89,8,ASK
2020-10-30 10:51:16,PG,135.82,4,BID
2020-10-30 10:51:16,PG,135.88,3,ASK
2020-10-30 10:51:16,PG,135.82,4,BID
2020-10-30 10:51:17,PG,135.87,2,ASK
2020-10-30 10:51:19,PG,135.86,1,BID
2020-10-30 10:51:04,PG,135.91,6,ASK
2020-10-30 10:51:19,PG,135.89,3,BID
2020-10-30 10:51:19,PG,135.93,4,ASK
2020-10-30 10:51:20,PG,135.91,7,BID
2020-10-30 10:51:19,PG,135.95,5,ASK
2020-10-30 10:51:20,PG,135.92,2,BID
2020-10-30 10:51:20,PG,135.95,6,ASK
2020-10-30 10:51:20,PG,135.92,4,BID
2020-10-30 10:51:20,PG,135.95,2,ASK
2020-10-30 10:51:20,PG,135.92,4,BID
2020-10-30 10:51:20,PG,135.94,1,ASK
2020-10-30 10:51:21,PG,135.89,5,BID
2020-10-30 10:51:21,PG,135.94,1,ASK
2020-10-30 10:51:21,PG,135.89,5,BID
2020-10-30 10:51:21,PG,135.94,1,ASK
2020-10-30 10:51:21,PG,135.89,5,BID
2020-10-30 10:51:21,PG,135.94,1,ASK
2020-10-30 10:51:23,PG,135.89,2,BID
2020-10-30 10:51:23,PG,135.94,1,ASK
2020-10-30 10:51:23,PG,135.89,2,BID
2020-10-30 10:51:23,PG,135.94,1,ASK
2020-10-30 10:51:23,PG,135.89,2,BID
2020-10-30 10:51:23,PG,135.94,1,ASK
2020-10-30 10:51:23,PG,135.89,2,BID
2020-10-30 10:51:23,PG,135.94,1,ASK
2020-10-30 10:51:23,PG,135.89,2,BID
2020-10-30 10:51:23,PG,135.94,1,ASK
2020-10-30 10:51:23,PG,135.89,2,BID
2020-10-30 10:51:23,PG,135.94,1,ASK
2020-10-30 10:51:23,PG,135.89,2,BID
2020-10-30 10:51:23,PG,135.94,1,ASK
2020-10-30 10:51:23,PG,135.89,2,BID
2020-10-30 10:51:23,PG,135.94,1,ASK
2020-10-30 10:51:23,PG,135.89,2,BID
2020-10-30 10:51:23,PG,135.94,1,ASK
2020-10-30 10:51:23,PG,135.89,2,BID
2020-10-30 10:51:23,PG,135.94,1,ASK
2020-10-30 10:51:23,PG,135.89,2,BID
2020-10-30 10:51:23,PG,135.94,1,ASK
2020-10-30 10:51:23,PG,135.89,2,BID
2020-10-30 10:51:23,PG,135.94,1,ASK
2020-10-30 10:51:23,PG,135.89,2,BID
2020-10-30 10:51:23,PG,135.94,1,ASK
2020-10-30 10:51:23,PG,135.89,2,BID
2020-10-30 10:51:23,PG,135.94,1,ASK
2020-10-30 10:51:23,PG,135.89,2,BID
2020-10-30 10:51:23,PG,135.94,1,ASK
2020-10-30 10:51:23,PG,135.89,2,BID
2020-10-30 10:51:23,PG,135.94,1,ASK
2020-10-30 10:51:23,PG,135.89,2,BID
2020-10-30 10:51:23,PG,135.94,1,ASK
2020-10-30 10:51:23,PG,135.89,2,BID
2020-10-30 10:51:23,PG,135.94,1,ASK
2020-10-30 10:51:23,PG,135.89,2,BID
2020-10-30 10:51:23,PG,135.94,1,ASK
2020-10-30 10:51:23,PG,135.89,2,BID
2020-10-30 10:51:23,PG,135.94,1,ASK
2020-10-30 10:51:23,PG,135.89,2,BID
2020-10-30 10:51:23,PG,135.94,1,ASK
2020-10-30 10:51:23,PG,135.89,2,BID
2020-10-30 10:51:23,PG,135.94,1,ASK
2020-10-30 10:51:23,PG,135.89,2,BID
2020-10-30 10:51:23,PG,135.94,1,ASK
2020-10-30 10:51:23,PG,135.89,2,BID
2020-10-30 10:51:23,PG,135.94,1,ASK
2020-10-30 10:51:23,PG,135.89,2,BID
2020-10-30 10:51:23,PG,135.94,1,ASK
2020-10-30 10:51:23,PG,135.89,2,BID
2020-10-30 10:51:23,PG,135.94,1,ASK
2020-10-30 10:51:23,PG,135.89,2,BID
2020-10-30 10:51:23,PG,135.94,1,ASK
2020-10-30 10:51:35,PG,135.95,3,BID
2020-10-30 10:51:34,PG,136.0,5,ASK
2020-10-30 10:51:36,PG,135.96,1,BID
2020-10-30 10:51:36,PG,136.01,7,ASK
2020-10-30 10:51:37,PG,135.96,1,BID
2020-10-30 10:51:37,PG,136.01,6,ASK
2020-10-30 10:51:39,PG,135.97,1,BID
2020-10-30 10:51:37,PG,136.01,6,ASK
2020-10-30 10:51:40,PG,136.0,2,BID
2020-10-30 10:49:32,PG,136.04,8,ASK
2020-10-30 10:51:40,PG,135.99,2,BID
2020-10-30 10:51:41,PG,136.03,1,ASK
2020-10-30 10:51:40,PG,135.99,2,BID
2020-10-30 10:51:42,PG,136.03,2,ASK
2020-10-30 10:51:43,PG,136.0,1,BID
2020-10-30 10:51:43,PG,136.03,2,ASK
2020-10-30 10:51:43,PG,136.0,1,BID
2020-10-30 10:51:43,PG,136.03,2,ASK
2020-10-30 10:51:43,PG,136.0,1,BID
