timestamp,ticker,price,volume,bid_ask
2020-10-30 10:31:26,TRV,120.1,3,BID
2020-10-30 10:31:20,TRV,120.24,4,ASK
2020-10-30 10:31:27,TRV,120.1,3,BID
2020-10-30 10:31:27,TRV,120.23,3,ASK
2020-10-30 10:31:27,TRV,120.1,3,BID
2020-10-30 10:31:27,TRV,120.23,3,ASK
2020-10-30 10:31:30,TRV,120.1,3,BID
2020-10-30 10:31:30,TRV,120.23,3,ASK
2020-10-30 10:31:31,TRV,120.1,3,BID
2020-10-30 10:31:31,TRV,120.22,3,ASK
2020-10-30 10:31:32,TRV,120.1,3,BID
2020-10-30 10:31:31,TRV,120.22,3,ASK
2020-10-30 10:31:32,TRV,120.1,3,BID
2020-10-30 10:31:32,TRV,120.22,3,ASK
2020-10-30 10:31:32,TRV,120.1,3,BID
2020-10-30 10:31:33,TRV,120.22,3,ASK
2020-10-30 10:31:35,TRV,120.1,1,BID
2020-10-30 10:31:35,TRV,120.22,4,ASK
2020-10-30 10:31:35,TRV,120.1,2,BID
2020-10-30 10:31:35,TRV,120.22,4,ASK
2020-10-30 10:31:35,TRV,120.1,2,BID
2020-10-30 10:31:36,TRV,120.22,4,ASK
2020-10-30 10:31:35,TRV,120.1,2,BID
2020-10-30 10:31:36,TRV,120.22,4,ASK
2020-10-30 10:31:35,TRV,120.1,2,BID
2020-10-30 10:31:38,TRV,120.21,3,ASK
2020-10-30 10:31:35,TRV,120.1,2,BID
2020-10-30 10:31:39,TRV,120.21,5,ASK
2020-10-30 10:31:35,TRV,120.1,2,BID
2020-10-30 10:31:41,TRV,120.21,5,ASK
2020-10-30 10:31:35,TRV,120.1,2,BID
2020-10-30 10:31:41,TRV,120.2,3,ASK
2020-10-30 10:31:35,TRV,120.1,2,BID
2020-10-30 10:31:42,TRV,120.2,5,ASK
2020-10-30 10:31:35,TRV,120.1,2,BID
2020-10-30 10:31:42,TRV,120.2,5,ASK
2020-10-30 10:31:35,TRV,120.1,2,BID
2020-10-30 10:31:44,TRV,120.2,6,ASK
2020-10-30 10:31:35,TRV,120.1,2,BID
2020-10-30 10:31:44,TRV,120.2,6,ASK
2020-10-30 10:31:35,TRV,120.1,2,BID
2020-10-30 10:31:44,TRV,120.2,6,ASK
2020-10-30 10:31:47,TRV,120.04,2,BID
2020-10-30 10:31:47,TRV,120.18,3,ASK
2020-10-30 10:31:48,TRV,120.04,2,BID
2020-10-30 10:31:48,TRV,120.17,4,ASK
2020-10-30 10:31:49,TRV,120.04,2,BID
2020-10-30 10:31:49,TRV,120.17,7,ASK
2020-10-30 10:31:50,TRV,119.96,2,BID
2020-10-30 10:31:50,TRV,120.1,4,ASK
2020-10-30 10:31:51,TRV,119.96,3,BID
2020-10-30 10:31:51,TRV,120.1,5,ASK
2020-10-30 10:31:53,TRV,119.91,4,BID
2020-10-30 10:31:52,TRV,120.1,7,ASK
2020-10-30 10:31:54,TRV,119.94,1,BID
2020-10-30 10:31:54,TRV,120.09,3,ASK
2020-10-30 10:31:54,TRV,119.94,1,BID
2020-10-30 10:31:54,TRV,120.09,8,ASK
2020-10-30 10:31:54,TRV,119.94,1,BID
2020-10-30 10:31:54,TRV,120.09,8,ASK
2020-10-30 10:31:57,TRV,119.91,2,BID
2020-10-30 10:31:57,TRV,120.07,6,ASK
2020-10-30 10:31:57,TRV,119.91,2,BID
2020-10-30 10:31:57,TRV,120.07,6,ASK
2020-10-30 10:31:58,TRV,119.96,2,BID
2020-10-30 10:31:58,TRV,120.07,6,ASK
2020-10-30 10:32:00,TRV,119.91,2,BID
2020-10-30 10:32:00,TRV,120.06,3,ASK
2020-10-30 10:32:00,TRV,119.91,3,BID
2020-10-30 10:32:00,TRV,120.05,3,ASK
2020-10-30 10:32:00,TRV,119.91,3,BID
2020-10-30 10:32:00,TRV,120.05,3,ASK
2020-10-30 10:32:00,TRV,119.91,3,BID
2020-10-30 10:32:00,TRV,120.05,3,ASK
2020-10-30 10:32:01,TRV,119.91,3,BID
2020-10-30 10:32:01,TRV,120.05,3,ASK
2020-10-30 10:32:01,TRV,119.91,4,BID
2020-10-30 10:32:01,TRV,120.04,5,ASK
2020-10-30 10:32:02,TRV,119.91,4,BID
2020-10-30 10:32:02,TRV,120.04,8,ASK
2020-10-30 10:32:02,TRV,119.91,4,BID
2020-10-30 10:32:02,TRV,120.04,8,ASK
2020-10-30 10:32:02,TRV,119.91,4,BID
2020-10-30 10:32:04,TRV,120.03,2,ASK
2020-10-30 10:32:04,TRV,119.91,6,BID
2020-10-30 10:32:04,TRV,120.04,8,ASK
2020-10-30 10:32:05,TRV,119.91,4,BID
2020-10-30 10:32:05,TRV,120.04,8,ASK
2020-10-30 10:32:06,TRV,119.95,1,BID
2020-10-30 10:32:06,TRV,120.03,3,ASK
2020-10-30 10:32:06,TRV,119.95,1,BID
2020-10-30 10:32:06,TRV,120.03,3,ASK
2020-10-30 10:32:08,TRV,119.91,5,BID
2020-10-30 10:32:08,TRV,120.03,3,ASK
2020-10-30 10:32:08,TRV,119.91,5,BID
2020-10-30 10:32:08,TRV,120.03,3,ASK
2020-10-30 10:32:08,TRV,119.91,5,BID
2020-10-30 10:32:08,TRV,120.03,3,ASK
2020-10-30 10:32:08,TRV,119.91,5,BID
2020-10-30 10:32:08,TRV,120.03,3,ASK
2020-10-30 10:32:12,TRV,119.91,5,BID
2020-10-30 10:32:12,TRV,120.03,2,ASK
2020-10-30 10:32:13,TRV,119.98,2,BID
2020-10-30 10:32:13,TRV,120.04,1,ASK
2020-10-30 10:32:14,TRV,119.98,2,BID
2020-10-30 10:32:14,TRV,120.04,2,ASK
2020-10-30 10:32:14,TRV,119.98,2,BID
2020-10-30 10:32:14,TRV,120.04,2,ASK
2020-10-30 10:32:14,TRV,119.98,2,BID
2020-10-30 10:32:14,TRV,120.04,2,ASK
2020-10-30 10:32:19,TRV,119.93,1,BID
2020-10-30 10:32:19,TRV,120.04,3,ASK
2020-10-30 10:32:19,TRV,119.88,1,BID
2020-10-30 10:32:19,TRV,120.0,7,ASK
2020-10-30 10:32:20,TRV,119.88,1,BID
2020-10-30 10:32:20,TRV,120.0,9,ASK
2020-10-30 10:32:20,TRV,119.88,1,BID
2020-10-30 10:32:20,TRV,120.0,9,ASK
2020-10-30 10:32:20,TRV,119.88,1,BID
2020-10-30 10:32:20,TRV,120.0,9,ASK
2020-10-30 10:32:20,TRV,119.88,1,BID
2020-10-30 10:32:20,TRV,120.0,9,ASK
2020-10-30 10:32:21,TRV,119.88,1,BID
2020-10-30 10:32:20,TRV,120.0,8,ASK
2020-10-30 10:32:21,TRV,119.88,1,BID
2020-10-30 10:32:20,TRV,120.0,8,ASK
2020-10-30 10:32:21,TRV,119.88,1,BID
2020-10-30 10:32:20,TRV,120.0,8,ASK
2020-10-30 10:32:23,TRV,119.88,2,BID
2020-10-30 10:32:20,TRV,120.0,8,ASK
2020-10-30 10:32:24,TRV,119.81,3,BID
2020-10-30 10:32:24,TRV,119.98,3,ASK
2020-10-30 10:32:24,TRV,119.81,2,BID
2020-10-30 10:32:24,TRV,119.92,2,ASK
2020-10-30 10:32:24,TRV,119.81,2,BID
2020-10-30 10:32:25,TRV,119.92,6,ASK
2020-10-30 10:32:24,TRV,119.81,2,BID
2020-10-30 10:32:25,TRV,119.92,6,ASK
2020-10-30 10:32:25,TRV,119.83,2,BID
2020-10-30 10:32:25,TRV,119.92,6,ASK
2020-10-30 10:32:25,TRV,119.83,3,BID
2020-10-30 10:32:25,TRV,119.92,6,ASK
2020-10-30 10:32:26,TRV,119.81,2,BID
2020-10-30 10:32:26,TRV,119.92,6,ASK
2020-10-30 10:32:27,TRV,119.81,2,BID
2020-10-30 10:32:27,TRV,119.92,7,ASK
2020-10-30 10:32:27,TRV,119.81,2,BID
2020-10-30 10:32:27,TRV,119.92,7,ASK
2020-10-30 10:32:27,TRV,119.83,2,BID
2020-10-30 10:32:27,TRV,119.92,7,ASK
2020-10-30 10:32:27,TRV,119.83,2,BID
2020-10-30 10:32:27,TRV,119.92,7,ASK
2020-10-30 10:32:27,TRV,119.83,2,BID
2020-10-30 10:32:27,TRV,119.92,7,ASK
2020-10-30 10:32:30,TRV,119.83,2,BID
2020-10-30 10:32:30,TRV,119.92,6,ASK
2020-10-30 10:32:30,TRV,119.83,2,BID
2020-10-30 10:32:30,TRV,119.92,6,ASK
2020-10-30 10:32:30,TRV,119.83,2,BID
2020-10-30 10:32:30,TRV,119.92,6,ASK
2020-10-30 10:32:30,TRV,119.83,2,BID
2020-10-30 10:32:30,TRV,119.92,6,ASK
2020-10-30 10:32:30,TRV,119.83,2,BID
2020-10-30 10:32:30,TRV,119.92,6,ASK
2020-10-30 10:32:30,TRV,119.83,2,BID
2020-10-30 10:32:30,TRV,119.92,6,ASK
2020-10-30 10:32:30,TRV,119.83,2,BID
2020-10-30 10:32:30,TRV,119.92,6,ASK
2020-10-30 10:32:35,TRV,119.88,1,BID
2020-10-30 10:32:35,TRV,119.95,2,ASK
2020-10-30 10:32:35,TRV,119.88,1,BID
2020-10-30 10:32:35,TRV,119.95,2,ASK
2020-10-30 10:32:35,TRV,119.88,1,BID
2020-10-30 10:32:35,TRV,119.95,2,ASK
2020-10-30 10:32:35,TRV,119.88,1,BID
2020-10-30 10:32:35,TRV,119.95,2,ASK
2020-10-30 10:32:38,TRV,119.81,2,BID
2020-10-30 10:32:38,TRV,119.95,2,ASK
2020-10-30 10:32:38,TRV,119.81,2,BID
2020-10-30 10:32:38,TRV,119.95,2,ASK
2020-10-30 10:32:38,TRV,119.81,2,BID
2020-10-30 10:32:38,TRV,119.95,2,ASK
2020-10-30 10:32:38,TRV,119.81,2,BID
2020-10-30 10:32:38,TRV,119.95,2,ASK
2020-10-30 10:32:38,TRV,119.81,2,BID
2020-10-30 10:32:38,TRV,119.95,2,ASK
2020-10-30 10:32:38,TRV,119.81,2,BID
2020-10-30 10:32:38,TRV,119.95,2,ASK
2020-10-30 10:32:38,TRV,119.81,2,BID
2020-10-30 10:32:38,TRV,119.95,2,ASK
2020-10-30 10:32:38,TRV,119.81,2,BID
2020-10-30 10:32:38,TRV,119.95,2,ASK
2020-10-30 10:32:38,TRV,119.81,2,BID
2020-10-30 10:32:38,TRV,119.95,2,ASK
2020-10-30 10:32:46,TRV,119.83,2,BID
2020-10-30 10:32:46,TRV,119.95,2,ASK
2020-10-30 10:32:46,TRV,119.83,2,BID
2020-10-30 10:32:46,TRV,119.95,2,ASK
2020-10-30 10:32:46,TRV,119.83,2,BID
2020-10-30 10:32:46,TRV,119.95,2,ASK
2020-10-30 10:32:46,TRV,119.83,2,BID
2020-10-30 10:32:46,TRV,119.95,2,ASK
2020-10-30 10:32:50,TRV,119.83,2,BID
2020-10-30 10:32:50,TRV,119.95,3,ASK
2020-10-30 10:32:54,TRV,119.82,3,BID
2020-10-30 10:32:54,TRV,119.95,3,ASK
2020-10-30 10:32:54,TRV,119.82,3,BID
2020-10-30 10:32:55,TRV,119.9,2,ASK
2020-10-30 10:32:54,TRV,119.82,3,BID
2020-10-30 10:32:55,TRV,119.9,2,ASK
2020-10-30 10:32:57,TRV,119.83,1,BID
2020-10-30 10:32:57,TRV,119.9,2,ASK
2020-10-30 10:32:57,TRV,119.83,1,BID
2020-10-30 10:32:57,TRV,119.9,2,ASK
2020-10-30 10:32:58,TRV,119.88,1,BID
2020-10-30 10:32:58,TRV,119.97,4,ASK
2020-10-30 10:32:59,TRV,119.86,1,BID
2020-10-30 10:32:59,TRV,119.97,4,ASK
2020-10-30 10:33:00,TRV,119.88,1,BID
2020-10-30 10:33:00,TRV,119.97,5,ASK
2020-10-30 10:33:00,TRV,119.88,1,BID
2020-10-30 10:33:00,TRV,119.97,5,ASK
2020-10-30 10:33:02,TRV,119.94,1,BID
2020-10-30 10:33:02,TRV,120.11,2,ASK
2020-10-30 10:33:02,TRV,120.04,4,BID
2020-10-30 10:33:02,TRV,120.19,2,ASK
2020-10-30 10:33:03,TRV,119.98,10,BID
2020-10-30 10:33:03,TRV,120.19,5,ASK
2020-10-30 10:33:04,TRV,119.98,11,BID
2020-10-30 10:33:04,TRV,120.12,2,ASK
2020-10-30 10:33:04,TRV,119.98,11,BID
2020-10-30 10:33:05,TRV,120.12,3,ASK
2020-10-30 10:33:04,TRV,119.98,11,BID
2020-10-30 10:33:07,TRV,120.19,4,ASK
2020-10-30 10:33:07,TRV,119.98,12,BID
2020-10-30 10:33:07,TRV,120.14,1,ASK
2020-10-30 10:33:07,TRV,119.98,12,BID
2020-10-30 10:33:07,TRV,120.14,1,ASK
2020-10-30 10:33:07,TRV,119.98,12,BID
2020-10-30 10:33:07,TRV,120.14,1,ASK
2020-10-30 10:33:07,TRV,119.98,12,BID
2020-10-30 10:33:07,TRV,120.14,1,ASK
2020-10-30 10:33:07,TRV,119.98,10,BID
2020-10-30 10:33:10,TRV,120.14,1,ASK
2020-10-30 10:33:07,TRV,119.98,10,BID
2020-10-30 10:33:12,TRV,120.19,2,ASK
2020-10-30 10:33:07,TRV,119.98,10,BID
2020-10-30 10:33:14,TRV,120.14,1,ASK
2020-10-30 10:33:07,TRV,119.98,10,BID
2020-10-30 10:33:14,TRV,120.14,1,ASK
2020-10-30 10:33:07,TRV,119.98,10,BID
2020-10-30 10:33:14,TRV,120.14,1,ASK
2020-10-30 10:33:07,TRV,119.98,10,BID
2020-10-30 10:33:14,TRV,120.14,1,ASK
2020-10-30 10:33:18,TRV,119.99,2,BID
2020-10-30 10:33:18,TRV,120.14,1,ASK
2020-10-30 10:33:18,TRV,119.99,2,BID
2020-10-30 10:33:18,TRV,120.14,1,ASK
2020-10-30 10:33:18,TRV,119.99,2,BID
2020-10-30 10:33:18,TRV,120.14,1,ASK
2020-10-30 10:33:21,TRV,119.99,7,BID
2020-10-30 10:33:21,TRV,120.19,2,ASK
2020-10-30 10:33:21,TRV,119.99,6,BID
2020-10-30 10:33:21,TRV,120.19,4,ASK
2020-10-30 10:33:21,TRV,119.99,6,BID
2020-10-30 10:33:21,TRV,120.19,4,ASK
2020-10-30 10:33:21,TRV,119.99,6,BID
2020-10-30 10:33:21,TRV,120.19,4,ASK
2020-10-30 10:33:21,TRV,119.99,6,BID
2020-10-30 10:33:21,TRV,120.19,4,ASK
2020-10-30 10:33:27,TRV,119.99,6,BID
2020-10-30 10:33:21,TRV,120.19,3,ASK
2020-10-30 10:33:27,TRV,119.99,6,BID
2020-10-30 10:33:21,TRV,120.19,3,ASK
2020-10-30 10:33:30,TRV,119.99,7,BID
2020-10-30 10:33:21,TRV,120.19,3,ASK
2020-10-30 10:33:31,TRV,120.07,2,BID
2020-10-30 10:33:31,TRV,120.2,5,ASK
2020-10-30 10:33:32,TRV,120.14,4,BID
2020-10-30 10:33:32,TRV,120.33,5,ASK
2020-10-30 10:33:32,TRV,120.14,5,BID
2020-10-30 10:33:33,TRV,120.35,4,ASK
2020-10-30 10:33:32,TRV,120.14,5,BID
2020-10-30 10:33:33,TRV,120.35,4,ASK
2020-10-30 10:33:34,TRV,120.15,3,BID
2020-10-30 10:33:34,TRV,120.35,3,ASK
2020-10-30 10:33:35,TRV,120.16,9,BID
2020-10-30 10:33:35,TRV,120.35,4,ASK
2020-10-30 10:33:35,TRV,120.16,5,BID
2020-10-30 10:33:35,TRV,120.33,1,ASK
2020-10-30 10:33:37,TRV,120.16,5,BID
2020-10-30 10:33:37,TRV,120.33,2,ASK
2020-10-30 10:33:37,TRV,120.16,5,BID
2020-10-30 10:33:37,TRV,120.33,2,ASK
2020-10-30 10:33:38,TRV,120.16,5,BID
2020-10-30 10:33:38,TRV,120.33,2,ASK
2020-10-30 10:33:39,TRV,120.2,3,BID
2020-10-30 10:33:39,TRV,120.39,9,ASK
2020-10-30 10:33:40,TRV,120.2,4,BID
2020-10-30 10:33:40,TRV,120.39,9,ASK
2020-10-30 10:33:40,TRV,120.2,4,BID
2020-10-30 10:33:40,TRV,120.39,9,ASK
2020-10-30 10:33:40,TRV,120.2,4,BID
2020-10-30 10:33:40,TRV,120.39,9,ASK
2020-10-30 10:33:44,TRV,120.2,4,BID
2020-10-30 10:33:44,TRV,120.33,2,ASK
2020-10-30 10:33:44,TRV,120.2,4,BID
2020-10-30 10:33:44,TRV,120.33,1,ASK
2020-10-30 10:33:45,TRV,120.2,4,BID
2020-10-30 10:33:45,TRV,120.38,2,ASK
2020-10-30 10:33:46,TRV,120.2,4,BID
2020-10-30 10:33:45,TRV,120.38,2,ASK
2020-10-30 10:33:46,TRV,120.2,4,BID
2020-10-30 10:33:45,TRV,120.38,2,ASK
2020-10-30 10:33:48,TRV,120.2,7,BID
2020-10-30 10:33:48,TRV,120.38,3,ASK
2020-10-30 10:33:48,TRV,120.21,5,BID
2020-10-30 10:33:48,TRV,120.4,12,ASK
2020-10-30 10:33:48,TRV,120.21,5,BID
2020-10-30 10:33:48,TRV,120.4,12,ASK
2020-10-30 10:33:49,TRV,120.27,1,BID
2020-10-30 10:33:49,TRV,120.41,5,ASK
2020-10-30 10:33:50,TRV,120.27,3,BID
2020-10-30 10:33:50,TRV,120.43,1,ASK
2020-10-30 10:33:52,TRV,120.27,5,BID
2020-10-30 10:33:52,TRV,120.43,1,ASK
2020-10-30 10:33:52,TRV,120.27,5,BID
2020-10-30 10:33:52,TRV,120.43,1,ASK
2020-10-30 10:33:54,TRV,120.27,5,BID
2020-10-30 10:33:54,TRV,120.41,1,ASK
2020-10-30 10:33:55,TRV,120.27,7,BID
2020-10-30 10:33:55,TRV,120.41,1,ASK
2020-10-30 10:33:57,TRV,120.31,1,BID
2020-10-30 10:33:57,TRV,120.43,3,ASK
2020-10-30 10:33:57,TRV,120.31,1,BID
2020-10-30 10:33:57,TRV,120.43,3,ASK
2020-10-30 10:34:00,TRV,120.31,1,BID
2020-10-30 10:33:57,TRV,120.43,3,ASK
2020-10-30 10:34:00,TRV,120.36,2,BID
2020-10-30 10:34:00,TRV,120.44,1,ASK
2020-10-30 10:34:01,TRV,120.36,4,BID
2020-10-30 10:34:01,TRV,120.44,1,ASK
2020-10-30 10:34:01,TRV,120.36,4,BID
2020-10-30 10:34:01,TRV,120.44,1,ASK
2020-10-30 10:34:01,TRV,120.36,4,BID
2020-10-30 10:34:03,TRV,120.48,2,ASK
2020-10-30 10:34:01,TRV,120.36,4,BID
2020-10-30 10:34:03,TRV,120.44,3,ASK
2020-10-30 10:34:04,TRV,120.27,6,BID
2020-10-30 10:34:04,TRV,120.39,1,ASK
2020-10-30 10:34:05,TRV,120.28,2,BID
2020-10-30 10:34:04,TRV,120.39,2,ASK
2020-10-30 10:34:06,TRV,120.28,2,BID
2020-10-30 10:34:06,TRV,120.4,2,ASK
2020-10-30 10:34:07,TRV,120.29,3,BID
2020-10-30 10:34:07,TRV,120.4,2,ASK
2020-10-30 10:34:07,TRV,120.29,3,BID
2020-10-30 10:34:07,TRV,120.4,2,ASK
2020-10-30 10:34:09,TRV,120.29,5,BID
2020-10-30 10:34:09,TRV,120.4,2,ASK
2020-10-30 10:34:09,TRV,120.29,6,BID
2020-10-30 10:34:09,TRV,120.4,2,ASK
2020-10-30 10:34:09,TRV,120.29,6,BID
2020-10-30 10:34:10,TRV,120.4,2,ASK
2020-10-30 10:34:09,TRV,120.29,6,BID
2020-10-30 10:34:10,TRV,120.4,2,ASK
2020-10-30 10:34:10,TRV,120.3,1,BID
2020-10-30 10:34:10,TRV,120.4,2,ASK
2020-10-30 10:34:09,TRV,120.29,5,BID
2020-10-30 10:34:11,TRV,120.4,2,ASK
2020-10-30 10:34:12,TRV,120.21,1,BID
2020-10-30 10:34:12,TRV,120.35,2,ASK
2020-10-30 10:34:13,TRV,120.21,6,BID
2020-10-30 10:34:12,TRV,120.35,2,ASK
2020-10-30 10:34:14,TRV,120.21,3,BID
2020-10-30 10:34:14,TRV,120.35,3,ASK
2020-10-30 10:34:14,TRV,120.21,3,BID
2020-10-30 10:34:14,TRV,120.35,3,ASK
2020-10-30 10:34:15,TRV,120.21,3,BID
2020-10-30 10:34:14,TRV,120.35,4,ASK
2020-10-30 10:34:15,TRV,120.21,3,BID
2020-10-30 10:34:14,TRV,120.35,4,ASK
2020-10-30 10:34:15,TRV,120.21,3,BID
2020-10-30 10:34:14,TRV,120.35,4,ASK
2020-10-30 10:34:19,TRV,120.21,3,BID
2020-10-30 10:34:19,TRV,120.33,3,ASK
2020-10-30 10:34:20,TRV,120.21,3,BID
2020-10-30 10:34:20,TRV,120.33,5,ASK
2020-10-30 10:34:21,TRV,120.21,5,BID
2020-10-30 10:34:21,TRV,120.33,5,ASK
2020-10-30 10:34:21,TRV,120.21,4,BID
2020-10-30 10:34:22,TRV,120.33,5,ASK
2020-10-30 10:34:21,TRV,120.21,4,BID
2020-10-30 10:34:22,TRV,120.33,5,ASK
2020-10-30 10:34:24,TRV,120.21,6,BID
2020-10-30 10:34:24,TRV,120.33,5,ASK
2020-10-30 10:34:24,TRV,120.21,6,BID
2020-10-30 10:34:24,TRV,120.33,5,ASK
2020-10-30 10:34:24,TRV,120.21,6,BID
2020-10-30 10:34:24,TRV,120.33,5,ASK
2020-10-30 10:34:24,TRV,120.21,6,BID
2020-10-30 10:34:24,TRV,120.33,5,ASK
2020-10-30 10:34:24,TRV,120.21,6,BID
2020-10-30 10:34:24,TRV,120.33,4,ASK
2020-10-30 10:34:24,TRV,120.21,6,BID
2020-10-30 10:34:24,TRV,120.33,4,ASK
2020-10-30 10:34:24,TRV,120.21,6,BID
2020-10-30 10:34:32,TRV,120.33,7,ASK
2020-10-30 10:34:24,TRV,120.21,7,BID
2020-10-30 10:34:32,TRV,120.33,7,ASK
2020-10-30 10:34:24,TRV,120.21,6,BID
2020-10-30 10:34:32,TRV,120.33,7,ASK
2020-10-30 10:34:24,TRV,120.21,6,BID
2020-10-30 10:34:32,TRV,120.33,7,ASK
2020-10-30 10:34:24,TRV,120.21,6,BID
2020-10-30 10:34:32,TRV,120.33,7,ASK
2020-10-30 10:34:24,TRV,120.21,6,BID
2020-10-30 10:34:32,TRV,120.33,7,ASK
2020-10-30 10:34:24,TRV,120.21,6,BID
2020-10-30 10:34:32,TRV,120.33,7,ASK
2020-10-30 10:34:24,TRV,120.21,6,BID
2020-10-30 10:34:32,TRV,120.33,7,ASK
2020-10-30 10:34:24,TRV,120.21,6,BID
2020-10-30 10:34:32,TRV,120.33,7,ASK
2020-10-30 10:34:24,TRV,120.21,6,BID
2020-10-30 10:34:32,TRV,120.33,7,ASK
2020-10-30 10:34:24,TRV,120.21,7,BID
2020-10-30 10:34:32,TRV,120.33,7,ASK
2020-10-30 10:34:24,TRV,120.21,6,BID
2020-10-30 10:34:32,TRV,120.33,7,ASK
2020-10-30 10:34:24,TRV,120.21,6,BID
2020-10-30 10:34:32,TRV,120.33,7,ASK
2020-10-30 10:34:24,TRV,120.21,6,BID
2020-10-30 10:34:32,TRV,120.33,7,ASK
2020-10-30 10:34:24,TRV,120.21,6,BID
2020-10-30 10:34:32,TRV,120.33,7,ASK
2020-10-30 10:34:24,TRV,120.21,6,BID
2020-10-30 10:34:32,TRV,120.33,7,ASK
2020-10-30 10:34:24,TRV,120.21,6,BID
2020-10-30 10:34:32,TRV,120.33,7,ASK
2020-10-30 10:34:24,TRV,120.21,6,BID
2020-10-30 10:34:32,TRV,120.33,7,ASK
2020-10-30 10:34:24,TRV,120.21,6,BID
2020-10-30 10:34:32,TRV,120.33,7,ASK
2020-10-30 10:34:24,TRV,120.21,6,BID
2020-10-30 10:34:32,TRV,120.33,7,ASK
2020-10-30 10:34:24,TRV,120.21,6,BID
2020-10-30 10:34:32,TRV,120.33,7,ASK
2020-10-30 10:34:24,TRV,120.21,6,BID
2020-10-30 10:34:32,TRV,120.33,7,ASK
2020-10-30 10:34:24,TRV,120.21,6,BID
2020-10-30 10:34:32,TRV,120.33,7,ASK
2020-10-30 10:34:24,TRV,120.21,6,BID
2020-10-30 10:34:32,TRV,120.33,7,ASK
2020-10-30 10:34:24,TRV,120.21,6,BID
2020-10-30 10:34:32,TRV,120.33,7,ASK
2020-10-30 10:34:55,TRV,120.1,2,BID
2020-10-30 10:34:55,TRV,120.27,4,ASK
2020-10-30 10:34:58,TRV,120.17,2,BID
2020-10-30 10:34:58,TRV,120.27,4,ASK
2020-10-30 10:35:00,TRV,120.1,7,BID
2020-10-30 10:35:00,TRV,120.24,2,ASK
2020-10-30 10:35:03,TRV,120.1,6,BID
2020-10-30 10:35:03,TRV,120.23,4,ASK
2020-10-30 10:35:03,TRV,120.1,6,BID
2020-10-30 10:35:03,TRV,120.23,4,ASK
2020-10-30 10:35:05,TRV,120.1,6,BID
2020-10-30 10:35:05,TRV,120.23,5,ASK
2020-10-30 10:35:05,TRV,120.03,4,BID
2020-10-30 10:35:05,TRV,120.16,2,ASK
2020-10-30 10:35:05,TRV,120.03,4,BID
2020-10-30 10:35:05,TRV,120.16,2,ASK
2020-10-30 10:35:05,TRV,119.86,5,BID
2020-10-30 10:35:05,TRV,120.16,7,ASK
2020-10-30 10:35:05,TRV,119.95,1,BID
2020-10-30 10:35:05,TRV,120.16,6,ASK
2020-10-30 10:35:05,TRV,119.95,1,BID
2020-10-30 10:35:05,TRV,120.16,6,ASK
2020-10-30 10:35:05,TRV,119.95,1,BID
2020-10-30 10:35:05,TRV,120.16,6,ASK
2020-10-30 10:35:05,TRV,119.95,1,BID
2020-10-30 10:35:05,TRV,120.16,6,ASK
2020-10-30 10:35:05,TRV,119.95,1,BID
2020-10-30 10:35:05,TRV,120.16,6,ASK
2020-10-30 10:35:05,TRV,119.95,1,BID
2020-10-30 10:35:05,TRV,120.16,6,ASK
2020-10-30 10:35:05,TRV,119.95,1,BID
2020-10-30 10:35:05,TRV,120.16,6,ASK
2020-10-30 10:35:05,TRV,119.95,1,BID
2020-10-30 10:35:05,TRV,120.16,6,ASK
2020-10-30 10:35:05,TRV,119.95,1,BID
2020-10-30 10:35:05,TRV,120.16,6,ASK
2020-10-30 10:35:06,TRV,119.95,1,BID
2020-10-30 10:35:06,TRV,120.14,4,ASK
2020-10-30 10:35:08,TRV,119.95,1,BID
2020-10-30 10:35:07,TRV,120.14,7,ASK
2020-10-30 10:35:08,TRV,119.95,1,BID
2020-10-30 10:35:07,TRV,120.14,7,ASK
2020-10-30 10:35:08,TRV,119.95,1,BID
2020-10-30 10:35:07,TRV,120.14,7,ASK
2020-10-30 10:35:08,TRV,119.95,1,BID
2020-10-30 10:35:07,TRV,120.14,7,ASK
2020-10-30 10:35:08,TRV,119.95,1,BID
2020-10-30 10:35:07,TRV,120.14,7,ASK
2020-10-30 10:35:09,TRV,119.95,1,BID
2020-10-30 10:35:09,TRV,120.14,10,ASK
2020-10-30 10:35:11,TRV,119.95,1,BID
2020-10-30 10:35:11,TRV,120.13,4,ASK
2020-10-30 10:35:12,TRV,120.05,4,BID
2020-10-30 10:35:12,TRV,120.14,8,ASK
2020-10-30 10:35:12,TRV,120.05,4,BID
2020-10-30 10:35:13,TRV,120.15,4,ASK
2020-10-30 10:35:17,TRV,120.05,5,BID
2020-10-30 10:35:13,TRV,120.15,4,ASK
2020-10-30 10:35:17,TRV,120.05,5,BID
2020-10-30 10:35:13,TRV,120.15,4,ASK
2020-10-30 10:35:17,TRV,120.05,5,BID
2020-10-30 10:35:13,TRV,120.15,4,ASK
2020-10-30 10:35:17,TRV,120.05,5,BID
2020-10-30 10:35:13,TRV,120.15,4,ASK
2020-10-30 10:35:17,TRV,120.05,5,BID
2020-10-30 10:35:13,TRV,120.15,4,ASK
2020-10-30 10:35:21,TRV,119.97,3,BID
2020-10-30 10:35:21,TRV,120.11,4,ASK
2020-10-30 10:35:21,TRV,120.02,1,BID
2020-10-30 10:35:21,TRV,120.08,6,ASK
2020-10-30 10:35:21,TRV,120.02,1,BID
2020-10-30 10:35:21,TRV,120.08,8,ASK
2020-10-30 10:35:21,TRV,120.02,1,BID
2020-10-30 10:35:21,TRV,120.08,8,ASK
2020-10-30 10:35:22,TRV,119.95,4,BID
2020-10-30 10:35:22,TRV,120.08,8,ASK
2020-10-30 10:35:22,TRV,119.95,4,BID
2020-10-30 10:35:22,TRV,120.08,9,ASK
2020-10-30 10:35:24,TRV,120.02,1,BID
2020-10-30 10:35:24,TRV,120.08,7,ASK
2020-10-30 10:35:24,TRV,120.02,1,BID
2020-10-30 10:35:24,TRV,120.08,7,ASK
2020-10-30 10:35:25,TRV,119.95,4,BID
2020-10-30 10:35:24,TRV,120.08,6,ASK
2020-10-30 10:35:25,TRV,119.95,4,BID
2020-10-30 10:35:24,TRV,120.08,6,ASK
2020-10-30 10:35:26,TRV,119.95,4,BID
2020-10-30 10:35:24,TRV,120.08,7,ASK
2020-10-30 10:35:27,TRV,119.95,4,BID
2020-10-30 10:35:27,TRV,120.07,4,ASK
2020-10-30 10:35:28,TRV,119.95,4,BID
2020-10-30 10:35:27,TRV,120.07,4,ASK
2020-10-30 10:35:29,TRV,119.95,5,BID
2020-10-30 10:35:29,TRV,120.07,7,ASK
2020-10-30 10:35:29,TRV,119.95,5,BID
2020-10-30 10:35:29,TRV,120.07,7,ASK
2020-10-30 10:35:30,TRV,119.95,5,BID
2020-10-30 10:35:30,TRV,120.07,7,ASK
2020-10-30 10:35:30,TRV,119.95,5,BID
2020-10-30 10:35:30,TRV,120.07,7,ASK
2020-10-30 10:35:31,TRV,119.87,5,BID
2020-10-30 10:35:31,TRV,120.01,6,ASK
2020-10-30 10:35:31,TRV,119.87,5,BID
2020-10-30 10:35:31,TRV,120.01,6,ASK
2020-10-30 10:35:32,TRV,119.87,5,BID
2020-10-30 10:35:32,TRV,120.01,5,ASK
2020-10-30 10:35:32,TRV,119.87,5,BID
2020-10-30 10:35:32,TRV,120.01,5,ASK
2020-10-30 10:35:32,TRV,119.87,5,BID
2020-10-30 10:35:32,TRV,120.01,5,ASK
2020-10-30 10:35:34,TRV,119.87,8,BID
2020-10-30 10:35:34,TRV,120.01,5,ASK
2020-10-30 10:35:36,TRV,119.87,8,BID
2020-10-30 10:35:34,TRV,120.01,5,ASK
2020-10-30 10:35:36,TRV,119.87,8,BID
2020-10-30 10:35:34,TRV,120.01,5,ASK
2020-10-30 10:35:36,TRV,119.87,8,BID
2020-10-30 10:35:34,TRV,120.01,5,ASK
2020-10-30 10:35:36,TRV,119.87,8,BID
2020-10-30 10:35:34,TRV,120.01,5,ASK
2020-10-30 10:35:36,TRV,119.87,8,BID
2020-10-30 10:35:34,TRV,120.01,5,ASK
2020-10-30 10:35:42,TRV,119.87,11,BID
2020-10-30 10:35:34,TRV,120.01,5,ASK
2020-10-30 10:35:42,TRV,119.87,11,BID
2020-10-30 10:35:34,TRV,120.01,5,ASK
2020-10-30 10:35:44,TRV,119.87,11,BID
2020-10-30 10:35:44,TRV,120.01,5,ASK
2020-10-30 10:35:44,TRV,120.1,3,BID
2020-10-30 10:35:44,TRV,120.22,2,ASK
2020-10-30 10:35:44,TRV,120.11,5,BID
2020-10-30 10:35:44,TRV,120.28,1,ASK
2020-10-30 10:35:45,TRV,120.1,1,BID
2020-10-30 10:35:45,TRV,120.22,5,ASK
2020-10-30 10:35:45,TRV,120.1,2,BID
2020-10-30 10:35:45,TRV,120.22,5,ASK
2020-10-30 10:35:45,TRV,120.1,2,BID
2020-10-30 10:35:45,TRV,120.22,7,ASK
2020-10-30 10:35:46,TRV,120.1,3,BID
2020-10-30 10:35:46,TRV,120.22,11,ASK
2020-10-30 10:35:47,TRV,120.1,3,BID
2020-10-30 10:35:47,TRV,120.22,10,ASK
2020-10-30 10:35:47,TRV,120.1,3,BID
2020-10-30 10:35:47,TRV,120.22,10,ASK
2020-10-30 10:35:47,TRV,120.1,3,BID
2020-10-30 10:35:47,TRV,120.22,10,ASK
2020-10-30 10:35:47,TRV,120.1,3,BID
2020-10-30 10:35:47,TRV,120.22,10,ASK
2020-10-30 10:35:47,TRV,120.1,3,BID
2020-10-30 10:35:47,TRV,120.22,10,ASK
2020-10-30 10:35:47,TRV,120.1,3,BID
2020-10-30 10:35:47,TRV,120.22,10,ASK
2020-10-30 10:35:55,TRV,120.1,3,BID
2020-10-30 10:35:47,TRV,120.22,10,ASK
2020-10-30 10:35:55,TRV,120.1,3,BID
2020-10-30 10:35:47,TRV,120.22,10,ASK
2020-10-30 10:35:55,TRV,120.1,3,BID
2020-10-30 10:35:47,TRV,120.22,10,ASK
2020-10-30 10:35:57,TRV,120.1,3,BID
2020-10-30 10:35:47,TRV,120.22,10,ASK
2020-10-30 10:35:57,TRV,120.1,3,BID
2020-10-30 10:35:47,TRV,120.22,10,ASK
2020-10-30 10:35:57,TRV,120.1,3,BID
2020-10-30 10:35:47,TRV,120.22,10,ASK
2020-10-30 10:35:57,TRV,120.1,3,BID
2020-10-30 10:35:47,TRV,120.22,10,ASK
2020-10-30 10:35:57,TRV,120.1,3,BID
2020-10-30 10:35:47,TRV,120.22,10,ASK
2020-10-30 10:35:57,TRV,120.1,5,BID
2020-10-30 10:35:47,TRV,120.22,12,ASK
2020-10-30 10:35:58,TRV,120.1,5,BID
2020-10-30 10:35:47,TRV,120.22,12,ASK
2020-10-30 10:35:58,TRV,120.1,5,BID
2020-10-30 10:35:47,TRV,120.22,12,ASK
2020-10-30 10:35:58,TRV,120.1,5,BID
2020-10-30 10:35:47,TRV,120.22,12,ASK
2020-10-30 10:36:04,TRV,120.04,1,BID
2020-10-30 10:36:04,TRV,120.22,13,ASK
2020-10-30 10:36:04,TRV,120.1,1,BID
2020-10-30 10:36:04,TRV,120.22,13,ASK
2020-10-30 10:36:05,TRV,120.1,2,BID
2020-10-30 10:36:04,TRV,120.22,13,ASK
2020-10-30 10:36:05,TRV,120.1,2,BID
2020-10-30 10:36:04,TRV,120.22,13,ASK
2020-10-30 10:36:07,TRV,120.1,5,BID
2020-10-30 10:36:04,TRV,120.22,13,ASK
2020-10-30 10:36:07,TRV,120.1,5,BID
2020-10-30 10:36:04,TRV,120.22,13,ASK
2020-10-30 10:36:07,TRV,120.1,5,BID
2020-10-30 10:36:04,TRV,120.22,13,ASK
2020-10-30 10:36:07,TRV,120.1,5,BID
2020-10-30 10:36:04,TRV,120.22,13,ASK
2020-10-30 10:36:07,TRV,120.1,5,BID
2020-10-30 10:36:04,TRV,120.22,13,ASK
2020-10-30 10:36:07,TRV,120.1,5,BID
2020-10-30 10:36:04,TRV,120.22,13,ASK
2020-10-30 10:36:07,TRV,120.1,5,BID
2020-10-30 10:36:04,TRV,120.22,13,ASK
2020-10-30 10:36:07,TRV,120.1,5,BID
2020-10-30 10:36:04,TRV,120.22,13,ASK
2020-10-30 10:36:07,TRV,120.1,5,BID
2020-10-30 10:36:04,TRV,120.22,13,ASK
2020-10-30 10:36:07,TRV,120.1,5,BID
2020-10-30 10:36:04,TRV,120.22,13,ASK
2020-10-30 10:36:07,TRV,120.1,5,BID
2020-10-30 10:36:04,TRV,120.22,13,ASK
2020-10-30 10:36:07,TRV,120.1,5,BID
2020-10-30 10:36:04,TRV,120.22,13,ASK
2020-10-30 10:36:20,TRV,120.02,2,BID
2020-10-30 10:36:20,TRV,120.12,5,ASK
2020-10-30 10:36:20,TRV,120.02,2,BID
2020-10-30 10:36:21,TRV,120.12,5,ASK
2020-10-30 10:36:20,TRV,120.02,2,BID
2020-10-30 10:36:21,TRV,120.12,6,ASK
2020-10-30 10:36:20,TRV,120.02,2,BID
2020-10-30 10:36:21,TRV,120.12,6,ASK
2020-10-30 10:36:20,TRV,120.02,2,BID
2020-10-30 10:36:21,TRV,120.12,6,ASK
2020-10-30 10:36:20,TRV,120.02,2,BID
2020-10-30 10:36:21,TRV,120.12,6,ASK
2020-10-30 10:36:24,TRV,120.02,3,BID
2020-10-30 10:36:21,TRV,120.12,6,ASK
2020-10-30 10:36:24,TRV,120.02,3,BID
2020-10-30 10:36:21,TRV,120.12,6,ASK
2020-10-30 10:36:26,TRV,120.08,4,BID
2020-10-30 10:36:26,TRV,120.18,2,ASK
2020-10-30 10:36:27,TRV,120.08,4,BID
2020-10-30 10:36:27,TRV,120.2,2,ASK
2020-10-30 10:36:27,TRV,120.08,4,BID
2020-10-30 10:36:27,TRV,120.2,2,ASK
2020-10-30 10:36:27,TRV,120.08,4,BID
2020-10-30 10:36:27,TRV,120.2,2,ASK
2020-10-30 10:36:27,TRV,120.08,4,BID
2020-10-30 10:36:27,TRV,120.2,2,ASK
2020-10-30 10:36:30,TRV,120.08,4,BID
2020-10-30 10:36:30,TRV,120.2,2,ASK
2020-10-30 10:36:30,TRV,120.08,4,BID
2020-10-30 10:36:30,TRV,120.2,2,ASK
2020-10-30 10:36:31,TRV,120.08,5,BID
2020-10-30 10:36:31,TRV,120.2,1,ASK
2020-10-30 10:36:31,TRV,120.07,3,BID
2020-10-30 10:36:31,TRV,120.2,2,ASK
2020-10-30 10:36:32,TRV,120.06,1,BID
2020-10-30 10:36:32,TRV,120.2,2,ASK
2020-10-30 10:36:32,TRV,120.08,1,BID
2020-10-30 10:36:32,TRV,120.2,2,ASK
2020-10-30 10:36:32,TRV,120.08,1,BID
2020-10-30 10:36:32,TRV,120.2,2,ASK
2020-10-30 10:36:35,TRV,120.08,2,BID
2020-10-30 10:36:35,TRV,120.2,2,ASK
2020-10-30 10:36:35,TRV,120.08,2,BID
2020-10-30 10:36:37,TRV,120.21,2,ASK
2020-10-30 10:36:35,TRV,120.08,2,BID
2020-10-30 10:36:37,TRV,120.21,2,ASK
2020-10-30 10:36:38,TRV,120.08,3,BID
2020-10-30 10:36:38,TRV,120.21,2,ASK
2020-10-30 10:36:38,TRV,120.08,3,BID
2020-10-30 10:36:38,TRV,120.21,2,ASK
2020-10-30 10:36:38,TRV,120.08,3,BID
2020-10-30 10:36:38,TRV,120.21,2,ASK
2020-10-30 10:36:38,TRV,120.08,3,BID
2020-10-30 10:36:38,TRV,120.21,2,ASK
2020-10-30 10:36:38,TRV,120.08,3,BID
2020-10-30 10:36:38,TRV,120.21,2,ASK
2020-10-30 10:36:38,TRV,120.08,3,BID
2020-10-30 10:36:38,TRV,120.21,2,ASK
2020-10-30 10:36:45,TRV,120.08,3,BID
2020-10-30 10:36:45,TRV,120.21,5,ASK
2020-10-30 10:36:46,TRV,120.08,3,BID
2020-10-30 10:36:45,TRV,120.21,4,ASK
2020-10-30 10:36:46,TRV,120.08,3,BID
2020-10-30 10:36:45,TRV,120.21,4,ASK
2020-10-30 10:36:46,TRV,120.08,3,BID
2020-10-30 10:36:45,TRV,120.21,4,ASK
2020-10-30 10:36:46,TRV,120.08,3,BID
2020-10-30 10:36:45,TRV,120.21,4,ASK
2020-10-30 10:36:46,TRV,120.08,3,BID
2020-10-30 10:36:45,TRV,120.21,4,ASK
2020-10-30 10:36:46,TRV,120.08,3,BID
2020-10-30 10:36:45,TRV,120.21,4,ASK
2020-10-30 10:36:46,TRV,120.08,3,BID
2020-10-30 10:36:45,TRV,120.21,4,ASK
2020-10-30 10:36:46,TRV,120.08,3,BID
2020-10-30 10:36:45,TRV,120.21,4,ASK
2020-10-30 10:36:52,TRV,120.08,3,BID
2020-10-30 10:36:52,TRV,120.21,4,ASK
2020-10-30 10:36:52,TRV,120.08,3,BID
2020-10-30 10:36:52,TRV,120.21,4,ASK
2020-10-30 10:36:53,TRV,120.08,4,BID
2020-10-30 10:36:54,TRV,120.19,3,ASK
2020-10-30 10:36:53,TRV,120.08,4,BID
2020-10-30 10:36:54,TRV,120.19,3,ASK
2020-10-30 10:36:53,TRV,120.08,4,BID
2020-10-30 10:36:55,TRV,120.19,4,ASK
2020-10-30 10:36:55,TRV,120.09,4,BID
2020-10-30 10:36:55,TRV,120.19,4,ASK
2020-10-30 10:36:55,TRV,120.09,4,BID
2020-10-30 10:36:55,TRV,120.19,4,ASK
2020-10-30 10:36:53,TRV,120.08,4,BID
2020-10-30 10:36:56,TRV,120.19,6,ASK
2020-10-30 10:36:53,TRV,120.08,4,BID
2020-10-30 10:36:56,TRV,120.19,6,ASK
2020-10-30 10:36:53,TRV,120.08,4,BID
2020-10-30 10:36:56,TRV,120.19,6,ASK
2020-10-30 10:36:53,TRV,120.08,4,BID
2020-10-30 10:36:56,TRV,120.19,6,ASK
2020-10-30 10:36:53,TRV,120.08,4,BID
2020-10-30 10:36:56,TRV,120.19,6,ASK
2020-10-30 10:36:53,TRV,120.08,4,BID
2020-10-30 10:36:56,TRV,120.19,6,ASK
2020-10-30 10:36:53,TRV,120.08,4,BID
2020-10-30 10:36:56,TRV,120.19,6,ASK
2020-10-30 10:36:53,TRV,120.08,4,BID
2020-10-30 10:36:56,TRV,120.19,6,ASK
2020-10-30 10:36:53,TRV,120.08,4,BID
2020-10-30 10:36:56,TRV,120.19,6,ASK
2020-10-30 10:37:04,TRV,120.08,6,BID
2020-10-30 10:36:56,TRV,120.19,6,ASK
2020-10-30 10:37:04,TRV,120.08,6,BID
2020-10-30 10:36:56,TRV,120.19,6,ASK
2020-10-30 10:37:06,TRV,120.09,4,BID
2020-10-30 10:37:06,TRV,120.19,5,ASK
2020-10-30 10:37:07,TRV,120.08,8,BID
2020-10-30 10:37:06,TRV,120.19,5,ASK
2020-10-30 10:37:08,TRV,120.09,2,BID
2020-10-30 10:37:08,TRV,120.19,6,ASK
2020-10-30 10:37:09,TRV,120.08,1,BID
2020-10-30 10:37:09,TRV,120.19,6,ASK
2020-10-30 10:37:10,TRV,120.08,2,BID
2020-10-30 10:37:09,TRV,120.19,7,ASK
2020-10-30 10:37:11,TRV,120.08,3,BID
2020-10-30 10:37:11,TRV,120.2,4,ASK
2020-10-30 10:37:11,TRV,120.08,3,BID
2020-10-30 10:37:11,TRV,120.2,4,ASK
2020-10-30 10:37:11,TRV,120.08,3,BID
2020-10-30 10:37:11,TRV,120.2,4,ASK
2020-10-30 10:37:14,TRV,120.13,1,BID
2020-10-30 10:37:14,TRV,120.2,3,ASK
2020-10-30 10:37:15,TRV,120.09,1,BID
2020-10-30 10:37:15,TRV,120.21,6,ASK
2020-10-30 10:37:15,TRV,120.08,3,BID
2020-10-30 10:37:15,TRV,120.21,8,ASK
2020-10-30 10:37:16,TRV,120.13,1,BID
2020-10-30 10:37:16,TRV,120.21,5,ASK
2020-10-30 10:37:17,TRV,120.13,1,BID
2020-10-30 10:37:17,TRV,120.22,5,ASK
2020-10-30 10:37:15,TRV,120.08,3,BID
2020-10-30 10:37:18,TRV,120.22,8,ASK
2020-10-30 10:37:20,TRV,120.08,4,BID
2020-10-30 10:37:20,TRV,120.18,1,ASK
2020-10-30 10:37:20,TRV,120.08,4,BID
2020-10-30 10:37:21,TRV,120.18,1,ASK
2020-10-30 10:37:21,TRV,120.01,6,BID
2020-10-30 10:37:21,TRV,120.11,3,ASK
2020-10-30 10:37:21,TRV,120.01,6,BID
2020-10-30 10:37:21,TRV,120.11,3,ASK
2020-10-30 10:37:21,TRV,120.01,6,BID
2020-10-30 10:37:21,TRV,120.11,3,ASK
2020-10-30 10:37:21,TRV,120.01,6,BID
2020-10-30 10:37:21,TRV,120.11,3,ASK
2020-10-30 10:37:21,TRV,120.01,6,BID
2020-10-30 10:37:21,TRV,120.11,3,ASK
2020-10-30 10:37:21,TRV,120.01,6,BID
2020-10-30 10:37:21,TRV,120.11,3,ASK
2020-10-30 10:37:26,TRV,120.08,2,BID
2020-10-30 10:37:26,TRV,120.26,2,ASK
2020-10-30 10:37:27,TRV,120.14,3,BID
2020-10-30 10:37:27,TRV,120.27,4,ASK
2020-10-30 10:37:27,TRV,120.14,3,BID
2020-10-30 10:37:27,TRV,120.27,4,ASK
2020-10-30 10:37:30,TRV,120.14,3,BID
2020-10-30 10:37:30,TRV,120.27,4,ASK
2020-10-30 10:37:30,TRV,120.14,3,BID
2020-10-30 10:37:30,TRV,120.27,4,ASK
2020-10-30 10:37:26,TRV,120.14,3,BID
2020-10-30 10:37:30,TRV,120.27,4,ASK
2020-10-30 10:37:26,TRV,120.14,3,BID
2020-10-30 10:37:30,TRV,120.27,3,ASK
2020-10-30 10:37:26,TRV,120.14,3,BID
2020-10-30 10:37:30,TRV,120.27,3,ASK
2020-10-30 10:37:26,TRV,120.14,3,BID
2020-10-30 10:37:30,TRV,120.27,3,ASK
2020-10-30 10:37:26,TRV,120.14,3,BID
2020-10-30 10:37:30,TRV,120.27,3,ASK
2020-10-30 10:37:26,TRV,120.14,3,BID
2020-10-30 10:37:30,TRV,120.27,3,ASK
2020-10-30 10:37:26,TRV,120.14,3,BID
2020-10-30 10:37:30,TRV,120.27,3,ASK
2020-10-30 10:37:26,TRV,120.14,3,BID
2020-10-30 10:37:30,TRV,120.27,3,ASK
2020-10-30 10:37:37,TRV,120.14,5,BID
2020-10-30 10:37:30,TRV,120.27,3,ASK
2020-10-30 10:37:37,TRV,120.14,5,BID
2020-10-30 10:37:30,TRV,120.27,3,ASK
2020-10-30 10:37:37,TRV,120.14,5,BID
2020-10-30 10:37:30,TRV,120.27,3,ASK
2020-10-30 10:37:39,TRV,120.14,6,BID
2020-10-30 10:37:39,TRV,120.27,3,ASK
2020-10-30 10:37:39,TRV,120.14,6,BID
2020-10-30 10:37:39,TRV,120.27,3,ASK
2020-10-30 10:37:39,TRV,120.14,6,BID
2020-10-30 10:37:39,TRV,120.27,3,ASK
2020-10-30 10:37:39,TRV,120.14,6,BID
2020-10-30 10:37:39,TRV,120.27,3,ASK
2020-10-30 10:37:39,TRV,120.14,6,BID
2020-10-30 10:37:39,TRV,120.27,3,ASK
2020-10-30 10:37:39,TRV,120.14,6,BID
2020-10-30 10:37:39,TRV,120.27,3,ASK
2020-10-30 10:37:39,TRV,120.14,6,BID
2020-10-30 10:37:39,TRV,120.27,3,ASK
2020-10-30 10:37:39,TRV,120.14,6,BID
2020-10-30 10:37:39,TRV,120.27,3,ASK
2020-10-30 10:37:39,TRV,120.14,6,BID
2020-10-30 10:37:39,TRV,120.27,3,ASK
2020-10-30 10:37:39,TRV,120.14,6,BID
2020-10-30 10:37:39,TRV,120.27,3,ASK
2020-10-30 10:37:47,TRV,120.31,1,BID
2020-10-30 10:37:47,TRV,120.35,5,ASK
2020-10-30 10:37:47,TRV,120.31,1,BID
2020-10-30 10:37:47,TRV,120.37,2,ASK
2020-10-30 10:37:49,TRV,120.31,1,BID
2020-10-30 10:37:49,TRV,120.41,3,ASK
2020-10-30 10:37:49,TRV,120.31,1,BID
2020-10-30 10:37:49,TRV,120.41,4,ASK
2020-10-30 10:37:50,TRV,120.31,1,BID
2020-10-30 10:37:50,TRV,120.41,4,ASK
2020-10-30 10:37:52,TRV,120.31,1,BID
2020-10-30 10:37:52,TRV,120.41,3,ASK
2020-10-30 10:37:52,TRV,120.31,1,BID
2020-10-30 10:37:52,TRV,120.43,3,ASK
2020-10-30 10:37:52,TRV,120.31,2,BID
2020-10-30 10:37:52,TRV,120.46,2,ASK
2020-10-30 10:37:53,TRV,120.31,2,BID
2020-10-30 10:37:53,TRV,120.46,3,ASK
2020-10-30 10:37:53,TRV,120.31,2,BID
2020-10-30 10:37:53,TRV,120.46,3,ASK
2020-10-30 10:37:54,TRV,120.31,2,BID
2020-10-30 10:37:54,TRV,120.48,3,ASK
2020-10-30 10:37:54,TRV,120.31,2,BID
2020-10-30 10:37:54,TRV,120.48,3,ASK
2020-10-30 10:37:54,TRV,120.31,2,BID
2020-10-30 10:37:54,TRV,120.48,3,ASK
2020-10-30 10:37:54,TRV,120.31,2,BID
2020-10-30 10:37:54,TRV,120.48,3,ASK
2020-10-30 10:37:57,TRV,120.31,4,BID
2020-10-30 10:37:57,TRV,120.48,4,ASK
2020-10-30 10:37:57,TRV,120.31,4,BID
2020-10-30 10:37:57,TRV,120.48,4,ASK
2020-10-30 10:38:00,TRV,120.31,4,BID
2020-10-30 10:38:00,TRV,120.48,4,ASK
2020-10-30 10:38:00,TRV,120.31,4,BID
2020-10-30 10:38:00,TRV,120.48,4,ASK
2020-10-30 10:38:00,TRV,120.31,4,BID
2020-10-30 10:38:00,TRV,120.48,4,ASK
2020-10-30 10:38:01,TRV,120.32,4,BID
2020-10-30 10:38:01,TRV,120.48,4,ASK
2020-10-30 10:38:01,TRV,120.32,4,BID
2020-10-30 10:38:01,TRV,120.48,4,ASK
2020-10-30 10:38:01,TRV,120.32,4,BID
2020-10-30 10:38:01,TRV,120.48,4,ASK
2020-10-30 10:38:01,TRV,120.32,4,BID
2020-10-30 10:38:01,TRV,120.48,4,ASK
2020-10-30 10:38:01,TRV,120.32,4,BID
2020-10-30 10:38:01,TRV,120.48,4,ASK
2020-10-30 10:38:01,TRV,120.32,4,BID
2020-10-30 10:38:01,TRV,120.48,4,ASK
2020-10-30 10:38:01,TRV,120.32,4,BID
2020-10-30 10:38:01,TRV,120.48,4,ASK
2020-10-30 10:38:07,TRV,120.32,6,BID
2020-10-30 10:38:07,TRV,120.46,1,ASK
2020-10-30 10:38:07,TRV,120.32,6,BID
2020-10-30 10:38:07,TRV,120.46,1,ASK
2020-10-30 10:38:07,TRV,120.32,6,BID
2020-10-30 10:38:07,TRV,120.46,1,ASK
2020-10-30 10:38:07,TRV,120.32,6,BID
2020-10-30 10:38:07,TRV,120.46,1,ASK
2020-10-30 10:38:11,TRV,120.28,1,BID
2020-10-30 10:38:11,TRV,120.45,4,ASK
2020-10-30 10:38:12,TRV,120.23,1,BID
2020-10-30 10:38:12,TRV,120.41,5,ASK
2020-10-30 10:38:12,TRV,120.23,1,BID
2020-10-30 10:38:12,TRV,120.41,5,ASK
2020-10-30 10:38:13,TRV,120.23,1,BID
2020-10-30 10:38:13,TRV,120.34,2,ASK
2020-10-30 10:38:14,TRV,120.22,1,BID
2020-10-30 10:38:14,TRV,120.33,1,ASK
2020-10-30 10:38:14,TRV,120.22,1,BID
2020-10-30 10:38:14,TRV,120.33,1,ASK
2020-10-30 10:38:17,TRV,120.22,3,BID
2020-10-30 10:38:17,TRV,120.35,2,ASK
2020-10-30 10:38:17,TRV,120.23,2,BID
2020-10-30 10:38:17,TRV,120.33,2,ASK
2020-10-30 10:38:17,TRV,120.23,2,BID
2020-10-30 10:38:17,TRV,120.33,2,ASK
2020-10-30 10:38:17,TRV,120.23,2,BID
2020-10-30 10:38:17,TRV,120.33,2,ASK
2020-10-30 10:38:20,TRV,120.35,3,BID
2020-10-30 10:38:20,TRV,120.46,1,ASK
2020-10-30 10:38:20,TRV,120.35,3,BID
2020-10-30 10:38:20,TRV,120.46,1,ASK
2020-10-30 10:38:23,TRV,120.26,1,BID
2020-10-30 10:38:23,TRV,120.45,2,ASK
2020-10-30 10:38:23,TRV,120.26,4,BID
2020-10-30 10:38:23,TRV,120.44,3,ASK
2020-10-30 10:38:25,TRV,120.26,4,BID
2020-10-30 10:38:25,TRV,120.43,3,ASK
2020-10-30 10:38:25,TRV,120.26,7,BID
2020-10-30 10:38:27,TRV,120.43,5,ASK
2020-10-30 10:38:25,TRV,120.26,7,BID
2020-10-30 10:38:27,TRV,120.43,5,ASK
2020-10-30 10:38:25,TRV,120.26,7,BID
2020-10-30 10:38:27,TRV,120.43,5,ASK
2020-10-30 10:38:25,TRV,120.26,7,BID
2020-10-30 10:38:30,TRV,120.43,5,ASK
2020-10-30 10:38:31,TRV,120.27,4,BID
2020-10-30 10:38:31,TRV,120.43,5,ASK
2020-10-30 10:38:31,TRV,120.27,4,BID
2020-10-30 10:38:31,TRV,120.43,5,ASK
2020-10-30 10:38:31,TRV,120.27,4,BID
2020-10-30 10:38:31,TRV,120.43,5,ASK
2020-10-30 10:38:31,TRV,120.27,4,BID
2020-10-30 10:38:31,TRV,120.43,5,ASK
2020-10-30 10:38:31,TRV,120.27,4,BID
2020-10-30 10:38:31,TRV,120.43,5,ASK
2020-10-30 10:38:31,TRV,120.27,4,BID
2020-10-30 10:38:31,TRV,120.43,5,ASK
2020-10-30 10:38:31,TRV,120.27,4,BID
2020-10-30 10:38:31,TRV,120.43,5,ASK
2020-10-30 10:38:31,TRV,120.27,4,BID
2020-10-30 10:38:31,TRV,120.43,5,ASK
2020-10-30 10:38:31,TRV,120.27,4,BID
2020-10-30 10:38:31,TRV,120.43,5,ASK
2020-10-30 10:38:31,TRV,120.27,4,BID
2020-10-30 10:38:31,TRV,120.43,5,ASK
2020-10-30 10:38:31,TRV,120.27,4,BID
2020-10-30 10:38:31,TRV,120.43,5,ASK
2020-10-30 10:38:41,TRV,120.28,6,BID
2020-10-30 10:38:41,TRV,120.43,5,ASK
2020-10-30 10:38:42,TRV,120.28,5,BID
2020-10-30 10:38:41,TRV,120.43,5,ASK
2020-10-30 10:38:43,TRV,120.29,3,BID
2020-10-30 10:38:41,TRV,120.43,5,ASK
2020-10-30 10:38:43,TRV,120.29,3,BID
2020-10-30 10:38:41,TRV,120.43,5,ASK
2020-10-30 10:38:43,TRV,120.29,3,BID
2020-10-30 10:38:41,TRV,120.43,5,ASK
2020-10-30 10:38:47,TRV,120.29,3,BID
2020-10-30 10:38:41,TRV,120.43,5,ASK
2020-10-30 10:38:47,TRV,120.29,3,BID
2020-10-30 10:38:41,TRV,120.43,5,ASK
2020-10-30 10:38:47,TRV,120.29,3,BID
2020-10-30 10:38:41,TRV,120.43,5,ASK
2020-10-30 10:38:47,TRV,120.29,3,BID
2020-10-30 10:38:41,TRV,120.43,5,ASK
2020-10-30 10:38:51,TRV,120.31,2,BID
2020-10-30 10:38:41,TRV,120.43,5,ASK
2020-10-30 10:38:51,TRV,120.42,1,BID
2020-10-30 10:38:51,TRV,120.51,4,ASK
2020-10-30 10:38:52,TRV,120.43,2,BID
2020-10-30 10:38:52,TRV,120.56,3,ASK
2020-10-30 10:38:52,TRV,120.43,2,BID
2020-10-30 10:38:52,TRV,120.56,3,ASK
2020-10-30 10:38:52,TRV,120.43,2,BID
2020-10-30 10:38:52,TRV,120.56,3,ASK
2020-10-30 10:38:54,TRV,120.43,3,BID
2020-10-30 10:38:54,TRV,120.56,4,ASK
2020-10-30 10:38:54,TRV,120.43,3,BID
2020-10-30 10:38:54,TRV,120.56,4,ASK
2020-10-30 10:38:54,TRV,120.43,3,BID
2020-10-30 10:38:54,TRV,120.56,4,ASK
2020-10-30 10:38:54,TRV,120.43,3,BID
2020-10-30 10:38:54,TRV,120.56,4,ASK
2020-10-30 10:38:54,TRV,120.43,3,BID
2020-10-30 10:38:54,TRV,120.56,4,ASK
2020-10-30 10:39:00,TRV,120.43,3,BID
2020-10-30 10:39:00,TRV,120.56,4,ASK
2020-10-30 10:39:00,TRV,120.43,3,BID
2020-10-30 10:39:00,TRV,120.56,4,ASK
2020-10-30 10:39:02,TRV,120.43,4,BID
2020-10-30 10:39:00,TRV,120.56,3,ASK
2020-10-30 10:39:02,TRV,120.43,4,BID
2020-10-30 10:39:00,TRV,120.56,3,ASK
2020-10-30 10:39:02,TRV,120.43,4,BID
2020-10-30 10:39:00,TRV,120.56,3,ASK
2020-10-30 10:39:02,TRV,120.43,4,BID
2020-10-30 10:39:00,TRV,120.56,3,ASK
2020-10-30 10:39:04,TRV,120.43,6,BID
2020-10-30 10:39:00,TRV,120.56,3,ASK
2020-10-30 10:39:04,TRV,120.43,6,BID
2020-10-30 10:39:00,TRV,120.56,3,ASK
2020-10-30 10:39:04,TRV,120.43,6,BID
2020-10-30 10:39:00,TRV,120.56,3,ASK
2020-10-30 10:39:04,TRV,120.43,6,BID
2020-10-30 10:39:00,TRV,120.56,3,ASK
2020-10-30 10:39:04,TRV,120.43,6,BID
2020-10-30 10:39:00,TRV,120.56,3,ASK
2020-10-30 10:39:10,TRV,120.3,3,BID
2020-10-30 10:39:10,TRV,120.49,5,ASK
2020-10-30 10:39:10,TRV,120.3,3,BID
2020-10-30 10:39:10,TRV,120.49,5,ASK
2020-10-30 10:39:10,TRV,120.3,4,BID
2020-10-30 10:39:10,TRV,120.44,2,ASK
2020-10-30 10:39:11,TRV,120.3,6,BID
2020-10-30 10:39:11,TRV,120.45,7,ASK
2020-10-30 10:39:12,TRV,120.3,5,BID
2020-10-30 10:39:11,TRV,120.45,8,ASK
2020-10-30 10:39:12,TRV,120.3,5,BID
2020-10-30 10:39:11,TRV,120.45,8,ASK
2020-10-30 10:39:12,TRV,120.3,5,BID
2020-10-30 10:39:11,TRV,120.45,8,ASK
2020-10-30 10:39:17,TRV,120.3,5,BID
2020-10-30 10:39:11,TRV,120.45,8,ASK
2020-10-30 10:39:19,TRV,120.32,2,BID
2020-10-30 10:39:11,TRV,120.45,8,ASK
2020-10-30 10:39:19,TRV,120.32,2,BID
2020-10-30 10:39:10,TRV,120.45,8,ASK
2020-10-30 10:39:19,TRV,120.32,2,BID
2020-10-30 10:39:10,TRV,120.45,8,ASK
2020-10-30 10:39:19,TRV,120.32,3,BID
2020-10-30 10:39:10,TRV,120.45,8,ASK
2020-10-30 10:39:19,TRV,120.32,3,BID
2020-10-30 10:39:10,TRV,120.45,8,ASK
2020-10-30 10:39:19,TRV,120.32,3,BID
2020-10-30 10:39:10,TRV,120.45,8,ASK
2020-10-30 10:39:19,TRV,120.32,3,BID
2020-10-30 10:39:10,TRV,120.45,8,ASK
2020-10-30 10:39:19,TRV,120.32,3,BID
2020-10-30 10:39:10,TRV,120.45,8,ASK
2020-10-30 10:39:30,TRV,120.32,4,BID
2020-10-30 10:39:10,TRV,120.45,8,ASK
2020-10-30 10:39:30,TRV,120.32,4,BID
2020-10-30 10:39:10,TRV,120.45,8,ASK
2020-10-30 10:39:30,TRV,120.32,4,BID
2020-10-30 10:39:10,TRV,120.45,8,ASK
2020-10-30 10:39:30,TRV,120.32,4,BID
2020-10-30 10:39:10,TRV,120.45,8,ASK
2020-10-30 10:39:30,TRV,120.32,3,BID
2020-10-30 10:39:10,TRV,120.45,8,ASK
2020-10-30 10:39:30,TRV,120.32,3,BID
2020-10-30 10:39:10,TRV,120.45,8,ASK
2020-10-30 10:39:30,TRV,120.32,3,BID
2020-10-30 10:39:10,TRV,120.45,8,ASK
2020-10-30 10:39:30,TRV,120.32,3,BID
2020-10-30 10:39:10,TRV,120.45,8,ASK
2020-10-30 10:39:30,TRV,120.32,3,BID
2020-10-30 10:39:41,TRV,120.45,10,ASK
2020-10-30 10:39:30,TRV,120.32,3,BID
2020-10-30 10:39:41,TRV,120.45,10,ASK
2020-10-30 10:39:30,TRV,120.32,3,BID
2020-10-30 10:39:42,TRV,120.44,4,ASK
2020-10-30 10:39:43,TRV,120.25,5,BID
2020-10-30 10:39:44,TRV,120.37,5,ASK
2020-10-30 10:39:43,TRV,120.25,5,BID
2020-10-30 10:39:44,TRV,120.37,5,ASK
2020-10-30 10:39:43,TRV,120.25,5,BID
2020-10-30 10:39:44,TRV,120.37,5,ASK
2020-10-30 10:39:43,TRV,120.25,5,BID
2020-10-30 10:39:44,TRV,120.37,5,ASK
2020-10-30 10:39:43,TRV,120.25,4,BID
2020-10-30 10:39:47,TRV,120.37,5,ASK
2020-10-30 10:39:43,TRV,120.25,4,BID
2020-10-30 10:39:48,TRV,120.37,5,ASK
2020-10-30 10:39:43,TRV,120.25,5,BID
2020-10-30 10:39:49,TRV,120.37,5,ASK
2020-10-30 10:39:43,TRV,120.25,5,BID
2020-10-30 10:39:49,TRV,120.37,5,ASK
2020-10-30 10:39:53,TRV,120.26,4,BID
2020-10-30 10:39:53,TRV,120.37,4,ASK
2020-10-30 10:39:53,TRV,120.26,4,BID
2020-10-30 10:39:54,TRV,120.37,4,ASK
2020-10-30 10:39:56,TRV,120.26,4,BID
2020-10-30 10:39:56,TRV,120.37,4,ASK
2020-10-30 10:39:58,TRV,120.26,4,BID
2020-10-30 10:39:58,TRV,120.37,4,ASK
2020-10-30 10:39:58,TRV,120.26,4,BID
2020-10-30 10:39:58,TRV,120.37,4,ASK
2020-10-30 10:40:00,TRV,120.26,5,BID
2020-10-30 10:40:00,TRV,120.37,4,ASK
2020-10-30 10:40:00,TRV,120.19,10,BID
2020-10-30 10:40:00,TRV,120.36,2,ASK
2020-10-30 10:40:00,TRV,120.2,3,BID
2020-10-30 10:40:00,TRV,120.36,2,ASK
2020-10-30 10:40:00,TRV,120.2,4,BID
2020-10-30 10:40:00,TRV,120.37,4,ASK
2020-10-30 10:40:00,TRV,120.2,4,BID
2020-10-30 10:40:00,TRV,120.37,4,ASK
2020-10-30 10:40:00,TRV,120.25,1,BID
2020-10-30 10:40:00,TRV,120.33,3,ASK
2020-10-30 10:40:00,TRV,120.25,1,BID
2020-10-30 10:40:00,TRV,120.33,3,ASK
2020-10-30 10:40:00,TRV,120.25,1,BID
2020-10-30 10:40:00,TRV,120.33,3,ASK
2020-10-30 10:40:01,TRV,120.19,10,BID
2020-10-30 10:40:01,TRV,120.33,3,ASK
2020-10-30 10:40:01,TRV,120.19,10,BID
2020-10-30 10:40:01,TRV,120.29,3,ASK
2020-10-30 10:40:01,TRV,120.19,10,BID
2020-10-30 10:40:01,TRV,120.29,3,ASK
2020-10-30 10:40:03,TRV,120.02,4,BID
2020-10-30 10:40:03,TRV,120.18,6,ASK
2020-10-30 10:40:03,TRV,120.03,4,BID
2020-10-30 10:40:03,TRV,120.18,9,ASK
2020-10-30 10:40:03,TRV,120.03,4,BID
2020-10-30 10:40:03,TRV,120.18,9,ASK
2020-10-30 10:40:06,TRV,120.04,4,BID
2020-10-30 10:40:06,TRV,120.16,5,ASK
2020-10-30 10:40:03,TRV,120.02,3,BID
2020-10-30 10:40:07,TRV,120.16,5,ASK
2020-10-30 10:40:03,TRV,120.02,3,BID
2020-10-30 10:40:07,TRV,120.16,5,ASK
2020-10-30 10:40:09,TRV,120.02,4,BID
2020-10-30 10:40:09,TRV,120.16,5,ASK
2020-10-30 10:40:09,TRV,120.02,4,BID
2020-10-30 10:40:09,TRV,120.16,5,ASK
2020-10-30 10:40:09,TRV,120.02,4,BID
2020-10-30 10:40:09,TRV,120.16,5,ASK
2020-10-30 10:40:12,TRV,120.03,1,BID
2020-10-30 10:40:12,TRV,120.16,5,ASK
2020-10-30 10:40:12,TRV,120.03,1,BID
2020-10-30 10:40:12,TRV,120.16,5,ASK
2020-10-30 10:40:13,TRV,119.92,5,BID
2020-10-30 10:40:13,TRV,120.09,5,ASK
2020-10-30 10:40:13,TRV,119.92,5,BID
2020-10-30 10:40:13,TRV,120.09,8,ASK
2020-10-30 10:40:14,TRV,119.93,2,BID
2020-10-30 10:40:13,TRV,120.09,8,ASK
2020-10-30 10:40:17,TRV,119.92,10,BID
2020-10-30 10:40:13,TRV,120.09,8,ASK
2020-10-30 10:40:17,TRV,119.92,10,BID
2020-10-30 10:40:13,TRV,120.09,8,ASK
2020-10-30 10:40:17,TRV,119.92,8,BID
2020-10-30 10:40:18,TRV,120.08,5,ASK
2020-10-30 10:40:17,TRV,119.92,8,BID
2020-10-30 10:40:18,TRV,120.08,5,ASK
2020-10-30 10:40:17,TRV,119.92,8,BID
2020-10-30 10:40:18,TRV,120.08,5,ASK
2020-10-30 10:40:17,TRV,119.92,8,BID
2020-10-30 10:40:18,TRV,120.08,5,ASK
2020-10-30 10:40:17,TRV,119.92,8,BID
2020-10-30 10:40:18,TRV,120.08,5,ASK
2020-10-30 10:40:19,TRV,119.93,6,BID
2020-10-30 10:40:19,TRV,120.08,5,ASK
2020-10-30 10:40:19,TRV,119.93,6,BID
2020-10-30 10:40:19,TRV,120.08,5,ASK
2020-10-30 10:40:18,TRV,119.93,6,BID
2020-10-30 10:40:19,TRV,120.08,5,ASK
2020-10-30 10:40:28,TRV,119.94,4,BID
2020-10-30 10:40:28,TRV,120.16,1,ASK
2020-10-30 10:40:30,TRV,119.93,8,BID
2020-10-30 10:40:30,TRV,120.16,3,ASK
2020-10-30 10:40:31,TRV,119.93,8,BID
2020-10-30 10:40:31,TRV,120.16,3,ASK
2020-10-30 10:40:32,TRV,119.92,1,BID
2020-10-30 10:40:32,TRV,120.14,3,ASK
2020-10-30 10:40:32,TRV,119.92,1,BID
2020-10-30 10:40:32,TRV,120.14,3,ASK
2020-10-30 10:40:32,TRV,119.92,1,BID
2020-10-30 10:40:32,TRV,120.14,3,ASK
2020-10-30 10:40:33,TRV,119.92,2,BID
2020-10-30 10:40:33,TRV,120.14,3,ASK
2020-10-30 10:40:33,TRV,119.92,2,BID
2020-10-30 10:40:33,TRV,120.14,3,ASK
2020-10-30 10:40:36,TRV,119.92,3,BID
2020-10-30 10:40:36,TRV,120.13,2,ASK
2020-10-30 10:40:37,TRV,119.94,6,BID
2020-10-30 10:40:37,TRV,120.13,3,ASK
2020-10-30 10:40:38,TRV,119.95,5,BID
2020-10-30 10:40:38,TRV,120.13,3,ASK
2020-10-30 10:40:40,TRV,119.96,5,BID
2020-10-30 10:40:39,TRV,120.13,3,ASK
2020-10-30 10:40:40,TRV,119.96,7,BID
2020-10-30 10:40:40,TRV,120.12,1,ASK
2020-10-30 10:40:41,TRV,119.97,7,BID
2020-10-30 10:40:42,TRV,120.12,2,ASK
2020-10-30 10:40:43,TRV,119.95,9,BID
2020-10-30 10:40:43,TRV,120.12,2,ASK
2020-10-30 10:40:43,TRV,119.96,2,BID
2020-10-30 10:40:43,TRV,120.12,2,ASK
2020-10-30 10:40:43,TRV,119.96,2,BID
2020-10-30 10:40:43,TRV,120.12,2,ASK
2020-10-30 10:40:43,TRV,119.96,2,BID
2020-10-30 10:40:43,TRV,120.12,2,ASK
2020-10-30 10:40:43,TRV,119.96,2,BID
2020-10-30 10:40:43,TRV,120.12,2,ASK
2020-10-30 10:40:43,TRV,119.96,2,BID
2020-10-30 10:40:43,TRV,120.12,2,ASK
2020-10-30 10:40:43,TRV,119.96,2,BID
2020-10-30 10:40:43,TRV,120.12,2,ASK
2020-10-30 10:40:43,TRV,119.96,2,BID
2020-10-30 10:40:43,TRV,120.12,2,ASK
2020-10-30 10:40:43,TRV,119.96,2,BID
2020-10-30 10:40:43,TRV,120.12,2,ASK
2020-10-30 10:40:54,TRV,119.96,2,BID
2020-10-30 10:40:54,TRV,120.12,2,ASK
2020-10-30 10:40:54,TRV,119.96,2,BID
2020-10-30 10:40:54,TRV,120.12,2,ASK
2020-10-30 10:40:54,TRV,119.96,2,BID
2020-10-30 10:40:54,TRV,120.12,2,ASK
2020-10-30 10:40:43,TRV,119.95,9,BID
2020-10-30 10:40:55,TRV,120.12,5,ASK
2020-10-30 10:40:43,TRV,119.95,9,BID
2020-10-30 10:40:55,TRV,120.12,5,ASK
2020-10-30 10:40:58,TRV,119.95,10,BID
2020-10-30 10:40:58,TRV,120.12,5,ASK
2020-10-30 10:40:58,TRV,119.95,10,BID
2020-10-30 10:40:58,TRV,120.12,5,ASK
2020-10-30 10:41:00,TRV,119.95,9,BID
2020-10-30 10:41:00,TRV,120.12,6,ASK
2020-10-30 10:41:01,TRV,119.95,9,BID
2020-10-30 10:41:01,TRV,120.12,5,ASK
2020-10-30 10:41:01,TRV,119.95,9,BID
2020-10-30 10:41:01,TRV,120.12,5,ASK
2020-10-30 10:41:01,TRV,119.95,9,BID
2020-10-30 10:41:01,TRV,120.12,5,ASK
2020-10-30 10:41:01,TRV,119.95,9,BID
2020-10-30 10:41:01,TRV,120.12,5,ASK
2020-10-30 10:41:05,TRV,119.97,2,BID
2020-10-30 10:41:05,TRV,120.12,5,ASK
2020-10-30 10:41:06,TRV,119.97,3,BID
2020-10-30 10:41:06,TRV,120.12,5,ASK
2020-10-30 10:41:06,TRV,119.97,3,BID
2020-10-30 10:41:06,TRV,120.12,5,ASK
2020-10-30 10:41:08,TRV,119.97,3,BID
2020-10-30 10:41:06,TRV,120.12,5,ASK
2020-10-30 10:41:09,TRV,119.97,2,BID
2020-10-30 10:41:08,TRV,120.12,5,ASK
2020-10-30 10:41:10,TRV,119.97,2,BID
2020-10-30 10:41:10,TRV,120.12,5,ASK
2020-10-30 10:41:10,TRV,119.97,2,BID
2020-10-30 10:41:10,TRV,120.12,5,ASK
2020-10-30 10:41:10,TRV,119.97,2,BID
2020-10-30 10:41:10,TRV,120.12,5,ASK
2020-10-30 10:41:14,TRV,119.96,5,BID
2020-10-30 10:41:14,TRV,120.12,5,ASK
2020-10-30 10:41:14,TRV,119.96,5,BID
2020-10-30 10:41:14,TRV,120.12,5,ASK
2020-10-30 10:41:14,TRV,119.96,5,BID
2020-10-30 10:41:14,TRV,120.12,5,ASK
2020-10-30 10:41:14,TRV,119.96,5,BID
2020-10-30 10:41:14,TRV,120.12,5,ASK
2020-10-30 10:41:14,TRV,119.96,5,BID
2020-10-30 10:41:14,TRV,120.12,5,ASK
2020-10-30 10:41:19,TRV,119.96,6,BID
2020-10-30 10:41:19,TRV,120.12,6,ASK
2020-10-30 10:41:19,TRV,119.96,6,BID
2020-10-30 10:41:19,TRV,120.12,6,ASK
2020-10-30 10:41:19,TRV,119.96,6,BID
2020-10-30 10:41:19,TRV,120.12,6,ASK
2020-10-30 10:41:22,TRV,119.88,3,BID
2020-10-30 10:41:22,TRV,120.04,5,ASK
2020-10-30 10:41:22,TRV,119.88,5,BID
2020-10-30 10:41:22,TRV,120.04,6,ASK
2020-10-30 10:41:22,TRV,119.88,5,BID
2020-10-30 10:41:22,TRV,120.04,6,ASK
2020-10-30 10:41:23,TRV,119.88,3,BID
2020-10-30 10:41:23,TRV,120.04,6,ASK
2020-10-30 10:41:23,TRV,119.88,3,BID
2020-10-30 10:41:23,TRV,120.0,2,ASK
2020-10-30 10:41:23,TRV,119.88,3,BID
2020-10-30 10:41:23,TRV,120.0,2,ASK
2020-10-30 10:41:23,TRV,119.88,3,BID
2020-10-30 10:41:23,TRV,120.0,2,ASK
2020-10-30 10:41:23,TRV,119.88,3,BID
2020-10-30 10:41:25,TRV,120.0,3,ASK
2020-10-30 10:41:23,TRV,119.88,3,BID
2020-10-30 10:41:25,TRV,120.0,3,ASK
2020-10-30 10:41:27,TRV,119.84,2,BID
2020-10-30 10:41:27,TRV,119.96,1,ASK
2020-10-30 10:41:27,TRV,119.79,1,BID
2020-10-30 10:41:27,TRV,119.96,2,ASK
2020-10-30 10:41:27,TRV,119.79,1,BID
2020-10-30 10:41:27,TRV,119.96,2,ASK
2020-10-30 10:41:30,TRV,119.8,1,BID
2020-10-30 10:41:30,TRV,119.95,4,ASK
2020-10-30 10:41:30,TRV,119.8,1,BID
2020-10-30 10:41:30,TRV,119.95,4,ASK
2020-10-30 10:41:30,TRV,119.8,1,BID
2020-10-30 10:41:30,TRV,119.95,4,ASK
2020-10-30 10:41:33,TRV,119.83,1,BID
2020-10-30 10:41:33,TRV,119.95,6,ASK
2020-10-30 10:41:35,TRV,119.83,1,BID
2020-10-30 10:41:33,TRV,119.95,6,ASK
2020-10-30 10:41:36,TRV,119.79,3,BID
2020-10-30 10:41:36,TRV,119.94,3,ASK
2020-10-30 10:41:37,TRV,119.77,1,BID
2020-10-30 10:41:37,TRV,119.92,6,ASK
2020-10-30 10:41:38,TRV,119.76,3,BID
2020-10-30 10:41:38,TRV,119.91,4,ASK
2020-10-30 10:41:38,TRV,119.74,3,BID
2020-10-30 10:41:39,TRV,119.91,4,ASK
2020-10-30 10:41:40,TRV,119.74,3,BID
2020-10-30 10:41:40,TRV,119.91,4,ASK
2020-10-30 10:41:41,TRV,119.74,2,BID
2020-10-30 10:41:41,TRV,119.87,3,ASK
2020-10-30 10:41:41,TRV,119.74,3,BID
2020-10-30 10:41:41,TRV,119.86,4,ASK
2020-10-30 10:41:41,TRV,119.74,3,BID
2020-10-30 10:41:41,TRV,119.86,4,ASK
2020-10-30 10:41:41,TRV,119.74,3,BID
2020-10-30 10:41:41,TRV,119.86,4,ASK
2020-10-30 10:41:41,TRV,119.74,3,BID
2020-10-30 10:41:41,TRV,119.86,4,ASK
2020-10-30 10:41:41,TRV,119.74,3,BID
2020-10-30 10:41:41,TRV,119.86,4,ASK
2020-10-30 10:41:41,TRV,119.74,3,BID
2020-10-30 10:41:41,TRV,119.86,4,ASK
2020-10-30 10:41:41,TRV,119.74,3,BID
2020-10-30 10:41:41,TRV,119.86,4,ASK
2020-10-30 10:41:41,TRV,119.74,3,BID
2020-10-30 10:41:41,TRV,119.86,4,ASK
2020-10-30 10:41:48,TRV,119.75,3,BID
2020-10-30 10:41:48,TRV,119.86,4,ASK
2020-10-30 10:41:50,TRV,119.76,5,BID
2020-10-30 10:41:50,TRV,119.92,8,ASK
2020-10-30 10:41:50,TRV,119.76,6,BID
2020-10-30 10:41:50,TRV,119.92,9,ASK
2020-10-30 10:41:50,TRV,119.76,5,BID
2020-10-30 10:41:50,TRV,119.91,3,ASK
2020-10-30 10:41:50,TRV,119.76,5,BID
2020-10-30 10:41:50,TRV,119.91,5,ASK
2020-10-30 10:41:51,TRV,119.76,2,BID
2020-10-30 10:41:51,TRV,119.91,7,ASK
2020-10-30 10:41:52,TRV,119.75,5,BID
2020-10-30 10:41:52,TRV,119.9,4,ASK
2020-10-30 10:41:52,TRV,119.75,5,BID
2020-10-30 10:41:54,TRV,119.9,4,ASK
2020-10-30 10:41:54,TRV,119.77,3,BID
2020-10-30 10:41:54,TRV,119.92,10,ASK
2020-10-30 10:41:54,TRV,119.77,2,BID
2020-10-30 10:41:56,TRV,119.92,10,ASK
2020-10-30 10:41:54,TRV,119.77,2,BID
2020-10-30 10:41:56,TRV,119.92,10,ASK
2020-10-30 10:41:57,TRV,119.78,3,BID
2020-10-30 10:41:57,TRV,119.92,10,ASK
2020-10-30 10:41:57,TRV,119.78,3,BID
2020-10-30 10:41:57,TRV,119.92,10,ASK
2020-10-30 10:41:59,TRV,119.78,3,BID
2020-10-30 10:41:59,TRV,119.91,3,ASK
2020-10-30 10:42:00,TRV,119.78,3,BID
2020-10-30 10:42:00,TRV,119.91,4,ASK
2020-10-30 10:42:00,TRV,119.78,3,BID
2020-10-30 10:42:00,TRV,119.91,4,ASK
2020-10-30 10:42:01,TRV,119.78,3,BID
2020-10-30 10:42:01,TRV,119.92,10,ASK
2020-10-30 10:42:02,TRV,119.78,2,BID
2020-10-30 10:42:02,TRV,119.91,2,ASK
2020-10-30 10:42:02,TRV,119.78,2,BID
2020-10-30 10:42:02,TRV,119.91,2,ASK
2020-10-30 10:42:03,TRV,119.78,2,BID
2020-10-30 10:42:03,TRV,119.91,5,ASK
2020-10-30 10:42:03,TRV,119.78,2,BID
2020-10-30 10:42:03,TRV,119.91,5,ASK
2020-10-30 10:42:03,TRV,119.78,2,BID
2020-10-30 10:42:03,TRV,119.91,5,ASK
2020-10-30 10:42:03,TRV,119.78,2,BID
2020-10-30 10:42:01,TRV,119.92,8,ASK
2020-10-30 10:42:03,TRV,119.78,2,BID
2020-10-30 10:42:01,TRV,119.92,8,ASK
2020-10-30 10:42:06,TRV,119.79,3,BID
2020-10-30 10:42:01,TRV,119.92,8,ASK
2020-10-30 10:42:06,TRV,119.79,3,BID
2020-10-30 10:42:01,TRV,119.92,8,ASK
2020-10-30 10:42:03,TRV,119.78,2,BID
2020-10-30 10:42:08,TRV,119.91,1,ASK
2020-10-30 10:42:03,TRV,119.78,2,BID
2020-10-30 10:42:09,TRV,119.91,3,ASK
2020-10-30 10:42:10,TRV,119.79,1,BID
2020-10-30 10:42:09,TRV,119.91,3,ASK
2020-10-30 10:42:11,TRV,119.81,1,BID
2020-10-30 10:42:11,TRV,119.92,8,ASK
2020-10-30 10:42:12,TRV,119.8,4,BID
2020-10-30 10:42:12,TRV,119.92,8,ASK
2020-10-30 10:42:12,TRV,119.8,4,BID
2020-10-30 10:42:12,TRV,119.92,8,ASK
2020-10-30 10:42:13,TRV,119.8,6,BID
2020-10-30 10:42:01,TRV,119.92,8,ASK
2020-10-30 10:42:15,TRV,119.8,5,BID
2020-10-30 10:42:15,TRV,119.91,1,ASK
2020-10-30 10:42:16,TRV,119.8,5,BID
2020-10-30 10:42:16,TRV,119.91,1,ASK
2020-10-30 10:42:16,TRV,119.8,5,BID
2020-10-30 10:42:16,TRV,119.91,1,ASK
2020-10-30 10:42:18,TRV,119.79,2,BID
2020-10-30 10:42:18,TRV,119.91,2,ASK
2020-10-30 10:42:10,TRV,119.78,2,BID
2020-10-30 10:42:18,TRV,119.91,5,ASK
2020-10-30 10:42:19,TRV,119.79,1,BID
2020-10-30 10:42:19,TRV,119.91,5,ASK
2020-10-30 10:42:20,TRV,119.79,2,BID
2020-10-30 10:42:01,TRV,119.92,8,ASK
2020-10-30 10:42:22,TRV,119.79,3,BID
2020-10-30 10:42:01,TRV,119.92,8,ASK
2020-10-30 10:42:22,TRV,119.79,3,BID
2020-10-30 10:42:22,TRV,119.91,1,ASK
2020-10-30 10:42:25,TRV,119.79,3,BID
2020-10-30 10:42:01,TRV,119.92,8,ASK
2020-10-30 10:42:25,TRV,119.79,3,BID
2020-10-30 10:42:01,TRV,119.92,8,ASK
2020-10-30 10:42:25,TRV,119.79,3,BID
2020-10-30 10:42:01,TRV,119.92,8,ASK
2020-10-30 10:42:28,TRV,119.79,5,BID
2020-10-30 10:42:28,TRV,119.91,1,ASK
2020-10-30 10:42:28,TRV,119.79,5,BID
2020-10-30 10:42:01,TRV,119.92,8,ASK
2020-10-30 10:42:30,TRV,119.79,5,BID
2020-10-30 10:42:01,TRV,119.92,8,ASK
2020-10-30 10:42:30,TRV,119.79,5,BID
2020-10-30 10:42:01,TRV,119.92,8,ASK
2020-10-30 10:42:33,TRV,119.79,5,BID
2020-10-30 10:42:33,TRV,119.91,1,ASK
2020-10-30 10:42:35,TRV,119.79,4,BID
2020-10-30 10:42:35,TRV,119.9,2,ASK
2020-10-30 10:42:35,TRV,119.78,1,BID
2020-10-30 10:42:35,TRV,119.86,3,ASK
2020-10-30 10:42:37,TRV,119.81,2,BID
2020-10-30 10:42:37,TRV,119.86,6,ASK
2020-10-30 10:42:38,TRV,119.78,2,BID
2020-10-30 10:42:38,TRV,119.86,6,ASK
2020-10-30 10:42:38,TRV,119.69,3,BID
2020-10-30 10:42:38,TRV,119.81,7,ASK
2020-10-30 10:42:39,TRV,119.67,1,BID
2020-10-30 10:42:39,TRV,119.77,3,ASK
2020-10-30 10:42:40,TRV,119.67,1,BID
2020-10-30 10:42:40,TRV,119.76,4,ASK
2020-10-30 10:42:41,TRV,119.67,2,BID
2020-10-30 10:42:40,TRV,119.76,4,ASK
2020-10-30 10:42:41,TRV,119.67,3,BID
2020-10-30 10:42:43,TRV,119.76,5,ASK
2020-10-30 10:42:41,TRV,119.67,3,BID
2020-10-30 10:42:43,TRV,119.76,5,ASK
2020-10-30 10:42:41,TRV,119.67,3,BID
2020-10-30 10:42:43,TRV,119.76,5,ASK
2020-10-30 10:42:41,TRV,119.67,3,BID
2020-10-30 10:42:46,TRV,119.79,1,ASK
2020-10-30 10:42:47,TRV,119.67,4,BID
2020-10-30 10:42:47,TRV,119.79,3,ASK
2020-10-30 10:42:47,TRV,119.67,4,BID
2020-10-30 10:42:47,TRV,119.79,3,ASK
2020-10-30 10:42:47,TRV,119.67,4,BID
2020-10-30 10:42:47,TRV,119.79,3,ASK
2020-10-30 10:42:47,TRV,119.67,4,BID
2020-10-30 10:42:47,TRV,119.79,3,ASK
2020-10-30 10:42:52,TRV,119.68,5,BID
2020-10-30 10:42:52,TRV,119.79,4,ASK
2020-10-30 10:42:52,TRV,119.68,5,BID
2020-10-30 10:42:52,TRV,119.79,4,ASK
2020-10-30 10:42:54,TRV,119.69,2,BID
2020-10-30 10:42:54,TRV,119.79,4,ASK
2020-10-30 10:42:55,TRV,119.68,8,BID
2020-10-30 10:42:55,TRV,119.79,4,ASK
2020-10-30 10:42:55,TRV,119.68,7,BID
2020-10-30 10:42:55,TRV,119.79,4,ASK
2020-10-30 10:42:55,TRV,119.68,7,BID
2020-10-30 10:42:55,TRV,119.79,4,ASK
2020-10-30 10:42:55,TRV,119.68,7,BID
2020-10-30 10:42:55,TRV,119.79,4,ASK
2020-10-30 10:42:55,TRV,119.68,7,BID
2020-10-30 10:42:55,TRV,119.79,4,ASK
2020-10-30 10:42:55,TRV,119.68,7,BID
2020-10-30 10:42:55,TRV,119.79,4,ASK
2020-10-30 10:43:00,TRV,119.68,6,BID
2020-10-30 10:43:00,TRV,119.79,4,ASK
2020-10-30 10:43:00,TRV,119.68,6,BID
2020-10-30 10:43:00,TRV,119.79,4,ASK
2020-10-30 10:43:00,TRV,119.69,2,BID
2020-10-30 10:43:00,TRV,119.79,4,ASK
2020-10-30 10:43:00,TRV,119.69,2,BID
2020-10-30 10:43:00,TRV,119.79,4,ASK
2020-10-30 10:43:00,TRV,119.69,2,BID
2020-10-30 10:43:00,TRV,119.79,4,ASK
2020-10-30 10:43:01,TRV,119.74,1,BID
2020-10-30 10:43:01,TRV,119.81,7,ASK
2020-10-30 10:43:02,TRV,119.74,2,BID
2020-10-30 10:43:02,TRV,119.82,2,ASK
2020-10-30 10:43:02,TRV,119.74,2,BID
2020-10-30 10:43:02,TRV,119.82,2,ASK
2020-10-30 10:43:03,TRV,119.76,5,BID
2020-10-30 10:43:03,TRV,119.86,8,ASK
2020-10-30 10:43:03,TRV,119.76,4,BID
2020-10-30 10:43:03,TRV,119.86,8,ASK
2020-10-30 10:43:03,TRV,119.74,3,BID
2020-10-30 10:43:03,TRV,119.86,8,ASK
2020-10-30 10:43:03,TRV,119.74,3,BID
2020-10-30 10:43:03,TRV,119.86,8,ASK
2020-10-30 10:43:03,TRV,119.74,3,BID
2020-10-30 10:43:03,TRV,119.86,8,ASK
2020-10-30 10:43:04,TRV,119.75,3,BID
2020-10-30 10:43:04,TRV,119.86,9,ASK
2020-10-30 10:43:03,TRV,119.74,4,BID
2020-10-30 10:43:05,TRV,119.86,9,ASK
2020-10-30 10:43:05,TRV,119.75,3,BID
2020-10-30 10:43:05,TRV,119.86,9,ASK
2020-10-30 10:43:06,TRV,119.75,4,BID
2020-10-30 10:43:06,TRV,119.86,9,ASK
2020-10-30 10:43:05,TRV,119.75,4,BID
2020-10-30 10:43:05,TRV,119.86,9,ASK
2020-10-30 10:43:07,TRV,119.75,3,BID
2020-10-30 10:43:07,TRV,119.86,10,ASK
2020-10-30 10:43:07,TRV,119.75,3,BID
2020-10-30 10:43:07,TRV,119.86,10,ASK
2020-10-30 10:43:07,TRV,119.75,3,BID
2020-10-30 10:43:07,TRV,119.86,10,ASK
2020-10-30 10:43:07,TRV,119.75,3,BID
2020-10-30 10:43:07,TRV,119.86,10,ASK
2020-10-30 10:43:10,TRV,119.75,4,BID
2020-10-30 10:43:10,TRV,119.86,10,ASK
2020-10-30 10:43:10,TRV,119.75,4,BID
2020-10-30 10:43:10,TRV,119.86,10,ASK
2020-10-30 10:43:10,TRV,119.75,4,BID
2020-10-30 10:43:10,TRV,119.86,10,ASK
2020-10-30 10:43:10,TRV,119.75,4,BID
2020-10-30 10:43:10,TRV,119.86,10,ASK
2020-10-30 10:43:10,TRV,119.75,4,BID
2020-10-30 10:43:10,TRV,119.86,10,ASK
2020-10-30 10:43:15,TRV,119.75,4,BID
2020-10-30 10:43:10,TRV,119.86,10,ASK
2020-10-30 10:43:15,TRV,119.75,4,BID
2020-10-30 10:43:10,TRV,119.86,10,ASK
2020-10-30 10:43:15,TRV,119.75,4,BID
2020-10-30 10:43:10,TRV,119.86,10,ASK
2020-10-30 10:43:17,TRV,119.75,6,BID
2020-10-30 10:43:17,TRV,119.86,10,ASK
2020-10-30 10:43:17,TRV,119.75,6,BID
2020-10-30 10:43:17,TRV,119.86,10,ASK
2020-10-30 10:43:17,TRV,119.75,6,BID
2020-10-30 10:43:17,TRV,119.86,10,ASK
2020-10-30 10:43:19,TRV,119.75,6,BID
2020-10-30 10:43:19,TRV,119.86,10,ASK
2020-10-30 10:43:20,TRV,119.66,4,BID
2020-10-30 10:43:20,TRV,119.83,6,ASK
2020-10-30 10:43:20,TRV,119.63,1,BID
2020-10-30 10:43:20,TRV,119.82,6,ASK
2020-10-30 10:43:21,TRV,119.64,1,BID
2020-10-30 10:43:21,TRV,119.76,1,ASK
2020-10-30 10:43:21,TRV,119.61,4,BID
2020-10-30 10:43:21,TRV,119.76,1,ASK
2020-10-30 10:43:22,TRV,119.61,4,BID
2020-10-30 10:43:22,TRV,119.76,3,ASK
2020-10-30 10:43:22,TRV,119.61,4,BID
2020-10-30 10:43:22,TRV,119.76,3,ASK
2020-10-30 10:43:23,TRV,119.56,1,BID
2020-10-30 10:43:23,TRV,119.69,1,ASK
2020-10-30 10:43:23,TRV,119.55,3,BID
2020-10-30 10:43:23,TRV,119.69,1,ASK
2020-10-30 10:43:23,TRV,119.52,1,BID
2020-10-30 10:43:23,TRV,119.69,1,ASK
2020-10-30 10:43:24,TRV,119.52,3,BID
2020-10-30 10:43:24,TRV,119.67,5,ASK
2020-10-30 10:43:24,TRV,119.52,2,BID
2020-10-30 10:43:24,TRV,119.67,8,ASK
2020-10-30 10:43:24,TRV,119.52,2,BID
2020-10-30 10:43:24,TRV,119.67,8,ASK
2020-10-30 10:43:24,TRV,119.52,2,BID
2020-10-30 10:43:24,TRV,119.67,8,ASK
2020-10-30 10:43:24,TRV,119.52,2,BID
2020-10-30 10:43:24,TRV,119.67,8,ASK
2020-10-30 10:43:28,TRV,119.53,1,BID
2020-10-30 10:43:28,TRV,119.66,4,ASK
2020-10-30 10:43:30,TRV,119.53,1,BID
2020-10-30 10:43:30,TRV,119.66,4,ASK
2020-10-30 10:43:27,TRV,119.52,3,BID
2020-10-30 10:43:30,TRV,119.66,4,ASK
2020-10-30 10:43:32,TRV,119.52,3,BID
2020-10-30 10:43:32,TRV,119.66,5,ASK
2020-10-30 10:43:32,TRV,119.52,3,BID
2020-10-30 10:43:32,TRV,119.66,5,ASK
2020-10-30 10:43:32,TRV,119.52,3,BID
2020-10-30 10:43:32,TRV,119.66,5,ASK
2020-10-30 10:43:32,TRV,119.52,3,BID
2020-10-30 10:43:34,TRV,119.66,6,ASK
2020-10-30 10:43:35,TRV,119.52,3,BID
2020-10-30 10:43:35,TRV,119.66,6,ASK
2020-10-30 10:43:35,TRV,119.52,3,BID
2020-10-30 10:43:35,TRV,119.66,6,ASK
2020-10-30 10:43:35,TRV,119.52,3,BID
2020-10-30 10:43:38,TRV,119.66,6,ASK
2020-10-30 10:43:35,TRV,119.52,3,BID
2020-10-30 10:43:38,TRV,119.66,6,ASK
2020-10-30 10:43:40,TRV,119.52,2,BID
2020-10-30 10:43:40,TRV,119.62,1,ASK
2020-10-30 10:43:40,TRV,119.52,2,BID
2020-10-30 10:43:40,TRV,119.62,2,ASK
2020-10-30 10:43:41,TRV,119.53,2,BID
2020-10-30 10:43:41,TRV,119.62,3,ASK
2020-10-30 10:43:42,TRV,119.52,4,BID
2020-10-30 10:43:42,TRV,119.62,5,ASK
2020-10-30 10:43:44,TRV,119.53,1,BID
2020-10-30 10:43:44,TRV,119.62,5,ASK
2020-10-30 10:43:45,TRV,119.46,4,BID
2020-10-30 10:43:45,TRV,119.6,3,ASK
2020-10-30 10:43:45,TRV,119.46,4,BID
2020-10-30 10:43:45,TRV,119.6,3,ASK
2020-10-30 10:43:45,TRV,119.46,4,BID
2020-10-30 10:43:46,TRV,119.6,6,ASK
2020-10-30 10:43:45,TRV,119.46,4,BID
2020-10-30 10:43:46,TRV,119.6,7,ASK
2020-10-30 10:43:47,TRV,119.46,3,BID
2020-10-30 10:43:47,TRV,119.59,3,ASK
2020-10-30 10:43:47,TRV,119.46,3,BID
2020-10-30 10:43:47,TRV,119.59,4,ASK
2020-10-30 10:43:48,TRV,119.46,3,BID
2020-10-30 10:43:48,TRV,119.59,6,ASK
2020-10-30 10:43:48,TRV,119.46,3,BID
2020-10-30 10:43:48,TRV,119.59,6,ASK
2020-10-30 10:43:48,TRV,119.46,3,BID
2020-10-30 10:43:48,TRV,119.59,6,ASK
2020-10-30 10:43:48,TRV,119.46,3,BID
2020-10-30 10:43:48,TRV,119.59,6,ASK
2020-10-30 10:43:48,TRV,119.46,3,BID
2020-10-30 10:43:48,TRV,119.59,6,ASK
2020-10-30 10:43:49,TRV,119.46,4,BID
2020-10-30 10:43:49,TRV,119.58,3,ASK
2020-10-30 10:43:49,TRV,119.46,4,BID
2020-10-30 10:43:49,TRV,119.58,3,ASK
2020-10-30 10:43:47,TRV,119.46,4,BID
2020-10-30 10:43:49,TRV,119.58,3,ASK
2020-10-30 10:43:50,TRV,119.34,2,BID
2020-10-30 10:43:50,TRV,119.52,2,ASK
2020-10-30 10:43:51,TRV,119.34,2,BID
2020-10-30 10:43:51,TRV,119.49,6,ASK
2020-10-30 10:43:51,TRV,119.27,2,BID
2020-10-30 10:43:51,TRV,119.47,6,ASK
2020-10-30 10:43:51,TRV,119.34,2,BID
2020-10-30 10:43:51,TRV,119.47,5,ASK
2020-10-30 10:43:51,TRV,119.34,2,BID
2020-10-30 10:43:51,TRV,119.47,5,ASK
2020-10-30 10:43:51,TRV,119.34,2,BID
2020-10-30 10:43:51,TRV,119.47,5,ASK
2020-10-30 10:43:52,TRV,119.34,2,BID
2020-10-30 10:43:52,TRV,119.47,8,ASK
2020-10-30 10:43:52,TRV,119.34,2,BID
2020-10-30 10:43:52,TRV,119.47,8,ASK
2020-10-30 10:43:52,TRV,119.34,2,BID
2020-10-30 10:43:52,TRV,119.47,8,ASK
2020-10-30 10:43:52,TRV,119.34,2,BID
2020-10-30 10:43:52,TRV,119.47,8,ASK
2020-10-30 10:43:52,TRV,119.34,2,BID
2020-10-30 10:43:52,TRV,119.47,8,ASK
2020-10-30 10:43:52,TRV,119.34,2,BID
2020-10-30 10:43:52,TRV,119.47,8,ASK
2020-10-30 10:43:52,TRV,119.34,2,BID
2020-10-30 10:43:52,TRV,119.47,8,ASK
2020-10-30 10:43:52,TRV,119.34,2,BID
2020-10-30 10:43:52,TRV,119.47,8,ASK
2020-10-30 10:43:52,TRV,119.34,2,BID
2020-10-30 10:43:52,TRV,119.47,8,ASK
2020-10-30 10:43:52,TRV,119.34,2,BID
2020-10-30 10:43:52,TRV,119.47,8,ASK
2020-10-30 10:43:52,TRV,119.34,2,BID
2020-10-30 10:43:52,TRV,119.47,8,ASK
2020-10-30 10:43:52,TRV,119.34,2,BID
2020-10-30 10:43:52,TRV,119.47,8,ASK
2020-10-30 10:43:56,TRV,119.34,2,BID
2020-10-30 10:43:56,TRV,119.47,7,ASK
2020-10-30 10:43:56,TRV,119.34,2,BID
2020-10-30 10:43:56,TRV,119.47,7,ASK
2020-10-30 10:43:56,TRV,119.34,2,BID
2020-10-30 10:43:56,TRV,119.47,7,ASK
2020-10-30 10:43:56,TRV,119.34,2,BID
2020-10-30 10:43:56,TRV,119.47,7,ASK
2020-10-30 10:43:56,TRV,119.34,2,BID
2020-10-30 10:43:56,TRV,119.47,7,ASK
2020-10-30 10:43:56,TRV,119.34,2,BID
2020-10-30 10:43:56,TRV,119.47,7,ASK
2020-10-30 10:44:00,TRV,119.34,2,BID
2020-10-30 10:44:00,TRV,119.47,8,ASK
2020-10-30 10:44:00,TRV,119.34,2,BID
2020-10-30 10:44:00,TRV,119.47,8,ASK
2020-10-30 10:44:01,TRV,119.34,1,BID
2020-10-30 10:44:01,TRV,119.47,6,ASK
2020-10-30 10:44:01,TRV,119.34,1,BID
2020-10-30 10:44:01,TRV,119.47,7,ASK
2020-10-30 10:44:01,TRV,119.34,1,BID
2020-10-30 10:44:01,TRV,119.47,7,ASK
2020-10-30 10:44:01,TRV,119.34,1,BID
2020-10-30 10:44:01,TRV,119.47,7,ASK
2020-10-30 10:44:03,TRV,119.34,2,BID
2020-10-30 10:44:03,TRV,119.47,6,ASK
2020-10-30 10:44:03,TRV,119.34,2,BID
2020-10-30 10:44:03,TRV,119.47,6,ASK
2020-10-30 10:44:03,TRV,119.34,2,BID
2020-10-30 10:44:03,TRV,119.47,6,ASK
2020-10-30 10:44:05,TRV,119.39,1,BID
2020-10-30 10:44:05,TRV,119.49,18,ASK
2020-10-30 10:44:05,TRV,119.39,1,BID
2020-10-30 10:44:05,TRV,119.49,17,ASK
2020-10-30 10:44:06,TRV,119.39,1,BID
2020-10-30 10:44:06,TRV,119.49,17,ASK
2020-10-30 10:44:06,TRV,119.39,1,BID
2020-10-30 10:44:06,TRV,119.49,17,ASK
2020-10-30 10:44:06,TRV,119.39,1,BID
2020-10-30 10:44:06,TRV,119.49,17,ASK
2020-10-30 10:44:07,TRV,119.39,1,BID
2020-10-30 10:44:07,TRV,119.49,18,ASK
2020-10-30 10:44:08,TRV,119.36,1,BID
2020-10-30 10:44:08,TRV,119.49,18,ASK
2020-10-30 10:44:08,TRV,119.42,1,BID
2020-10-30 10:44:08,TRV,119.49,18,ASK
2020-10-30 10:44:08,TRV,119.42,1,BID
2020-10-30 10:44:08,TRV,119.49,18,ASK
2020-10-30 10:44:08,TRV,119.42,1,BID
2020-10-30 10:44:08,TRV,119.49,18,ASK
2020-10-30 10:44:08,TRV,119.42,1,BID
2020-10-30 10:44:08,TRV,119.49,18,ASK
2020-10-30 10:44:11,TRV,119.36,1,BID
2020-10-30 10:44:11,TRV,119.45,2,ASK
2020-10-30 10:44:11,TRV,119.36,1,BID
2020-10-30 10:44:11,TRV,119.45,2,ASK
2020-10-30 10:44:11,TRV,119.36,1,BID
2020-10-30 10:44:11,TRV,119.45,2,ASK
2020-10-30 10:44:11,TRV,119.36,1,BID
2020-10-30 10:44:11,TRV,119.45,2,ASK
2020-10-30 10:44:15,TRV,119.36,1,BID
2020-10-30 10:44:15,TRV,119.45,3,ASK
2020-10-30 10:44:16,TRV,119.36,1,BID
2020-10-30 10:44:16,TRV,119.46,2,ASK
2020-10-30 10:44:16,TRV,119.36,1,BID
2020-10-30 10:44:16,TRV,119.46,2,ASK
2020-10-30 10:44:20,TRV,119.36,2,BID
2020-10-30 10:44:20,TRV,119.46,3,ASK
2020-10-30 10:44:20,TRV,119.36,2,BID
2020-10-30 10:44:21,TRV,119.46,3,ASK
2020-10-30 10:44:20,TRV,119.36,2,BID
2020-10-30 10:44:21,TRV,119.46,3,ASK
2020-10-30 10:44:20,TRV,119.36,2,BID
2020-10-30 10:44:21,TRV,119.46,5,ASK
2020-10-30 10:44:20,TRV,119.36,2,BID
2020-10-30 10:44:21,TRV,119.46,5,ASK
2020-10-30 10:44:25,TRV,119.39,3,BID
2020-10-30 10:44:25,TRV,119.52,7,ASK
2020-10-30 10:44:26,TRV,119.39,3,BID
2020-10-30 10:44:25,TRV,119.52,5,ASK
2020-10-30 10:44:26,TRV,119.39,3,BID
2020-10-30 10:44:25,TRV,119.52,5,ASK
2020-10-30 10:44:25,TRV,119.39,3,BID
2020-10-30 10:44:26,TRV,119.52,5,ASK
2020-10-30 10:44:30,TRV,119.45,4,BID
2020-10-30 10:44:30,TRV,119.6,8,ASK
2020-10-30 10:44:31,TRV,119.45,4,BID
2020-10-30 10:44:31,TRV,119.65,3,ASK
2020-10-30 10:44:33,TRV,119.45,4,BID
2020-10-30 10:44:33,TRV,119.65,6,ASK
2020-10-30 10:44:33,TRV,119.45,4,BID
2020-10-30 10:44:33,TRV,119.65,6,ASK
2020-10-30 10:44:35,TRV,119.45,4,BID
2020-10-30 10:44:35,TRV,119.65,7,ASK
2020-10-30 10:44:36,TRV,119.44,2,BID
2020-10-30 10:44:35,TRV,119.58,6,ASK
2020-10-30 10:44:36,TRV,119.44,2,BID
2020-10-30 10:44:35,TRV,119.58,6,ASK
2020-10-30 10:44:39,TRV,119.38,2,BID
2020-10-30 10:44:39,TRV,119.5,5,ASK
2020-10-30 10:44:30,TRV,119.36,2,BID
2020-10-30 10:44:40,TRV,119.46,1,ASK
2020-10-30 10:44:30,TRV,119.36,2,BID
2020-10-30 10:44:40,TRV,119.46,1,ASK
2020-10-30 10:44:30,TRV,119.36,2,BID
2020-10-30 10:44:40,TRV,119.46,1,ASK
2020-10-30 10:44:30,TRV,119.36,2,BID
2020-10-30 10:44:40,TRV,119.46,1,ASK
2020-10-30 10:44:30,TRV,119.36,2,BID
2020-10-30 10:44:40,TRV,119.46,1,ASK
2020-10-30 10:44:42,TRV,119.36,5,BID
2020-10-30 10:44:42,TRV,119.46,2,ASK
2020-10-30 10:44:42,TRV,119.36,5,BID
2020-10-30 10:44:43,TRV,119.46,2,ASK
2020-10-30 10:44:42,TRV,119.36,5,BID
2020-10-30 10:44:43,TRV,119.46,2,ASK
2020-10-30 10:44:42,TRV,119.36,5,BID
2020-10-30 10:44:43,TRV,119.46,2,ASK
2020-10-30 10:44:42,TRV,119.36,5,BID
2020-10-30 10:44:43,TRV,119.46,2,ASK
2020-10-30 10:44:42,TRV,119.36,5,BID
2020-10-30 10:44:43,TRV,119.46,2,ASK
2020-10-30 10:44:42,TRV,119.36,5,BID
2020-10-30 10:44:43,TRV,119.46,2,ASK
2020-10-30 10:44:42,TRV,119.36,5,BID
2020-10-30 10:44:43,TRV,119.46,2,ASK
2020-10-30 10:44:42,TRV,119.36,5,BID
2020-10-30 10:44:49,TRV,119.46,4,ASK
2020-10-30 10:44:42,TRV,119.36,5,BID
2020-10-30 10:44:49,TRV,119.46,4,ASK
2020-10-30 10:44:42,TRV,119.36,5,BID
2020-10-30 10:44:49,TRV,119.46,4,ASK
2020-10-30 10:44:42,TRV,119.36,5,BID
2020-10-30 10:44:51,TRV,119.46,8,ASK
2020-10-30 10:44:42,TRV,119.36,5,BID
2020-10-30 10:44:51,TRV,119.46,8,ASK
2020-10-30 10:44:04,TRV,119.34,3,BID
2020-10-30 10:44:54,TRV,119.45,2,ASK
2020-10-30 10:44:54,TRV,119.28,4,BID
2020-10-30 10:44:54,TRV,119.43,4,ASK
2020-10-30 10:44:54,TRV,119.28,3,BID
2020-10-30 10:44:54,TRV,119.43,4,ASK
2020-10-30 10:44:54,TRV,119.28,3,BID
2020-10-30 10:44:54,TRV,119.43,4,ASK
2020-10-30 10:44:54,TRV,119.28,3,BID
2020-10-30 10:44:54,TRV,119.43,4,ASK
2020-10-30 10:44:54,TRV,119.28,3,BID
2020-10-30 10:44:54,TRV,119.43,4,ASK
2020-10-30 10:44:54,TRV,119.28,3,BID
2020-10-30 10:44:54,TRV,119.43,4,ASK
2020-10-30 10:44:54,TRV,119.28,3,BID
2020-10-30 10:44:54,TRV,119.43,4,ASK
2020-10-30 10:44:54,TRV,119.28,3,BID
2020-10-30 10:44:54,TRV,119.43,4,ASK
2020-10-30 10:44:54,TRV,119.28,3,BID
2020-10-30 10:44:54,TRV,119.43,4,ASK
2020-10-30 10:44:54,TRV,119.28,3,BID
2020-10-30 10:44:54,TRV,119.43,4,ASK
2020-10-30 10:44:55,TRV,119.28,6,BID
2020-10-30 10:44:54,TRV,119.43,4,ASK
2020-10-30 10:44:57,TRV,119.31,3,BID
2020-10-30 10:44:57,TRV,119.43,5,ASK
2020-10-30 10:44:58,TRV,119.32,3,BID
2020-10-30 10:44:58,TRV,119.43,5,ASK
2020-10-30 10:45:00,TRV,119.33,3,BID
2020-10-30 10:45:00,TRV,119.43,5,ASK
2020-10-30 10:45:00,TRV,119.33,1,BID
2020-10-30 10:45:00,TRV,119.43,5,ASK
2020-10-30 10:45:00,TRV,119.33,1,BID
2020-10-30 10:45:00,TRV,119.43,5,ASK
2020-10-30 10:45:00,TRV,119.33,1,BID
2020-10-30 10:45:00,TRV,119.43,5,ASK
2020-10-30 10:45:00,TRV,119.33,1,BID
2020-10-30 10:45:00,TRV,119.43,5,ASK
2020-10-30 10:45:00,TRV,119.33,1,BID
2020-10-30 10:45:00,TRV,119.43,5,ASK
2020-10-30 10:45:00,TRV,119.33,1,BID
2020-10-30 10:45:00,TRV,119.43,5,ASK
2020-10-30 10:45:00,TRV,119.33,1,BID
2020-10-30 10:45:00,TRV,119.43,5,ASK
2020-10-30 10:45:00,TRV,119.33,1,BID
2020-10-30 10:45:00,TRV,119.43,5,ASK
2020-10-30 10:45:00,TRV,119.33,1,BID
2020-10-30 10:45:00,TRV,119.43,5,ASK
2020-10-30 10:45:00,TRV,119.33,1,BID
2020-10-30 10:45:00,TRV,119.43,5,ASK
2020-10-30 10:45:00,TRV,119.33,1,BID
2020-10-30 10:45:00,TRV,119.43,5,ASK
2020-10-30 10:45:00,TRV,119.33,1,BID
2020-10-30 10:45:00,TRV,119.43,5,ASK
2020-10-30 10:45:00,TRV,119.33,1,BID
2020-10-30 10:45:00,TRV,119.43,5,ASK
2020-10-30 10:45:07,TRV,119.33,3,BID
2020-10-30 10:45:07,TRV,119.43,5,ASK
2020-10-30 10:45:07,TRV,119.33,3,BID
2020-10-30 10:45:07,TRV,119.43,5,ASK
2020-10-30 10:45:07,TRV,119.33,3,BID
2020-10-30 10:45:07,TRV,119.43,5,ASK
2020-10-30 10:45:07,TRV,119.33,3,BID
2020-10-30 10:45:07,TRV,119.43,5,ASK
2020-10-30 10:45:07,TRV,119.33,3,BID
2020-10-30 10:45:07,TRV,119.43,5,ASK
2020-10-30 10:45:00,TRV,119.33,3,BID
2020-10-30 10:45:07,TRV,119.43,5,ASK
2020-10-30 10:45:00,TRV,119.33,3,BID
2020-10-30 10:45:07,TRV,119.43,5,ASK
2020-10-30 10:45:00,TRV,119.33,3,BID
2020-10-30 10:45:07,TRV,119.43,5,ASK
2020-10-30 10:45:00,TRV,119.33,3,BID
2020-10-30 10:45:07,TRV,119.43,5,ASK
2020-10-30 10:45:00,TRV,119.33,3,BID
2020-10-30 10:45:07,TRV,119.43,5,ASK
2020-10-30 10:45:00,TRV,119.33,3,BID
2020-10-30 10:45:07,TRV,119.43,5,ASK
2020-10-30 10:45:00,TRV,119.33,3,BID
2020-10-30 10:45:07,TRV,119.43,5,ASK
2020-10-30 10:45:00,TRV,119.33,3,BID
2020-10-30 10:45:07,TRV,119.43,5,ASK
2020-10-30 10:45:00,TRV,119.33,3,BID
2020-10-30 10:45:07,TRV,119.43,5,ASK
2020-10-30 10:45:00,TRV,119.33,3,BID
2020-10-30 10:45:07,TRV,119.43,5,ASK
2020-10-30 10:45:00,TRV,119.33,3,BID
2020-10-30 10:45:07,TRV,119.43,5,ASK
2020-10-30 10:45:22,TRV,119.33,4,BID
2020-10-30 10:45:22,TRV,119.43,5,ASK
2020-10-30 10:45:22,TRV,119.34,1,BID
2020-10-30 10:45:22,TRV,119.43,5,ASK
2020-10-30 10:45:22,TRV,119.34,1,BID
2020-10-30 10:45:22,TRV,119.43,5,ASK
2020-10-30 10:45:22,TRV,119.34,1,BID
2020-10-30 10:45:22,TRV,119.43,5,ASK
2020-10-30 10:45:22,TRV,119.34,1,BID
2020-10-30 10:45:22,TRV,119.43,5,ASK
2020-10-30 10:45:22,TRV,119.34,1,BID
2020-10-30 10:45:22,TRV,119.43,5,ASK
2020-10-30 10:45:26,TRV,119.34,1,BID
2020-10-30 10:45:22,TRV,119.43,5,ASK
2020-10-30 10:45:22,TRV,119.33,6,BID
2020-10-30 10:45:28,TRV,119.41,1,ASK
2020-10-30 10:45:22,TRV,119.33,6,BID
2020-10-30 10:45:29,TRV,119.39,4,ASK
2020-10-30 10:45:22,TRV,119.33,6,BID
2020-10-30 10:45:30,TRV,119.4,5,ASK
2020-10-30 10:45:22,TRV,119.33,6,BID
2020-10-30 10:45:31,TRV,119.4,2,ASK
2020-10-30 10:45:22,TRV,119.33,5,BID
2020-10-30 10:45:32,TRV,119.4,2,ASK
2020-10-30 10:45:22,TRV,119.33,5,BID
2020-10-30 10:45:32,TRV,119.4,2,ASK
2020-10-30 10:45:22,TRV,119.33,5,BID
2020-10-30 10:45:35,TRV,119.4,3,ASK
2020-10-30 10:45:22,TRV,119.33,5,BID
2020-10-30 10:45:35,TRV,119.4,3,ASK
2020-10-30 10:45:22,TRV,119.33,5,BID
2020-10-30 10:45:35,TRV,119.4,3,ASK
2020-10-30 10:45:22,TRV,119.33,5,BID
2020-10-30 10:45:39,TRV,119.4,5,ASK
2020-10-30 10:45:22,TRV,119.33,5,BID
2020-10-30 10:45:39,TRV,119.4,5,ASK
2020-10-30 10:45:22,TRV,119.33,5,BID
2020-10-30 10:45:39,TRV,119.4,5,ASK
2020-10-30 10:45:22,TRV,119.33,5,BID
2020-10-30 10:45:39,TRV,119.4,5,ASK
2020-10-30 10:45:22,TRV,119.33,5,BID
2020-10-30 10:45:39,TRV,119.4,5,ASK
2020-10-30 10:45:44,TRV,119.2,1,BID
2020-10-30 10:45:44,TRV,119.36,10,ASK
2020-10-30 10:45:45,TRV,119.27,1,BID
2020-10-30 10:45:45,TRV,119.36,10,ASK
2020-10-30 10:45:45,TRV,119.27,1,BID
2020-10-30 10:45:45,TRV,119.36,10,ASK
2020-10-30 10:45:46,TRV,119.21,3,BID
2020-10-30 10:45:46,TRV,119.36,10,ASK
2020-10-30 10:45:46,TRV,119.21,3,BID
2020-10-30 10:45:46,TRV,119.36,10,ASK
2020-10-30 10:45:47,TRV,119.22,2,BID
2020-10-30 10:45:47,TRV,119.36,10,ASK
2020-10-30 10:45:48,TRV,119.27,1,BID
2020-10-30 10:45:48,TRV,119.36,9,ASK
2020-10-30 10:45:50,TRV,119.27,1,BID
2020-10-30 10:45:48,TRV,119.36,9,ASK
2020-10-30 10:45:50,TRV,119.27,1,BID
2020-10-30 10:45:48,TRV,119.36,9,ASK
2020-10-30 10:45:50,TRV,119.27,1,BID
2020-10-30 10:45:48,TRV,119.36,9,ASK
2020-10-30 10:45:50,TRV,119.27,1,BID
2020-10-30 10:45:48,TRV,119.36,9,ASK
2020-10-30 10:45:56,TRV,119.27,2,BID
2020-10-30 10:45:48,TRV,119.36,9,ASK
2020-10-30 10:45:56,TRV,119.27,2,BID
2020-10-30 10:45:48,TRV,119.36,9,ASK
2020-10-30 10:45:56,TRV,119.27,2,BID
2020-10-30 10:45:48,TRV,119.36,9,ASK
2020-10-30 10:46:00,TRV,119.29,6,BID
2020-10-30 10:46:00,TRV,119.4,5,ASK
2020-10-30 10:46:00,TRV,119.29,6,BID
2020-10-30 10:46:00,TRV,119.4,5,ASK
2020-10-30 10:46:02,TRV,119.29,7,BID
2020-10-30 10:46:00,TRV,119.4,5,ASK
2020-10-30 10:46:03,TRV,119.28,3,BID
2020-10-30 10:46:00,TRV,119.4,6,ASK
2020-10-30 10:46:04,TRV,119.29,1,BID
2020-10-30 10:46:00,TRV,119.4,6,ASK
2020-10-30 10:46:05,TRV,119.29,2,BID
2020-10-30 10:46:00,TRV,119.4,6,ASK
2020-10-30 10:46:07,TRV,119.28,4,BID
2020-10-30 10:46:07,TRV,119.39,5,ASK
2020-10-30 10:46:08,TRV,119.28,4,BID
2020-10-30 10:46:08,TRV,119.38,3,ASK
2020-10-30 10:46:09,TRV,119.29,1,BID
2020-10-30 10:46:09,TRV,119.38,3,ASK
2020-10-30 10:46:09,TRV,119.29,1,BID
2020-10-30 10:46:09,TRV,119.38,3,ASK
2020-10-30 10:46:09,TRV,119.29,1,BID
2020-10-30 10:46:09,TRV,119.38,3,ASK
2020-10-30 10:46:09,TRV,119.29,1,BID
2020-10-30 10:46:09,TRV,119.38,3,ASK
2020-10-30 10:46:08,TRV,119.28,4,BID
2020-10-30 10:46:12,TRV,119.38,3,ASK
2020-10-30 10:46:13,TRV,119.28,4,BID
2020-10-30 10:46:13,TRV,119.38,3,ASK
2020-10-30 10:46:13,TRV,119.28,4,BID
2020-10-30 10:46:07,TRV,119.38,3,ASK
2020-10-30 10:46:13,TRV,119.28,4,BID
2020-10-30 10:46:07,TRV,119.38,3,ASK
2020-10-30 10:46:13,TRV,119.28,4,BID
2020-10-30 10:46:07,TRV,119.38,3,ASK
2020-10-30 10:46:13,TRV,119.28,4,BID
2020-10-30 10:46:07,TRV,119.38,3,ASK
2020-10-30 10:46:17,TRV,119.29,1,BID
2020-10-30 10:46:07,TRV,119.38,3,ASK
2020-10-30 10:46:13,TRV,119.28,4,BID
2020-10-30 10:46:07,TRV,119.38,3,ASK
2020-10-30 10:46:19,TRV,119.28,7,BID
2020-10-30 10:46:07,TRV,119.38,3,ASK
2020-10-30 10:46:19,TRV,119.21,8,BID
2020-10-30 10:46:19,TRV,119.31,2,ASK
2020-10-30 10:46:19,TRV,119.17,4,BID
2020-10-30 10:46:19,TRV,119.31,4,ASK
2020-10-30 10:46:19,TRV,119.18,1,BID
2020-10-30 10:46:19,TRV,119.31,4,ASK
2020-10-30 10:46:19,TRV,119.18,2,BID
2020-10-30 10:46:20,TRV,119.31,7,ASK
2020-10-30 10:46:20,TRV,119.18,3,BID
2020-10-30 10:46:21,TRV,119.31,6,ASK
2020-10-30 10:46:20,TRV,119.18,3,BID
2020-10-30 10:46:22,TRV,119.31,7,ASK
2020-10-30 10:46:20,TRV,119.18,3,BID
2020-10-30 10:46:22,TRV,119.31,7,ASK
2020-10-30 10:46:20,TRV,119.18,3,BID
2020-10-30 10:46:22,TRV,119.31,7,ASK
2020-10-30 10:46:25,TRV,119.17,1,BID
2020-10-30 10:46:25,TRV,119.27,1,ASK
2020-10-30 10:46:26,TRV,119.12,2,BID
2020-10-30 10:46:26,TRV,119.22,2,ASK
2020-10-30 10:46:26,TRV,119.09,1,BID
2020-10-30 10:46:26,TRV,119.22,6,ASK
2020-10-30 10:46:26,TRV,119.09,1,BID
2020-10-30 10:46:26,TRV,119.22,6,ASK
2020-10-30 10:46:26,TRV,119.09,1,BID
2020-10-30 10:46:26,TRV,119.22,6,ASK
2020-10-30 10:46:26,TRV,119.09,1,BID
2020-10-30 10:46:26,TRV,119.22,6,ASK
2020-10-30 10:46:30,TRV,119.09,1,BID
2020-10-30 10:46:30,TRV,119.22,7,ASK
2020-10-30 10:46:30,TRV,119.09,1,BID
2020-10-30 10:46:30,TRV,119.22,7,ASK
2020-10-30 10:46:30,TRV,119.09,1,BID
2020-10-30 10:46:30,TRV,119.22,7,ASK
2020-10-30 10:46:30,TRV,119.09,1,BID
2020-10-30 10:46:30,TRV,119.22,7,ASK
2020-10-30 10:46:30,TRV,119.09,1,BID
2020-10-30 10:46:30,TRV,119.22,7,ASK
2020-10-30 10:46:30,TRV,119.09,1,BID
2020-10-30 10:46:30,TRV,119.22,7,ASK
2020-10-30 10:46:30,TRV,119.09,1,BID
2020-10-30 10:46:30,TRV,119.22,7,ASK
2020-10-30 10:46:30,TRV,119.09,1,BID
2020-10-30 10:46:30,TRV,119.22,7,ASK
2020-10-30 10:46:39,TRV,119.11,2,BID
2020-10-30 10:46:39,TRV,119.32,8,ASK
2020-10-30 10:46:40,TRV,119.11,2,BID
2020-10-30 10:46:40,TRV,119.32,8,ASK
2020-10-30 10:46:40,TRV,119.11,2,BID
2020-10-30 10:46:40,TRV,119.32,8,ASK
2020-10-30 10:46:40,TRV,119.11,2,BID
2020-10-30 10:46:40,TRV,119.32,8,ASK
2020-10-30 10:46:43,TRV,119.1,2,BID
2020-10-30 10:46:43,TRV,119.31,13,ASK
2020-10-30 10:46:43,TRV,119.1,2,BID
2020-10-30 10:46:43,TRV,119.3,5,ASK
2020-10-30 10:46:43,TRV,119.1,2,BID
2020-10-30 10:46:44,TRV,119.3,5,ASK
2020-10-30 10:46:45,TRV,119.1,2,BID
2020-10-30 10:46:45,TRV,119.3,7,ASK
2020-10-30 10:46:45,TRV,119.1,2,BID
2020-10-30 10:46:45,TRV,119.3,7,ASK
2020-10-30 10:46:45,TRV,119.1,2,BID
2020-10-30 10:46:45,TRV,119.3,7,ASK
2020-10-30 10:46:45,TRV,119.1,2,BID
2020-10-30 10:46:45,TRV,119.3,7,ASK
2020-10-30 10:46:45,TRV,119.1,2,BID
2020-10-30 10:46:45,TRV,119.3,7,ASK
2020-10-30 10:46:51,TRV,119.11,3,BID
2020-10-30 10:46:51,TRV,119.3,7,ASK
2020-10-30 10:46:51,TRV,119.11,3,BID
2020-10-30 10:46:51,TRV,119.3,7,ASK
2020-10-30 10:46:51,TRV,119.11,3,BID
2020-10-30 10:46:51,TRV,119.3,7,ASK
2020-10-30 10:46:51,TRV,119.11,3,BID
2020-10-30 10:46:51,TRV,119.3,7,ASK
2020-10-30 10:46:51,TRV,119.11,3,BID
2020-10-30 10:46:51,TRV,119.3,7,ASK
2020-10-30 10:46:51,TRV,119.11,3,BID
2020-10-30 10:46:51,TRV,119.3,7,ASK
2020-10-30 10:46:51,TRV,119.11,3,BID
2020-10-30 10:46:51,TRV,119.3,7,ASK
2020-10-30 10:46:51,TRV,119.11,3,BID
2020-10-30 10:46:51,TRV,119.3,7,ASK
2020-10-30 10:46:51,TRV,119.11,3,BID
2020-10-30 10:46:51,TRV,119.3,7,ASK
2020-10-30 10:46:51,TRV,119.11,3,BID
2020-10-30 10:46:51,TRV,119.3,7,ASK
2020-10-30 10:46:51,TRV,119.11,3,BID
2020-10-30 10:46:51,TRV,119.3,7,ASK
2020-10-30 10:46:51,TRV,119.11,3,BID
2020-10-30 10:46:51,TRV,119.3,7,ASK
2020-10-30 10:46:51,TRV,119.11,3,BID
2020-10-30 10:46:51,TRV,119.3,7,ASK
2020-10-30 10:46:51,TRV,119.11,3,BID
2020-10-30 10:46:51,TRV,119.3,7,ASK
2020-10-30 10:46:51,TRV,119.11,3,BID
2020-10-30 10:46:51,TRV,119.3,7,ASK
2020-10-30 10:46:51,TRV,119.11,3,BID
2020-10-30 10:46:51,TRV,119.3,7,ASK
2020-10-30 10:46:51,TRV,119.11,3,BID
2020-10-30 10:46:51,TRV,119.3,7,ASK
2020-10-30 10:46:51,TRV,119.11,3,BID
2020-10-30 10:46:51,TRV,119.3,7,ASK
2020-10-30 10:46:51,TRV,119.11,3,BID
2020-10-30 10:46:51,TRV,119.3,7,ASK
2020-10-30 10:46:51,TRV,119.11,3,BID
2020-10-30 10:46:43,TRV,119.3,7,ASK
2020-10-30 10:46:51,TRV,119.11,3,BID
2020-10-30 10:46:43,TRV,119.3,7,ASK
2020-10-30 10:46:51,TRV,119.11,3,BID
2020-10-30 10:46:43,TRV,119.3,7,ASK
2020-10-30 10:46:51,TRV,119.11,3,BID
2020-10-30 10:46:43,TRV,119.3,7,ASK
2020-10-30 10:46:51,TRV,119.11,3,BID
2020-10-30 10:46:43,TRV,119.3,7,ASK
2020-10-30 10:46:51,TRV,119.11,3,BID
2020-10-30 10:46:43,TRV,119.3,7,ASK
2020-10-30 10:46:51,TRV,119.11,3,BID
2020-10-30 10:46:43,TRV,119.3,7,ASK
2020-10-30 10:46:51,TRV,119.11,3,BID
2020-10-30 10:46:43,TRV,119.3,7,ASK
2020-10-30 10:46:51,TRV,119.11,3,BID
2020-10-30 10:46:43,TRV,119.3,7,ASK
2020-10-30 10:47:00,TRV,119.12,3,BID
2020-10-30 10:46:43,TRV,119.3,7,ASK
2020-10-30 10:47:01,TRV,119.1,4,BID
2020-10-30 10:46:43,TRV,119.3,7,ASK
2020-10-30 10:47:01,TRV,119.1,4,BID
2020-10-30 10:46:43,TRV,119.3,7,ASK
2020-10-30 10:47:02,TRV,119.11,2,BID
2020-10-30 10:46:43,TRV,119.3,7,ASK
2020-10-30 10:47:02,TRV,119.11,2,BID
2020-10-30 10:46:43,TRV,119.3,7,ASK
2020-10-30 10:47:01,TRV,119.1,4,BID
2020-10-30 10:46:43,TRV,119.3,7,ASK
2020-10-30 10:47:01,TRV,119.1,4,BID
2020-10-30 10:46:43,TRV,119.3,7,ASK
2020-10-30 10:47:01,TRV,119.1,4,BID
2020-10-30 10:46:43,TRV,119.3,7,ASK
2020-10-30 10:47:02,TRV,119.1,4,BID
2020-10-30 10:47:02,TRV,119.3,7,ASK
2020-10-30 10:47:02,TRV,119.11,2,BID
2020-10-30 10:47:02,TRV,119.3,7,ASK
2020-10-30 10:47:07,TRV,119.11,2,BID
2020-10-30 10:47:02,TRV,119.3,7,ASK
2020-10-30 10:47:07,TRV,119.1,3,BID
2020-10-30 10:47:07,TRV,119.27,5,ASK
2020-10-30 10:47:07,TRV,119.1,3,BID
2020-10-30 10:47:07,TRV,119.27,5,ASK
2020-10-30 10:47:07,TRV,119.1,3,BID
2020-10-30 10:47:07,TRV,119.27,5,ASK
2020-10-30 10:47:07,TRV,119.1,3,BID
2020-10-30 10:47:07,TRV,119.27,5,ASK
2020-10-30 10:47:07,TRV,119.1,3,BID
2020-10-30 10:47:07,TRV,119.27,5,ASK
2020-10-30 10:47:07,TRV,119.1,3,BID
2020-10-30 10:47:07,TRV,119.27,5,ASK
2020-10-30 10:47:07,TRV,119.1,3,BID
2020-10-30 10:47:07,TRV,119.27,5,ASK
2020-10-30 10:47:07,TRV,119.1,3,BID
2020-10-30 10:47:07,TRV,119.27,5,ASK
2020-10-30 10:47:07,TRV,119.1,3,BID
2020-10-30 10:47:07,TRV,119.27,5,ASK
2020-10-30 10:47:07,TRV,119.1,3,BID
2020-10-30 10:47:07,TRV,119.27,5,ASK
2020-10-30 10:47:07,TRV,119.1,3,BID
2020-10-30 10:47:07,TRV,119.27,5,ASK
2020-10-30 10:47:07,TRV,119.1,3,BID
2020-10-30 10:47:07,TRV,119.27,5,ASK
2020-10-30 10:47:07,TRV,119.1,3,BID
2020-10-30 10:47:07,TRV,119.27,5,ASK
2020-10-30 10:47:07,TRV,119.1,3,BID
2020-10-30 10:47:07,TRV,119.27,5,ASK
2020-10-30 10:47:07,TRV,119.1,3,BID
2020-10-30 10:47:07,TRV,119.27,5,ASK
2020-10-30 10:47:07,TRV,119.1,3,BID
2020-10-30 10:47:07,TRV,119.27,5,ASK
2020-10-30 10:47:07,TRV,119.1,3,BID
2020-10-30 10:47:07,TRV,119.27,5,ASK
2020-10-30 10:47:15,TRV,119.1,5,BID
2020-10-30 10:47:15,TRV,119.27,5,ASK
2020-10-30 10:47:15,TRV,119.1,5,BID
2020-10-30 10:47:17,TRV,119.27,5,ASK
2020-10-30 10:47:15,TRV,119.1,5,BID
2020-10-30 10:47:17,TRV,119.27,5,ASK
2020-10-30 10:47:15,TRV,119.1,5,BID
2020-10-30 10:47:17,TRV,119.27,5,ASK
2020-10-30 10:47:22,TRV,119.1,1,BID
2020-10-30 10:47:22,TRV,119.27,5,ASK
2020-10-30 10:47:22,TRV,119.1,1,BID
2020-10-30 10:47:22,TRV,119.27,5,ASK
2020-10-30 10:47:23,TRV,119.1,1,BID
2020-10-30 10:47:23,TRV,119.27,5,ASK
2020-10-30 10:47:24,TRV,119.1,3,BID
2020-10-30 10:47:24,TRV,119.27,5,ASK
2020-10-30 10:47:25,TRV,119.11,3,BID
2020-10-30 10:47:25,TRV,119.27,5,ASK
2020-10-30 10:47:25,TRV,119.11,2,BID
2020-10-30 10:47:25,TRV,119.27,5,ASK
2020-10-30 10:47:25,TRV,119.11,2,BID
2020-10-30 10:47:27,TRV,119.27,5,ASK
2020-10-30 10:47:25,TRV,119.11,2,BID
2020-10-30 10:47:29,TRV,119.27,5,ASK
2020-10-30 10:47:29,TRV,119.11,2,BID
2020-10-30 10:47:30,TRV,119.27,5,ASK
2020-10-30 10:47:31,TRV,119.12,2,BID
2020-10-30 10:47:31,TRV,119.27,5,ASK
2020-10-30 10:47:31,TRV,119.12,3,BID
2020-10-30 10:47:31,TRV,119.27,5,ASK
2020-10-30 10:47:33,TRV,119.12,2,BID
2020-10-30 10:47:33,TRV,119.27,5,ASK
2020-10-30 10:47:33,TRV,119.12,2,BID
2020-10-30 10:47:33,TRV,119.27,5,ASK
2020-10-30 10:47:35,TRV,119.1,4,BID
2020-10-30 10:47:35,TRV,119.2,3,ASK
2020-10-30 10:47:37,TRV,119.1,4,BID
2020-10-30 10:47:37,TRV,119.19,4,ASK
2020-10-30 10:47:37,TRV,119.1,4,BID
2020-10-30 10:47:37,TRV,119.19,4,ASK
2020-10-30 10:47:38,TRV,119.02,2,BID
2020-10-30 10:47:38,TRV,119.15,6,ASK
2020-10-30 10:47:39,TRV,119.02,3,BID
2020-10-30 10:47:39,TRV,119.15,8,ASK
2020-10-30 10:47:39,TRV,119.03,2,BID
2020-10-30 10:47:38,TRV,119.15,8,ASK
2020-10-30 10:47:40,TRV,119.03,2,BID
2020-10-30 10:47:40,TRV,119.14,1,ASK
2020-10-30 10:47:40,TRV,119.03,2,BID
2020-10-30 10:47:40,TRV,119.14,1,ASK
2020-10-30 10:47:40,TRV,119.03,2,BID
2020-10-30 10:47:40,TRV,119.14,1,ASK
2020-10-30 10:47:43,TRV,119.02,5,BID
2020-10-30 10:47:43,TRV,119.14,1,ASK
2020-10-30 10:47:45,TRV,119.02,5,BID
2020-10-30 10:47:45,TRV,119.14,3,ASK
2020-10-30 10:47:45,TRV,119.02,5,BID
2020-10-30 10:47:45,TRV,119.14,3,ASK
2020-10-30 10:47:45,TRV,119.02,5,BID
2020-10-30 10:47:45,TRV,119.14,3,ASK
2020-10-30 10:47:45,TRV,119.02,5,BID
2020-10-30 10:47:45,TRV,119.14,3,ASK
2020-10-30 10:47:45,TRV,119.02,5,BID
2020-10-30 10:47:45,TRV,119.14,3,ASK
2020-10-30 10:47:45,TRV,119.02,5,BID
2020-10-30 10:47:45,TRV,119.14,3,ASK
2020-10-30 10:47:45,TRV,119.02,5,BID
2020-10-30 10:47:45,TRV,119.14,3,ASK
2020-10-30 10:47:50,TRV,119.02,6,BID
2020-10-30 10:47:50,TRV,119.14,3,ASK
2020-10-30 10:47:52,TRV,119.0,2,BID
2020-10-30 10:47:52,TRV,119.12,6,ASK
2020-10-30 10:47:52,TRV,118.9,2,BID
2020-10-30 10:47:52,TRV,119.07,6,ASK
2020-10-30 10:47:53,TRV,118.91,2,BID
2020-10-30 10:47:53,TRV,119.03,1,ASK
2020-10-30 10:47:53,TRV,118.91,2,BID
2020-10-30 10:47:53,TRV,119.03,1,ASK
2020-10-30 10:47:55,TRV,118.91,2,BID
2020-10-30 10:47:55,TRV,119.02,2,ASK
2020-10-30 10:47:56,TRV,118.91,2,BID
2020-10-30 10:47:56,TRV,119.02,3,ASK
2020-10-30 10:47:56,TRV,118.91,2,BID
2020-10-30 10:47:56,TRV,119.02,3,ASK
2020-10-30 10:47:57,TRV,118.92,1,BID
2020-10-30 10:47:57,TRV,119.02,5,ASK
2020-10-30 10:47:58,TRV,118.93,1,BID
2020-10-30 10:47:58,TRV,119.02,5,ASK
2020-10-30 10:48:00,TRV,118.93,3,BID
2020-10-30 10:48:00,TRV,119.02,5,ASK
2020-10-30 10:48:00,TRV,118.93,3,BID
2020-10-30 10:48:00,TRV,119.02,5,ASK
2020-10-30 10:48:00,TRV,118.93,3,BID
2020-10-30 10:48:00,TRV,119.02,5,ASK
2020-10-30 10:48:00,TRV,118.93,2,BID
2020-10-30 10:48:01,TRV,119.02,5,ASK
2020-10-30 10:48:00,TRV,118.93,2,BID
2020-10-30 10:48:01,TRV,119.02,5,ASK
2020-10-30 10:48:00,TRV,118.93,2,BID
2020-10-30 10:48:01,TRV,119.02,4,ASK
2020-10-30 10:48:00,TRV,118.93,2,BID
2020-10-30 10:48:01,TRV,119.02,4,ASK
2020-10-30 10:48:00,TRV,118.93,2,BID
2020-10-30 10:48:01,TRV,119.02,4,ASK
2020-10-30 10:48:00,TRV,118.93,2,BID
2020-10-30 10:48:01,TRV,119.02,5,ASK
2020-10-30 10:48:00,TRV,118.93,2,BID
2020-10-30 10:48:01,TRV,119.02,5,ASK
2020-10-30 10:48:00,TRV,118.93,2,BID
2020-10-30 10:48:01,TRV,119.02,5,ASK
2020-10-30 10:48:00,TRV,118.93,2,BID
2020-10-30 10:48:01,TRV,119.02,5,ASK
2020-10-30 10:48:11,TRV,118.94,5,BID
2020-10-30 10:48:01,TRV,119.02,5,ASK
2020-10-30 10:48:13,TRV,118.95,3,BID
2020-10-30 10:48:01,TRV,119.02,5,ASK
2020-10-30 10:48:15,TRV,118.84,2,BID
2020-10-30 10:48:15,TRV,118.97,1,ASK
2020-10-30 10:48:15,TRV,118.84,2,BID
2020-10-30 10:48:15,TRV,118.97,1,ASK
2020-10-30 10:48:16,TRV,118.86,3,BID
2020-10-30 10:48:16,TRV,118.95,3,ASK
2020-10-30 10:48:18,TRV,118.81,2,BID
2020-10-30 10:48:18,TRV,118.95,4,ASK
2020-10-30 10:48:18,TRV,118.81,4,BID
2020-10-30 10:48:18,TRV,118.95,3,ASK
2020-10-30 10:48:18,TRV,118.81,4,BID
2020-10-30 10:48:18,TRV,118.95,3,ASK
2020-10-30 10:48:21,TRV,118.82,3,BID
2020-10-30 10:48:21,TRV,118.95,6,ASK
2020-10-30 10:48:21,TRV,118.82,3,BID
2020-10-30 10:48:21,TRV,118.95,6,ASK
2020-10-30 10:48:23,TRV,118.82,4,BID
2020-10-30 10:48:23,TRV,118.95,6,ASK
2020-10-30 10:48:23,TRV,118.82,4,BID
2020-10-30 10:48:23,TRV,118.95,6,ASK
2020-10-30 10:48:23,TRV,118.82,4,BID
2020-10-30 10:48:23,TRV,118.95,6,ASK
2020-10-30 10:48:23,TRV,118.82,4,BID
2020-10-30 10:48:23,TRV,118.95,6,ASK
2020-10-30 10:48:23,TRV,118.82,4,BID
2020-10-30 10:48:23,TRV,118.95,6,ASK
2020-10-30 10:48:30,TRV,118.82,4,BID
2020-10-30 10:48:30,TRV,118.95,6,ASK
2020-10-30 10:48:31,TRV,118.82,4,BID
2020-10-30 10:48:30,TRV,118.95,5,ASK
2020-10-30 10:48:31,TRV,118.82,4,BID
2020-10-30 10:48:30,TRV,118.95,5,ASK
2020-10-30 10:48:34,TRV,118.84,1,BID
2020-10-30 10:48:34,TRV,118.95,5,ASK
2020-10-30 10:48:36,TRV,118.85,1,BID
2020-10-30 10:48:34,TRV,118.95,5,ASK
2020-10-30 10:48:36,TRV,118.85,1,BID
2020-10-30 10:48:34,TRV,118.95,5,ASK
2020-10-30 10:48:39,TRV,118.84,2,BID
2020-10-30 10:48:39,TRV,118.94,3,ASK
2020-10-30 10:48:40,TRV,118.85,1,BID
2020-10-30 10:48:40,TRV,118.94,3,ASK
2020-10-30 10:48:40,TRV,118.85,1,BID
2020-10-30 10:48:40,TRV,118.94,3,ASK
2020-10-30 10:48:40,TRV,118.85,1,BID
2020-10-30 10:48:40,TRV,118.94,3,ASK
2020-10-30 10:48:45,TRV,118.84,3,BID
2020-10-30 10:48:45,TRV,118.94,3,ASK
2020-10-30 10:48:45,TRV,118.84,3,BID
2020-10-30 10:48:39,TRV,118.94,3,ASK
2020-10-30 10:48:45,TRV,118.84,3,BID
2020-10-30 10:48:47,TRV,118.93,3,ASK
2020-10-30 10:48:48,TRV,118.85,3,BID
2020-10-30 10:48:48,TRV,118.92,3,ASK
2020-10-30 10:48:50,TRV,118.85,1,BID
2020-10-30 10:48:50,TRV,118.92,3,ASK
2020-10-30 10:48:50,TRV,118.85,1,BID
2020-10-30 10:48:50,TRV,118.92,3,ASK
2020-10-30 10:48:50,TRV,118.85,1,BID
2020-10-30 10:48:50,TRV,118.92,3,ASK
2020-10-30 10:48:50,TRV,118.85,1,BID
2020-10-30 10:48:50,TRV,118.92,3,ASK
2020-10-30 10:48:56,TRV,118.8,2,BID
2020-10-30 10:48:56,TRV,118.91,1,ASK
2020-10-30 10:48:58,TRV,118.8,4,BID
2020-10-30 10:48:58,TRV,118.9,1,ASK
2020-10-30 10:48:58,TRV,118.8,4,BID
2020-10-30 10:48:58,TRV,118.9,1,ASK
2020-10-30 10:49:00,TRV,118.82,4,BID
2020-10-30 10:49:00,TRV,118.89,3,ASK
2020-10-30 10:49:00,TRV,118.82,4,BID
2020-10-30 10:49:00,TRV,118.89,3,ASK
2020-10-30 10:49:00,TRV,118.82,4,BID
2020-10-30 10:49:00,TRV,118.89,3,ASK
2020-10-30 10:49:00,TRV,118.82,4,BID
2020-10-30 10:49:00,TRV,118.89,3,ASK
2020-10-30 10:49:00,TRV,118.82,4,BID
2020-10-30 10:49:00,TRV,118.89,3,ASK
2020-10-30 10:49:00,TRV,118.82,4,BID
2020-10-30 10:49:00,TRV,118.89,3,ASK
2020-10-30 10:49:00,TRV,118.82,4,BID
2020-10-30 10:49:00,TRV,118.89,3,ASK
2020-10-30 10:49:00,TRV,118.82,4,BID
2020-10-30 10:49:00,TRV,118.89,3,ASK
2020-10-30 10:49:00,TRV,118.82,4,BID
2020-10-30 10:49:00,TRV,118.89,3,ASK
2020-10-30 10:49:00,TRV,118.82,4,BID
2020-10-30 10:49:00,TRV,118.89,3,ASK
2020-10-30 10:49:00,TRV,118.82,4,BID
2020-10-30 10:49:00,TRV,118.89,3,ASK
2020-10-30 10:49:00,TRV,118.82,4,BID
2020-10-30 10:49:00,TRV,118.89,3,ASK
2020-10-30 10:49:00,TRV,118.82,4,BID
2020-10-30 10:49:00,TRV,118.89,3,ASK
2020-10-30 10:49:00,TRV,118.82,4,BID
2020-10-30 10:49:00,TRV,118.89,3,ASK
2020-10-30 10:49:00,TRV,118.82,4,BID
2020-10-30 10:49:00,TRV,118.89,3,ASK
2020-10-30 10:49:00,TRV,118.82,4,BID
2020-10-30 10:49:00,TRV,118.89,3,ASK
2020-10-30 10:49:00,TRV,118.82,4,BID
2020-10-30 10:49:00,TRV,118.89,3,ASK
2020-10-30 10:49:00,TRV,118.82,4,BID
2020-10-30 10:49:00,TRV,118.89,3,ASK
2020-10-30 10:49:00,TRV,118.82,4,BID
2020-10-30 10:49:00,TRV,118.89,3,ASK
2020-10-30 10:49:00,TRV,118.82,4,BID
2020-10-30 10:49:00,TRV,118.89,3,ASK
2020-10-30 10:49:00,TRV,118.82,4,BID
2020-10-30 10:49:00,TRV,118.89,3,ASK
2020-10-30 10:49:00,TRV,118.82,4,BID
2020-10-30 10:49:00,TRV,118.89,3,ASK
2020-10-30 10:49:00,TRV,118.82,4,BID
2020-10-30 10:49:00,TRV,118.89,3,ASK
2020-10-30 10:49:00,TRV,118.82,4,BID
2020-10-30 10:49:00,TRV,118.89,3,ASK
2020-10-30 10:49:00,TRV,118.82,4,BID
2020-10-30 10:49:00,TRV,118.89,3,ASK
2020-10-30 10:49:00,TRV,118.82,4,BID
2020-10-30 10:49:00,TRV,118.89,3,ASK
2020-10-30 10:49:00,TRV,118.82,4,BID
2020-10-30 10:49:00,TRV,118.89,3,ASK
2020-10-30 10:49:00,TRV,118.82,4,BID
2020-10-30 10:49:00,TRV,118.89,3,ASK
2020-10-30 10:49:07,TRV,118.89,6,BID
2020-10-30 10:49:07,TRV,119.02,6,ASK
2020-10-30 10:49:07,TRV,118.89,6,BID
2020-10-30 10:49:07,TRV,119.02,6,ASK
2020-10-30 10:49:11,TRV,118.99,2,BID
2020-10-30 10:49:11,TRV,119.14,8,ASK
2020-10-30 10:49:12,TRV,119.0,1,BID
2020-10-30 10:49:12,TRV,119.14,11,ASK
2020-10-30 10:49:13,TRV,119.0,3,BID
2020-10-30 10:49:13,TRV,119.1,1,ASK
2020-10-30 10:49:15,TRV,118.97,3,BID
2020-10-30 10:49:15,TRV,119.1,6,ASK
2020-10-30 10:49:15,TRV,118.97,3,BID
2020-10-30 10:49:15,TRV,119.1,6,ASK
2020-10-30 10:49:15,TRV,118.97,1,BID
2020-10-30 10:49:15,TRV,119.08,3,ASK
2020-10-30 10:49:16,TRV,118.97,2,BID
2020-10-30 10:49:16,TRV,119.08,5,ASK
2020-10-30 10:49:16,TRV,118.97,2,BID
2020-10-30 10:49:16,TRV,119.08,5,ASK
2020-10-30 10:49:16,TRV,118.97,2,BID
2020-10-30 10:49:16,TRV,119.08,5,ASK
2020-10-30 10:49:20,TRV,118.93,2,BID
2020-10-30 10:49:20,TRV,119.02,7,ASK
2020-10-30 10:49:22,TRV,118.93,3,BID
2020-10-30 10:49:22,TRV,119.02,6,ASK
2020-10-30 10:49:23,TRV,118.87,1,BID
2020-10-30 10:49:23,TRV,119.02,11,ASK
2020-10-30 10:49:24,TRV,118.81,3,BID
2020-10-30 10:49:24,TRV,119.01,10,ASK
2020-10-30 10:49:25,TRV,118.87,1,BID
2020-10-30 10:49:25,TRV,119.01,14,ASK
2020-10-30 10:49:27,TRV,118.87,1,BID
2020-10-30 10:49:27,TRV,119.01,12,ASK
2020-10-30 10:49:29,TRV,118.92,2,BID
2020-10-30 10:49:29,TRV,119.01,9,ASK
2020-10-30 10:49:31,TRV,118.96,3,BID
2020-10-30 10:49:31,TRV,119.02,8,ASK
2020-10-30 10:49:32,TRV,118.97,3,BID
2020-10-30 10:49:20,TRV,119.08,8,ASK
2020-10-30 10:49:32,TRV,118.97,3,BID
2020-10-30 10:49:20,TRV,119.08,8,ASK
2020-10-30 10:49:32,TRV,118.97,3,BID
2020-10-30 10:49:20,TRV,119.08,8,ASK
2020-10-30 10:49:32,TRV,118.97,3,BID
2020-10-30 10:49:15,TRV,119.08,8,ASK
2020-10-30 10:49:32,TRV,118.97,3,BID
2020-10-30 10:49:15,TRV,119.08,8,ASK
2020-10-30 10:49:32,TRV,118.97,3,BID
2020-10-30 10:49:32,TRV,119.08,8,ASK
2020-10-30 10:49:32,TRV,118.97,3,BID
2020-10-30 10:49:32,TRV,119.08,8,ASK
2020-10-30 10:49:37,TRV,118.97,3,BID
2020-10-30 10:49:32,TRV,119.08,10,ASK
2020-10-30 10:49:37,TRV,118.97,3,BID
2020-10-30 10:49:32,TRV,119.08,10,ASK
2020-10-30 10:49:37,TRV,118.97,3,BID
2020-10-30 10:49:32,TRV,119.08,10,ASK
2020-10-30 10:49:38,TRV,119.0,3,BID
2020-10-30 10:49:32,TRV,119.08,10,ASK
2020-10-30 10:49:38,TRV,119.0,3,BID
2020-10-30 10:49:32,TRV,119.08,10,ASK
2020-10-30 10:49:40,TRV,118.93,1,BID
2020-10-30 10:49:40,TRV,119.06,4,ASK
2020-10-30 10:49:42,TRV,118.91,1,BID
2020-10-30 10:49:40,TRV,119.06,5,ASK
2020-10-30 10:49:43,TRV,118.91,1,BID
2020-10-30 10:49:40,TRV,119.06,5,ASK
2020-10-30 10:49:46,TRV,118.92,2,BID
2020-10-30 10:49:40,TRV,119.06,5,ASK
2020-10-30 10:49:47,TRV,118.93,3,BID
2020-10-30 10:49:40,TRV,119.06,4,ASK
2020-10-30 10:49:49,TRV,118.93,3,BID
2020-10-30 10:49:40,TRV,119.06,4,ASK
2020-10-30 10:49:49,TRV,118.93,3,BID
2020-10-30 10:49:50,TRV,119.06,4,ASK
2020-10-30 10:49:51,TRV,118.94,4,BID
2020-10-30 10:49:50,TRV,119.06,4,ASK
2020-10-30 10:49:51,TRV,118.94,3,BID
2020-10-30 10:49:50,TRV,119.06,4,ASK
2020-10-30 10:49:53,TRV,118.94,4,BID
2020-10-30 10:49:53,TRV,119.06,5,ASK
2020-10-30 10:49:53,TRV,118.94,4,BID
2020-10-30 10:49:53,TRV,119.06,5,ASK
2020-10-30 10:49:53,TRV,118.94,4,BID
2020-10-30 10:49:53,TRV,119.06,5,ASK
2020-10-30 10:49:58,TRV,118.94,4,BID
2020-10-30 10:49:58,TRV,119.06,4,ASK
2020-10-30 10:49:58,TRV,118.94,4,BID
2020-10-30 10:49:58,TRV,119.06,4,ASK
2020-10-30 10:50:00,TRV,118.92,5,BID
2020-10-30 10:50:00,TRV,119.04,5,ASK
2020-10-30 10:50:00,TRV,118.92,5,BID
2020-10-30 10:50:00,TRV,119.04,5,ASK
2020-10-30 10:50:02,TRV,118.92,6,BID
2020-10-30 10:50:02,TRV,119.04,8,ASK
2020-10-30 10:50:03,TRV,118.92,5,BID
2020-10-30 10:50:03,TRV,119.04,8,ASK
2020-10-30 10:50:03,TRV,118.91,2,BID
2020-10-30 10:50:03,TRV,119.02,5,ASK
2020-10-30 10:50:03,TRV,118.91,2,BID
2020-10-30 10:50:03,TRV,119.02,5,ASK
2020-10-30 10:50:03,TRV,118.91,2,BID
2020-10-30 10:50:03,TRV,119.02,5,ASK
2020-10-30 10:50:05,TRV,118.87,2,BID
2020-10-30 10:50:05,TRV,118.97,6,ASK
2020-10-30 10:50:05,TRV,118.87,2,BID
2020-10-30 10:50:05,TRV,118.97,6,ASK
2020-10-30 10:50:05,TRV,118.87,2,BID
2020-10-30 10:50:05,TRV,118.97,6,ASK
2020-10-30 10:50:05,TRV,118.87,2,BID
2020-10-30 10:50:05,TRV,118.97,6,ASK
2020-10-30 10:50:08,TRV,118.87,2,BID
2020-10-30 10:50:08,TRV,118.97,6,ASK
2020-10-30 10:50:08,TRV,118.87,2,BID
2020-10-30 10:50:08,TRV,118.97,6,ASK
2020-10-30 10:50:08,TRV,118.87,2,BID
2020-10-30 10:50:08,TRV,118.97,6,ASK
2020-10-30 10:50:12,TRV,118.88,2,BID
2020-10-30 10:50:12,TRV,118.97,1,ASK
2020-10-30 10:50:13,TRV,118.88,4,BID
2020-10-30 10:50:13,TRV,118.97,1,ASK
2020-10-30 10:50:13,TRV,118.88,4,BID
2020-10-30 10:50:13,TRV,118.97,1,ASK
2020-10-30 10:50:14,TRV,118.92,1,BID
2020-10-30 10:50:14,TRV,119.02,8,ASK
2020-10-30 10:50:16,TRV,118.87,4,BID
2020-10-30 10:50:14,TRV,119.02,8,ASK
2020-10-30 10:50:16,TRV,118.87,7,BID
2020-10-30 10:50:14,TRV,119.02,8,ASK
2020-10-30 10:50:16,TRV,118.87,7,BID
2020-10-30 10:50:14,TRV,119.02,8,ASK
2020-10-30 10:50:19,TRV,118.88,5,BID
2020-10-30 10:50:14,TRV,119.02,8,ASK
2020-10-30 10:50:19,TRV,118.88,5,BID
2020-10-30 10:50:14,TRV,119.02,8,ASK
2020-10-30 10:50:22,TRV,118.86,1,BID
2020-10-30 10:50:14,TRV,119.02,8,ASK
2020-10-30 10:50:22,TRV,118.86,1,BID
2020-10-30 10:50:14,TRV,119.02,8,ASK
2020-10-30 10:50:26,TRV,118.87,1,BID
2020-10-30 10:50:14,TRV,119.02,8,ASK
2020-10-30 10:50:26,TRV,118.87,1,BID
2020-10-30 10:50:14,TRV,119.02,8,ASK
2020-10-30 10:50:27,TRV,118.87,3,BID
2020-10-30 10:50:14,TRV,119.02,8,ASK
2020-10-30 10:50:28,TRV,118.87,5,BID
2020-10-30 10:50:14,TRV,119.02,8,ASK
2020-10-30 10:50:30,TRV,118.86,1,BID
2020-10-30 10:50:14,TRV,119.02,8,ASK
2020-10-30 10:50:31,TRV,118.87,1,BID
2020-10-30 10:50:14,TRV,119.02,8,ASK
2020-10-30 10:50:33,TRV,118.88,3,BID
2020-10-30 10:50:14,TRV,119.02,8,ASK
2020-10-30 10:50:33,TRV,118.88,3,BID
2020-10-30 10:50:14,TRV,119.02,8,ASK
2020-10-30 10:50:34,TRV,118.88,5,BID
2020-10-30 10:50:14,TRV,119.02,8,ASK
2020-10-30 10:50:34,TRV,118.88,5,BID
2020-10-30 10:50:14,TRV,119.02,8,ASK
2020-10-30 10:50:34,TRV,118.88,5,BID
2020-10-30 10:50:14,TRV,119.02,8,ASK
2020-10-30 10:50:34,TRV,118.88,5,BID
2020-10-30 10:50:14,TRV,119.02,8,ASK
2020-10-30 10:50:35,TRV,118.88,5,BID
2020-10-30 10:50:03,TRV,119.02,8,ASK
2020-10-30 10:50:35,TRV,118.88,5,BID
2020-10-30 10:50:03,TRV,119.02,8,ASK
2020-10-30 10:50:35,TRV,118.88,5,BID
2020-10-30 10:50:03,TRV,119.02,8,ASK
2020-10-30 10:50:43,TRV,118.88,4,BID
2020-10-30 10:50:03,TRV,119.02,8,ASK
2020-10-30 10:50:43,TRV,118.88,4,BID
2020-10-30 10:50:03,TRV,119.02,8,ASK
2020-10-30 10:50:43,TRV,118.88,4,BID
2020-10-30 10:50:03,TRV,119.02,8,ASK
2020-10-30 10:50:43,TRV,118.88,4,BID
2020-10-30 10:50:03,TRV,119.02,8,ASK
2020-10-30 10:50:50,TRV,118.88,3,BID
2020-10-30 10:50:03,TRV,119.02,9,ASK
2020-10-30 10:50:50,TRV,118.88,5,BID
2020-10-30 10:50:03,TRV,119.02,8,ASK
2020-10-30 10:50:52,TRV,118.88,5,BID
2020-10-30 10:50:53,TRV,119.0,4,ASK
2020-10-30 10:50:52,TRV,118.88,5,BID
2020-10-30 10:50:54,TRV,119.0,7,ASK
2020-10-30 10:50:56,TRV,118.88,6,BID
2020-10-30 10:50:55,TRV,119.0,7,ASK
2020-10-30 10:50:57,TRV,118.89,2,BID
2020-10-30 10:50:55,TRV,119.0,7,ASK
2020-10-30 10:50:58,TRV,118.9,4,BID
2020-10-30 10:50:58,TRV,119.0,7,ASK
2020-10-30 10:50:58,TRV,118.9,4,BID
2020-10-30 10:50:58,TRV,119.0,6,ASK
2020-10-30 10:50:58,TRV,118.9,4,BID
2020-10-30 10:50:58,TRV,119.0,6,ASK
2020-10-30 10:51:00,TRV,118.91,3,BID
2020-10-30 10:50:58,TRV,119.0,6,ASK
2020-10-30 10:51:02,TRV,118.93,3,BID
2020-10-30 10:50:58,TRV,119.0,6,ASK
2020-10-30 10:51:03,TRV,118.94,2,BID
2020-10-30 10:51:03,TRV,119.01,8,ASK
2020-10-30 10:51:03,TRV,118.97,1,BID
2020-10-30 10:51:03,TRV,119.1,8,ASK
2020-10-30 10:51:03,TRV,119.01,2,BID
2020-10-30 10:51:04,TRV,119.1,7,ASK
2020-10-30 10:51:04,TRV,119.02,1,BID
2020-10-30 10:51:04,TRV,119.1,7,ASK
2020-10-30 10:51:05,TRV,119.03,1,BID
2020-10-30 10:51:05,TRV,119.1,7,ASK
2020-10-30 10:51:05,TRV,119.03,1,BID
2020-10-30 10:51:05,TRV,119.1,7,ASK
2020-10-30 10:51:05,TRV,119.03,1,BID
2020-10-30 10:51:05,TRV,119.1,7,ASK
2020-10-30 10:51:08,TRV,119.03,3,BID
2020-10-30 10:51:08,TRV,119.1,8,ASK
2020-10-30 10:51:10,TRV,119.1,3,BID
2020-10-30 10:51:10,TRV,119.22,2,ASK
2020-10-30 10:51:11,TRV,119.1,3,BID
2020-10-30 10:51:11,TRV,119.22,4,ASK
2020-10-30 10:51:13,TRV,119.12,3,BID
2020-10-30 10:51:13,TRV,119.27,10,ASK
2020-10-30 10:51:14,TRV,119.14,3,BID
2020-10-30 10:51:15,TRV,119.26,12,ASK
2020-10-30 10:51:14,TRV,119.14,3,BID
2020-10-30 10:51:15,TRV,119.26,12,ASK
2020-10-30 10:51:14,TRV,119.14,3,BID
2020-10-30 10:51:15,TRV,119.26,12,ASK
2020-10-30 10:51:19,TRV,119.15,4,BID
2020-10-30 10:51:19,TRV,119.26,11,ASK
2020-10-30 10:51:19,TRV,119.24,4,BID
2020-10-30 10:51:19,TRV,119.34,3,ASK
2020-10-30 10:51:19,TRV,119.23,5,BID
2020-10-30 10:51:19,TRV,119.34,3,ASK
2020-10-30 10:51:20,TRV,119.26,5,BID
2020-10-30 10:51:20,TRV,119.34,3,ASK
2020-10-30 10:51:20,TRV,119.26,9,BID
2020-10-30 10:51:20,TRV,119.34,3,ASK
2020-10-30 10:51:21,TRV,119.3,1,BID
2020-10-30 10:51:21,TRV,119.4,3,ASK
2020-10-30 10:51:21,TRV,119.3,1,BID
2020-10-30 10:51:21,TRV,119.4,3,ASK
