timestamp,ticker,price,volume,bid_ask
2020-10-30 10:31:23,UNH,304.14,6,BID
2020-10-30 10:31:26,UNH,304.62,1,ASK
2020-10-30 10:31:23,UNH,304.14,6,BID
2020-10-30 10:31:27,UNH,304.62,1,ASK
2020-10-30 10:31:23,UNH,304.14,6,BID
2020-10-30 10:31:28,UNH,304.62,1,ASK
2020-10-30 10:31:23,UNH,304.14,6,BID
2020-10-30 10:31:30,UNH,304.62,1,ASK
2020-10-30 10:31:23,UNH,304.14,6,BID
2020-10-30 10:31:31,UNH,304.62,1,ASK
2020-10-30 10:31:23,UNH,304.14,6,BID
2020-10-30 10:31:31,UNH,304.62,1,ASK
2020-10-30 10:31:23,UNH,304.14,6,BID
2020-10-30 10:31:32,UNH,304.61,3,ASK
2020-10-30 10:31:23,UNH,304.14,6,BID
2020-10-30 10:31:33,UNH,304.6,1,ASK
2020-10-30 10:31:23,UNH,304.14,6,BID
2020-10-30 10:31:34,UNH,304.59,1,ASK
2020-10-30 10:31:23,UNH,304.14,6,BID
2020-10-30 10:31:35,UNH,304.58,1,ASK
2020-10-30 10:31:23,UNH,304.14,6,BID
2020-10-30 10:31:37,UNH,304.57,1,ASK
2020-10-30 10:31:23,UNH,304.14,6,BID
2020-10-30 10:31:37,UNH,304.57,1,ASK
2020-10-30 10:31:23,UNH,304.14,6,BID
2020-10-30 10:31:38,UNH,304.56,1,ASK
2020-10-30 10:31:23,UNH,304.14,6,BID
2020-10-30 10:31:39,UNH,304.55,2,ASK
2020-10-30 10:31:23,UNH,304.14,6,BID
2020-10-30 10:31:41,UNH,304.54,2,ASK
2020-10-30 10:31:23,UNH,304.14,6,BID
2020-10-30 10:31:41,UNH,304.53,1,ASK
2020-10-30 10:31:23,UNH,304.14,6,BID
2020-10-30 10:31:43,UNH,304.52,1,ASK
2020-10-30 10:31:23,UNH,304.14,6,BID
2020-10-30 10:31:43,UNH,304.52,1,ASK
2020-10-30 10:31:44,UNH,304.13,1,BID
2020-10-30 10:31:44,UNH,304.51,4,ASK
2020-10-30 10:31:46,UNH,304.13,1,BID
2020-10-30 10:31:46,UNH,304.5,2,ASK
2020-10-30 10:31:46,UNH,304.13,1,BID
2020-10-30 10:31:46,UNH,304.49,2,ASK
2020-10-30 10:31:46,UNH,304.13,1,BID
2020-10-30 10:31:46,UNH,304.49,2,ASK
2020-10-30 10:31:48,UNH,304.13,1,BID
2020-10-30 10:31:48,UNH,304.48,1,ASK
2020-10-30 10:31:49,UNH,304.13,3,BID
2020-10-30 10:31:49,UNH,304.47,1,ASK
2020-10-30 10:31:49,UNH,304.13,3,BID
2020-10-30 10:31:50,UNH,304.46,1,ASK
2020-10-30 10:31:49,UNH,304.13,3,BID
2020-10-30 10:31:52,UNH,304.45,2,ASK
2020-10-30 10:31:52,UNH,304.15,1,BID
2020-10-30 10:31:52,UNH,304.44,1,ASK
2020-10-30 10:31:54,UNH,304.15,1,BID
2020-10-30 10:31:54,UNH,304.43,1,ASK
2020-10-30 10:31:55,UNH,304.12,1,BID
2020-10-30 10:31:55,UNH,304.42,1,ASK
2020-10-30 10:31:55,UNH,304.12,1,BID
2020-10-30 10:31:55,UNH,304.42,1,ASK
2020-10-30 10:31:56,UNH,304.12,2,BID
2020-10-30 10:31:56,UNH,304.41,2,ASK
2020-10-30 10:31:57,UNH,304.2,5,BID
2020-10-30 10:31:57,UNH,304.4,4,ASK
2020-10-30 10:31:57,UNH,304.2,5,BID
2020-10-30 10:31:57,UNH,304.4,4,ASK
2020-10-30 10:32:00,UNH,304.13,1,BID
2020-10-30 10:32:00,UNH,304.39,1,ASK
2020-10-30 10:32:00,UNH,304.12,3,BID
2020-10-30 10:32:00,UNH,304.39,1,ASK
2020-10-30 10:32:00,UNH,304.12,3,BID
2020-10-30 10:32:00,UNH,304.39,1,ASK
2020-10-30 10:32:00,UNH,304.12,5,BID
2020-10-30 10:32:01,UNH,304.39,5,ASK
2020-10-30 10:32:00,UNH,304.12,5,BID
2020-10-30 10:32:01,UNH,304.39,5,ASK
2020-10-30 10:32:00,UNH,304.12,5,BID
2020-10-30 10:32:01,UNH,304.39,6,ASK
2020-10-30 10:32:02,UNH,304.01,1,BID
2020-10-30 10:32:02,UNH,304.33,4,ASK
2020-10-30 10:32:03,UNH,303.85,8,BID
2020-10-30 10:32:03,UNH,304.32,2,ASK
2020-10-30 10:32:04,UNH,303.85,8,BID
2020-10-30 10:32:04,UNH,304.32,4,ASK
2020-10-30 10:32:04,UNH,303.85,8,BID
2020-10-30 10:32:04,UNH,304.31,1,ASK
2020-10-30 10:32:05,UNH,303.85,8,BID
2020-10-30 10:32:05,UNH,304.31,2,ASK
2020-10-30 10:32:06,UNH,303.85,8,BID
2020-10-30 10:32:06,UNH,304.3,2,ASK
2020-10-30 10:32:07,UNH,303.88,1,BID
2020-10-30 10:32:07,UNH,304.29,2,ASK
2020-10-30 10:32:09,UNH,303.85,8,BID
2020-10-30 10:32:09,UNH,304.27,1,ASK
2020-10-30 10:32:09,UNH,303.85,8,BID
2020-10-30 10:32:09,UNH,304.25,1,ASK
2020-10-30 10:32:10,UNH,303.85,8,BID
2020-10-30 10:32:10,UNH,304.24,1,ASK
2020-10-30 10:32:12,UNH,303.85,8,BID
2020-10-30 10:32:12,UNH,304.22,4,ASK
2020-10-30 10:32:12,UNH,303.85,9,BID
2020-10-30 10:32:12,UNH,304.23,7,ASK
2020-10-30 10:32:13,UNH,303.85,9,BID
2020-10-30 10:32:13,UNH,304.22,1,ASK
2020-10-30 10:32:14,UNH,303.85,9,BID
2020-10-30 10:32:14,UNH,304.22,1,ASK
2020-10-30 10:32:15,UNH,303.85,9,BID
2020-10-30 10:32:15,UNH,304.21,3,ASK
2020-10-30 10:32:17,UNH,303.85,10,BID
2020-10-30 10:32:17,UNH,304.08,1,ASK
2020-10-30 10:32:19,UNH,303.69,3,BID
2020-10-30 10:32:19,UNH,304.07,3,ASK
2020-10-30 10:32:19,UNH,303.69,3,BID
2020-10-30 10:32:19,UNH,304.07,3,ASK
2020-10-30 10:32:20,UNH,303.68,7,BID
2020-10-30 10:32:19,UNH,304.07,3,ASK
2020-10-30 10:32:20,UNH,303.68,7,BID
2020-10-30 10:32:20,UNH,304.07,4,ASK
2020-10-30 10:32:20,UNH,303.68,7,BID
2020-10-30 10:32:20,UNH,304.07,6,ASK
2020-10-30 10:32:21,UNH,303.6,1,BID
2020-10-30 10:32:21,UNH,303.88,1,ASK
2020-10-30 10:32:21,UNH,303.7,1,BID
2020-10-30 10:32:21,UNH,303.88,2,ASK
2020-10-30 10:32:22,UNH,303.62,3,BID
2020-10-30 10:32:22,UNH,303.88,3,ASK
2020-10-30 10:32:22,UNH,303.62,3,BID
2020-10-30 10:32:22,UNH,303.88,3,ASK
2020-10-30 10:32:22,UNH,303.62,3,BID
2020-10-30 10:32:22,UNH,303.88,3,ASK
2020-10-30 10:32:24,UNH,303.47,2,BID
2020-10-30 10:32:24,UNH,303.75,1,ASK
2020-10-30 10:32:24,UNH,303.47,2,BID
2020-10-30 10:32:24,UNH,303.71,1,ASK
2020-10-30 10:32:24,UNH,303.47,2,BID
2020-10-30 10:32:24,UNH,303.71,1,ASK
2020-10-30 10:32:25,UNH,303.47,2,BID
2020-10-30 10:32:25,UNH,303.7,1,ASK
2020-10-30 10:32:25,UNH,303.47,2,BID
2020-10-30 10:32:25,UNH,303.7,1,ASK
2020-10-30 10:32:26,UNH,303.47,3,BID
2020-10-30 10:32:26,UNH,303.7,2,ASK
2020-10-30 10:32:26,UNH,303.47,1,BID
2020-10-30 10:32:26,UNH,303.69,3,ASK
2020-10-30 10:32:27,UNH,303.47,1,BID
2020-10-30 10:32:26,UNH,303.69,3,ASK
2020-10-30 10:32:27,UNH,303.47,1,BID
2020-10-30 10:32:26,UNH,303.69,3,ASK
2020-10-30 10:32:27,UNH,303.47,1,BID
2020-10-30 10:32:26,UNH,303.69,3,ASK
2020-10-30 10:32:27,UNH,303.47,1,BID
2020-10-30 10:32:26,UNH,303.69,3,ASK
2020-10-30 10:32:27,UNH,303.47,1,BID
2020-10-30 10:32:26,UNH,303.69,3,ASK
2020-10-30 10:32:30,UNH,303.42,6,BID
2020-10-30 10:32:26,UNH,303.69,3,ASK
2020-10-30 10:32:30,UNH,303.42,6,BID
2020-10-30 10:32:26,UNH,303.69,3,ASK
2020-10-30 10:32:30,UNH,303.42,6,BID
2020-10-30 10:32:26,UNH,303.69,3,ASK
2020-10-30 10:32:30,UNH,303.42,6,BID
2020-10-30 10:32:26,UNH,303.69,3,ASK
2020-10-30 10:32:30,UNH,303.42,6,BID
2020-10-30 10:32:26,UNH,303.69,3,ASK
2020-10-30 10:32:30,UNH,303.42,6,BID
2020-10-30 10:32:26,UNH,303.69,3,ASK
2020-10-30 10:32:30,UNH,303.42,6,BID
2020-10-30 10:32:26,UNH,303.69,3,ASK
2020-10-30 10:32:34,UNH,303.42,6,BID
2020-10-30 10:32:34,UNH,303.67,1,ASK
2020-10-30 10:32:34,UNH,303.42,6,BID
2020-10-30 10:32:34,UNH,303.67,1,ASK
2020-10-30 10:32:34,UNH,303.42,6,BID
2020-10-30 10:32:34,UNH,303.67,1,ASK
2020-10-30 10:32:34,UNH,303.42,6,BID
2020-10-30 10:32:34,UNH,303.67,1,ASK
2020-10-30 10:32:34,UNH,303.42,6,BID
2020-10-30 10:32:34,UNH,303.67,1,ASK
2020-10-30 10:32:34,UNH,303.42,6,BID
2020-10-30 10:32:34,UNH,303.67,1,ASK
2020-10-30 10:32:34,UNH,303.42,6,BID
2020-10-30 10:32:34,UNH,303.67,1,ASK
2020-10-30 10:32:34,UNH,303.42,6,BID
2020-10-30 10:32:34,UNH,303.67,1,ASK
2020-10-30 10:32:34,UNH,303.42,6,BID
2020-10-30 10:32:34,UNH,303.67,1,ASK
2020-10-30 10:32:34,UNH,303.42,6,BID
2020-10-30 10:32:34,UNH,303.67,1,ASK
2020-10-30 10:32:34,UNH,303.42,6,BID
2020-10-30 10:32:34,UNH,303.67,1,ASK
2020-10-30 10:32:34,UNH,303.42,6,BID
2020-10-30 10:32:34,UNH,303.67,1,ASK
2020-10-30 10:32:45,UNH,303.43,2,BID
2020-10-30 10:32:45,UNH,303.67,1,ASK
2020-10-30 10:32:45,UNH,303.43,2,BID
2020-10-30 10:32:45,UNH,303.67,1,ASK
2020-10-30 10:32:47,UNH,303.43,2,BID
2020-10-30 10:32:47,UNH,303.67,1,ASK
2020-10-30 10:32:49,UNH,303.44,2,BID
2020-10-30 10:32:49,UNH,303.67,2,ASK
2020-10-30 10:32:49,UNH,303.45,2,BID
2020-10-30 10:32:49,UNH,303.67,2,ASK
2020-10-30 10:32:49,UNH,303.45,2,BID
2020-10-30 10:32:49,UNH,303.67,2,ASK
2020-10-30 10:32:53,UNH,303.45,2,BID
2020-10-30 10:32:49,UNH,303.67,2,ASK
2020-10-30 10:32:56,UNH,303.45,1,BID
2020-10-30 10:32:56,UNH,303.65,1,ASK
2020-10-30 10:32:57,UNH,303.46,1,BID
2020-10-30 10:32:57,UNH,303.65,1,ASK
2020-10-30 10:32:57,UNH,303.47,2,BID
2020-10-30 10:32:57,UNH,303.65,1,ASK
2020-10-30 10:32:57,UNH,303.47,2,BID
2020-10-30 10:32:57,UNH,303.65,1,ASK
2020-10-30 10:32:58,UNH,303.49,1,BID
2020-10-30 10:32:58,UNH,303.94,1,ASK
2020-10-30 10:32:59,UNH,303.49,2,BID
2020-10-30 10:32:59,UNH,303.94,2,ASK
2020-10-30 10:33:00,UNH,303.49,2,BID
2020-10-30 10:33:00,UNH,303.94,2,ASK
2020-10-30 10:33:01,UNH,303.49,2,BID
2020-10-30 10:33:01,UNH,303.94,2,ASK
2020-10-30 10:33:02,UNH,303.63,6,BID
2020-10-30 10:33:02,UNH,303.94,2,ASK
2020-10-30 10:33:02,UNH,303.71,4,BID
2020-10-30 10:33:02,UNH,304.1,2,ASK
2020-10-30 10:33:03,UNH,303.71,4,BID
2020-10-30 10:33:03,UNH,304.04,1,ASK
2020-10-30 10:33:04,UNH,303.7,3,BID
2020-10-30 10:33:04,UNH,304.1,3,ASK
2020-10-30 10:33:05,UNH,303.73,3,BID
2020-10-30 10:33:04,UNH,304.1,3,ASK
2020-10-30 10:33:07,UNH,303.73,3,BID
2020-10-30 10:33:07,UNH,304.03,1,ASK
2020-10-30 10:33:07,UNH,303.73,3,BID
2020-10-30 10:33:07,UNH,304.03,1,ASK
2020-10-30 10:33:07,UNH,303.73,3,BID
2020-10-30 10:33:07,UNH,304.03,1,ASK
2020-10-30 10:33:09,UNH,303.68,1,BID
2020-10-30 10:33:09,UNH,304.03,1,ASK
2020-10-30 10:33:09,UNH,303.68,1,BID
2020-10-30 10:33:09,UNH,304.03,1,ASK
2020-10-30 10:33:09,UNH,303.68,1,BID
2020-10-30 10:33:09,UNH,304.03,1,ASK
2020-10-30 10:33:09,UNH,303.68,1,BID
2020-10-30 10:33:09,UNH,304.03,1,ASK
2020-10-30 10:33:13,UNH,303.68,1,BID
2020-10-30 10:33:13,UNH,304.01,2,ASK
2020-10-30 10:33:15,UNH,303.44,3,BID
2020-10-30 10:33:15,UNH,303.84,5,ASK
2020-10-30 10:33:15,UNH,303.47,1,BID
2020-10-30 10:33:15,UNH,303.78,2,ASK
2020-10-30 10:33:15,UNH,303.47,1,BID
2020-10-30 10:33:15,UNH,303.78,2,ASK
2020-10-30 10:33:18,UNH,303.44,3,BID
2020-10-30 10:33:18,UNH,303.78,3,ASK
2020-10-30 10:33:18,UNH,303.44,3,BID
2020-10-30 10:33:18,UNH,303.78,3,ASK
2020-10-30 10:33:20,UNH,303.17,5,BID
2020-10-30 10:33:20,UNH,303.72,2,ASK
2020-10-30 10:33:21,UNH,303.41,6,BID
2020-10-30 10:33:21,UNH,303.71,4,ASK
2020-10-30 10:33:21,UNH,303.41,6,BID
2020-10-30 10:33:21,UNH,303.71,4,ASK
2020-10-30 10:33:21,UNH,303.4,5,BID
2020-10-30 10:33:22,UNH,303.71,4,ASK
2020-10-30 10:33:21,UNH,303.4,5,BID
2020-10-30 10:33:22,UNH,303.71,4,ASK
2020-10-30 10:33:21,UNH,303.4,5,BID
2020-10-30 10:33:25,UNH,303.79,1,ASK
2020-10-30 10:33:21,UNH,303.4,5,BID
2020-10-30 10:33:25,UNH,303.79,1,ASK
2020-10-30 10:33:21,UNH,303.4,5,BID
2020-10-30 10:33:28,UNH,303.79,1,ASK
2020-10-30 10:33:21,UNH,303.4,5,BID
2020-10-30 10:33:30,UNH,303.79,1,ASK
2020-10-30 10:33:21,UNH,303.4,5,BID
2020-10-30 10:33:30,UNH,303.79,1,ASK
2020-10-30 10:33:21,UNH,303.4,5,BID
2020-10-30 10:33:32,UNH,303.79,2,ASK
2020-10-30 10:33:33,UNH,303.52,1,BID
2020-10-30 10:33:33,UNH,303.79,2,ASK
2020-10-30 10:33:33,UNH,303.52,1,BID
2020-10-30 10:33:33,UNH,303.79,2,ASK
2020-10-30 10:33:34,UNH,303.58,1,BID
2020-10-30 10:33:34,UNH,304.07,1,ASK
2020-10-30 10:33:35,UNH,303.58,2,BID
2020-10-30 10:33:35,UNH,304.07,2,ASK
2020-10-30 10:33:36,UNH,303.58,2,BID
2020-10-30 10:33:36,UNH,303.99,1,ASK
2020-10-30 10:33:37,UNH,303.54,2,BID
2020-10-30 10:33:37,UNH,303.97,1,ASK
2020-10-30 10:33:37,UNH,303.54,2,BID
2020-10-30 10:33:37,UNH,303.97,1,ASK
2020-10-30 10:33:37,UNH,303.55,3,BID
2020-10-30 10:33:37,UNH,303.97,1,ASK
2020-10-30 10:33:38,UNH,303.56,2,BID
2020-10-30 10:33:38,UNH,303.97,2,ASK
2020-10-30 10:33:38,UNH,303.56,2,BID
2020-10-30 10:33:38,UNH,303.97,2,ASK
2020-10-30 10:33:41,UNH,303.56,7,BID
2020-10-30 10:33:41,UNH,303.97,2,ASK
2020-10-30 10:33:42,UNH,303.56,7,BID
2020-10-30 10:33:42,UNH,303.97,2,ASK
2020-10-30 10:33:42,UNH,303.56,7,BID
2020-10-30 10:33:42,UNH,303.97,2,ASK
2020-10-30 10:33:44,UNH,303.55,4,BID
2020-10-30 10:33:44,UNH,303.97,2,ASK
2020-10-30 10:33:44,UNH,303.55,4,BID
2020-10-30 10:33:44,UNH,303.97,2,ASK
2020-10-30 10:33:46,UNH,303.55,4,BID
2020-10-30 10:33:46,UNH,303.96,2,ASK
2020-10-30 10:33:46,UNH,303.52,1,BID
2020-10-30 10:33:46,UNH,303.95,3,ASK
2020-10-30 10:33:47,UNH,303.58,1,BID
2020-10-30 10:33:47,UNH,303.93,1,ASK
2020-10-30 10:33:48,UNH,303.58,1,BID
2020-10-30 10:33:48,UNH,303.92,1,ASK
2020-10-30 10:33:48,UNH,303.58,1,BID
2020-10-30 10:33:48,UNH,303.92,2,ASK
2020-10-30 10:33:49,UNH,303.58,1,BID
2020-10-30 10:33:49,UNH,303.91,1,ASK
2020-10-30 10:33:50,UNH,303.6,4,BID
2020-10-30 10:33:50,UNH,303.9,2,ASK
2020-10-30 10:33:52,UNH,303.61,6,BID
2020-10-30 10:33:52,UNH,303.9,3,ASK
2020-10-30 10:33:52,UNH,303.61,3,BID
2020-10-30 10:33:52,UNH,303.9,3,ASK
2020-10-30 10:33:54,UNH,303.63,4,BID
2020-10-30 10:33:54,UNH,303.9,3,ASK
2020-10-30 10:33:55,UNH,303.62,4,BID
2020-10-30 10:33:55,UNH,303.9,3,ASK
2020-10-30 10:33:55,UNH,303.62,4,BID
2020-10-30 10:33:55,UNH,303.9,3,ASK
2020-10-30 10:33:55,UNH,303.62,4,BID
2020-10-30 10:33:55,UNH,303.9,3,ASK
2020-10-30 10:34:00,UNH,303.62,4,BID
2020-10-30 10:34:00,UNH,303.9,3,ASK
2020-10-30 10:34:01,UNH,303.63,5,BID
2020-10-30 10:34:01,UNH,303.9,3,ASK
2020-10-30 10:34:01,UNH,303.62,4,BID
2020-10-30 10:34:01,UNH,303.89,1,ASK
2020-10-30 10:34:01,UNH,303.62,4,BID
2020-10-30 10:34:01,UNH,303.89,1,ASK
2020-10-30 10:34:02,UNH,303.62,4,BID
2020-10-30 10:34:02,UNH,303.88,1,ASK
2020-10-30 10:34:02,UNH,303.62,4,BID
2020-10-30 10:34:02,UNH,303.88,1,ASK
2020-10-30 10:34:04,UNH,303.62,4,BID
2020-10-30 10:34:04,UNH,303.87,1,ASK
2020-10-30 10:34:01,UNH,303.62,4,BID
2020-10-30 10:34:05,UNH,303.86,2,ASK
2020-10-30 10:34:01,UNH,303.62,4,BID
2020-10-30 10:34:06,UNH,303.85,1,ASK
2020-10-30 10:34:01,UNH,303.62,4,BID
2020-10-30 10:34:06,UNH,303.85,1,ASK
2020-10-30 10:34:08,UNH,303.57,3,BID
2020-10-30 10:34:08,UNH,303.8,1,ASK
2020-10-30 10:34:08,UNH,303.51,3,BID
2020-10-30 10:34:08,UNH,303.83,1,ASK
2020-10-30 10:34:09,UNH,303.35,1,BID
2020-10-30 10:34:09,UNH,303.78,1,ASK
2020-10-30 10:34:10,UNH,303.41,4,BID
2020-10-30 10:34:10,UNH,303.78,2,ASK
2020-10-30 10:34:10,UNH,303.41,4,BID
2020-10-30 10:34:10,UNH,303.78,2,ASK
2020-10-30 10:34:11,UNH,303.41,6,BID
2020-10-30 10:34:11,UNH,303.77,1,ASK
2020-10-30 10:34:11,UNH,303.41,6,BID
2020-10-30 10:34:11,UNH,303.77,1,ASK
2020-10-30 10:34:13,UNH,303.41,6,BID
2020-10-30 10:34:13,UNH,303.75,1,ASK
2020-10-30 10:34:13,UNH,303.41,6,BID
2020-10-30 10:34:13,UNH,303.75,1,ASK
2020-10-30 10:34:14,UNH,303.42,1,BID
2020-10-30 10:34:14,UNH,303.75,1,ASK
2020-10-30 10:34:14,UNH,303.42,1,BID
2020-10-30 10:34:14,UNH,303.74,1,ASK
2020-10-30 10:34:14,UNH,303.42,1,BID
2020-10-30 10:34:14,UNH,303.74,1,ASK
2020-10-30 10:34:16,UNH,303.41,6,BID
2020-10-30 10:34:16,UNH,303.72,1,ASK
2020-10-30 10:34:18,UNH,303.42,1,BID
2020-10-30 10:34:18,UNH,303.72,1,ASK
2020-10-30 10:34:18,UNH,303.42,1,BID
2020-10-30 10:34:18,UNH,303.71,1,ASK
2020-10-30 10:34:20,UNH,303.42,1,BID
2020-10-30 10:34:20,UNH,303.69,1,ASK
2020-10-30 10:34:22,UNH,303.42,1,BID
2020-10-30 10:34:22,UNH,303.66,1,ASK
2020-10-30 10:34:23,UNH,303.42,1,BID
2020-10-30 10:34:23,UNH,303.64,1,ASK
2020-10-30 10:34:23,UNH,303.42,1,BID
2020-10-30 10:34:23,UNH,303.63,1,ASK
2020-10-30 10:34:24,UNH,303.42,1,BID
2020-10-30 10:34:24,UNH,303.62,1,ASK
2020-10-30 10:34:24,UNH,303.42,1,BID
2020-10-30 10:34:24,UNH,303.62,1,ASK
2020-10-30 10:34:26,UNH,303.42,1,BID
2020-10-30 10:34:26,UNH,303.61,1,ASK
2020-10-30 10:34:27,UNH,303.44,2,BID
2020-10-30 10:34:27,UNH,303.7,3,ASK
2020-10-30 10:34:27,UNH,303.44,2,BID
2020-10-30 10:34:27,UNH,303.7,3,ASK
2020-10-30 10:34:31,UNH,303.27,2,BID
2020-10-30 10:34:31,UNH,303.66,3,ASK
2020-10-30 10:34:32,UNH,303.27,1,BID
2020-10-30 10:34:32,UNH,303.64,3,ASK
2020-10-30 10:34:33,UNH,303.27,1,BID
2020-10-30 10:34:33,UNH,303.62,1,ASK
2020-10-30 10:34:35,UNH,303.27,1,BID
2020-10-30 10:34:35,UNH,303.6,2,ASK
2020-10-30 10:34:36,UNH,303.27,1,BID
2020-10-30 10:34:35,UNH,303.6,5,ASK
2020-10-30 10:34:36,UNH,303.27,1,BID
2020-10-30 10:34:35,UNH,303.6,5,ASK
2020-10-30 10:34:37,UNH,303.27,1,BID
2020-10-30 10:34:37,UNH,303.6,6,ASK
2020-10-30 10:34:37,UNH,303.27,1,BID
2020-10-30 10:34:37,UNH,303.6,6,ASK
2020-10-30 10:34:37,UNH,303.27,1,BID
2020-10-30 10:34:37,UNH,303.6,6,ASK
2020-10-30 10:34:37,UNH,303.27,1,BID
2020-10-30 10:34:37,UNH,303.6,6,ASK
2020-10-30 10:34:37,UNH,303.27,1,BID
2020-10-30 10:34:37,UNH,303.6,6,ASK
2020-10-30 10:34:37,UNH,303.27,1,BID
2020-10-30 10:34:37,UNH,303.6,6,ASK
2020-10-30 10:34:37,UNH,303.27,1,BID
2020-10-30 10:34:37,UNH,303.6,6,ASK
2020-10-30 10:34:49,UNH,303.27,1,BID
2020-10-30 10:34:37,UNH,303.6,5,ASK
2020-10-30 10:34:49,UNH,303.27,1,BID
2020-10-30 10:34:37,UNH,303.6,5,ASK
2020-10-30 10:34:49,UNH,303.27,1,BID
2020-10-30 10:34:37,UNH,303.6,5,ASK
2020-10-30 10:34:49,UNH,303.27,1,BID
2020-10-30 10:34:37,UNH,303.6,5,ASK
2020-10-30 10:34:49,UNH,303.27,1,BID
2020-10-30 10:34:37,UNH,303.6,5,ASK
2020-10-30 10:34:49,UNH,303.27,1,BID
2020-10-30 10:34:37,UNH,303.6,5,ASK
2020-10-30 10:34:49,UNH,303.27,1,BID
2020-10-30 10:34:37,UNH,303.6,5,ASK
2020-10-30 10:34:53,UNH,303.27,1,BID
2020-10-30 10:34:53,UNH,303.6,8,ASK
2020-10-30 10:34:53,UNH,303.27,1,BID
2020-10-30 10:34:53,UNH,303.6,9,ASK
2020-10-30 10:34:53,UNH,303.27,1,BID
2020-10-30 10:34:53,UNH,303.59,3,ASK
2020-10-30 10:34:53,UNH,303.27,1,BID
2020-10-30 10:34:53,UNH,303.59,3,ASK
2020-10-30 10:34:53,UNH,303.27,1,BID
2020-10-30 10:34:53,UNH,303.59,4,ASK
2020-10-30 10:34:54,UNH,303.25,3,BID
2020-10-30 10:34:54,UNH,303.58,2,ASK
2020-10-30 10:34:55,UNH,303.27,1,BID
2020-10-30 10:34:55,UNH,303.56,1,ASK
2020-10-30 10:34:57,UNH,303.27,1,BID
2020-10-30 10:34:57,UNH,303.51,1,ASK
2020-10-30 10:35:00,UNH,303.05,2,BID
2020-10-30 10:35:00,UNH,303.49,3,ASK
2020-10-30 10:35:03,UNH,303.05,1,BID
2020-10-30 10:35:02,UNH,303.46,4,ASK
2020-10-30 10:35:04,UNH,302.83,3,BID
2020-10-30 10:35:04,UNH,303.26,3,ASK
2020-10-30 10:35:05,UNH,302.83,3,BID
2020-10-30 10:35:05,UNH,303.25,3,ASK
2020-10-30 10:35:05,UNH,302.83,3,BID
2020-10-30 10:35:05,UNH,303.25,3,ASK
2020-10-30 10:35:05,UNH,302.83,3,BID
2020-10-30 10:35:05,UNH,303.25,3,ASK
2020-10-30 10:35:05,UNH,302.83,3,BID
2020-10-30 10:35:05,UNH,303.14,1,ASK
2020-10-30 10:35:05,UNH,302.83,2,BID
2020-10-30 10:35:05,UNH,303.14,1,ASK
2020-10-30 10:35:05,UNH,302.83,2,BID
2020-10-30 10:35:05,UNH,303.14,1,ASK
2020-10-30 10:35:05,UNH,302.83,2,BID
2020-10-30 10:35:05,UNH,303.14,1,ASK
2020-10-30 10:35:05,UNH,302.83,2,BID
2020-10-30 10:35:05,UNH,303.14,1,ASK
2020-10-30 10:35:05,UNH,302.83,2,BID
2020-10-30 10:35:05,UNH,303.14,1,ASK
2020-10-30 10:35:05,UNH,302.83,2,BID
2020-10-30 10:35:05,UNH,303.14,1,ASK
2020-10-30 10:35:05,UNH,302.83,2,BID
2020-10-30 10:35:05,UNH,303.14,1,ASK
2020-10-30 10:35:05,UNH,302.83,2,BID
2020-10-30 10:35:05,UNH,303.14,1,ASK
2020-10-30 10:35:05,UNH,302.83,2,BID
2020-10-30 10:35:05,UNH,303.14,1,ASK
2020-10-30 10:35:05,UNH,302.83,2,BID
2020-10-30 10:35:05,UNH,303.24,1,ASK
2020-10-30 10:35:08,UNH,302.79,1,BID
2020-10-30 10:35:08,UNH,303.2,1,ASK
2020-10-30 10:35:08,UNH,302.85,1,BID
2020-10-30 10:35:08,UNH,303.19,1,ASK
2020-10-30 10:35:08,UNH,302.85,1,BID
2020-10-30 10:35:08,UNH,303.19,1,ASK
2020-10-30 10:35:08,UNH,302.85,1,BID
2020-10-30 10:35:08,UNH,303.19,1,ASK
2020-10-30 10:35:08,UNH,302.85,1,BID
2020-10-30 10:35:08,UNH,303.19,1,ASK
2020-10-30 10:35:09,UNH,302.85,1,BID
2020-10-30 10:35:09,UNH,303.18,1,ASK
2020-10-30 10:35:11,UNH,302.85,1,BID
2020-10-30 10:35:11,UNH,303.15,1,ASK
2020-10-30 10:35:13,UNH,302.85,1,BID
2020-10-30 10:35:13,UNH,303.12,2,ASK
2020-10-30 10:35:15,UNH,302.99,1,BID
2020-10-30 10:35:00,UNH,303.49,3,ASK
2020-10-30 10:35:19,UNH,302.91,2,BID
2020-10-30 10:35:19,UNH,303.43,2,ASK
2020-10-30 10:35:19,UNH,302.91,2,BID
2020-10-30 10:35:19,UNH,303.43,2,ASK
2020-10-30 10:35:19,UNH,302.91,2,BID
2020-10-30 10:35:19,UNH,303.43,2,ASK
2020-10-30 10:35:19,UNH,302.91,2,BID
2020-10-30 10:35:19,UNH,303.43,2,ASK
2020-10-30 10:35:19,UNH,302.91,2,BID
2020-10-30 10:35:19,UNH,303.43,2,ASK
2020-10-30 10:35:19,UNH,302.91,2,BID
2020-10-30 10:35:19,UNH,303.43,2,ASK
2020-10-30 10:35:21,UNH,302.68,6,BID
2020-10-30 10:35:21,UNH,303.42,5,ASK
2020-10-30 10:35:21,UNH,302.68,7,BID
2020-10-30 10:35:21,UNH,303.41,4,ASK
2020-10-30 10:35:22,UNH,302.68,7,BID
2020-10-30 10:35:22,UNH,303.41,4,ASK
2020-10-30 10:35:22,UNH,302.8,1,BID
2020-10-30 10:35:22,UNH,303.41,4,ASK
2020-10-30 10:35:23,UNH,302.8,2,BID
2020-10-30 10:35:23,UNH,303.39,2,ASK
2020-10-30 10:35:24,UNH,302.8,2,BID
2020-10-30 10:35:24,UNH,303.37,2,ASK
2020-10-30 10:35:24,UNH,302.8,2,BID
2020-10-30 10:35:24,UNH,303.37,2,ASK
2020-10-30 10:35:24,UNH,302.8,2,BID
2020-10-30 10:35:24,UNH,303.37,2,ASK
2020-10-30 10:35:25,UNH,302.8,2,BID
2020-10-30 10:35:25,UNH,303.37,3,ASK
2020-10-30 10:35:26,UNH,302.8,2,BID
2020-10-30 10:35:26,UNH,303.36,3,ASK
2020-10-30 10:35:27,UNH,302.8,2,BID
2020-10-30 10:35:27,UNH,303.36,3,ASK
2020-10-30 10:35:27,UNH,302.8,2,BID
2020-10-30 10:35:27,UNH,303.36,3,ASK
2020-10-30 10:35:29,UNH,302.8,2,BID
2020-10-30 10:35:29,UNH,303.36,3,ASK
2020-10-30 10:35:29,UNH,302.8,2,BID
2020-10-30 10:35:29,UNH,303.36,3,ASK
2020-10-30 10:35:30,UNH,302.8,2,BID
2020-10-30 10:35:30,UNH,303.35,4,ASK
2020-10-30 10:35:30,UNH,302.75,1,BID
2020-10-30 10:35:30,UNH,303.1,1,ASK
2020-10-30 10:35:31,UNH,302.75,1,BID
2020-10-30 10:35:31,UNH,303.1,2,ASK
2020-10-30 10:35:32,UNH,302.75,1,BID
2020-10-30 10:35:32,UNH,303.1,3,ASK
2020-10-30 10:35:32,UNH,302.75,1,BID
2020-10-30 10:35:32,UNH,303.1,3,ASK
2020-10-30 10:35:32,UNH,302.75,1,BID
2020-10-30 10:35:32,UNH,303.1,3,ASK
2020-10-30 10:35:32,UNH,302.75,1,BID
2020-10-30 10:35:32,UNH,303.1,3,ASK
2020-10-30 10:35:34,UNH,302.75,1,BID
2020-10-30 10:35:34,UNH,303.1,2,ASK
2020-10-30 10:35:35,UNH,302.75,1,BID
2020-10-30 10:35:35,UNH,303.11,4,ASK
2020-10-30 10:35:37,UNH,302.75,3,BID
2020-10-30 10:35:37,UNH,303.11,5,ASK
2020-10-30 10:35:37,UNH,302.75,3,BID
2020-10-30 10:35:37,UNH,303.11,5,ASK
2020-10-30 10:35:37,UNH,302.75,3,BID
2020-10-30 10:35:37,UNH,303.11,5,ASK
2020-10-30 10:35:41,UNH,302.75,3,BID
2020-10-30 10:35:41,UNH,303.1,1,ASK
2020-10-30 10:35:42,UNH,302.83,1,BID
2020-10-30 10:35:42,UNH,303.1,1,ASK
2020-10-30 10:35:42,UNH,302.83,1,BID
2020-10-30 10:35:42,UNH,303.1,1,ASK
2020-10-30 10:35:42,UNH,302.83,1,BID
2020-10-30 10:35:42,UNH,303.1,1,ASK
2020-10-30 10:35:44,UNH,302.98,4,BID
2020-10-30 10:35:44,UNH,303.46,1,ASK
2020-10-30 10:35:44,UNH,302.98,4,BID
2020-10-30 10:35:44,UNH,303.46,1,ASK
2020-10-30 10:35:45,UNH,302.98,4,BID
2020-10-30 10:35:45,UNH,303.46,2,ASK
2020-10-30 10:35:45,UNH,302.98,4,BID
2020-10-30 10:35:45,UNH,303.46,2,ASK
2020-10-30 10:35:44,UNH,302.98,4,BID
2020-10-30 10:35:44,UNH,303.46,2,ASK
2020-10-30 10:35:44,UNH,302.98,4,BID
2020-10-30 10:35:44,UNH,303.46,2,ASK
2020-10-30 10:35:44,UNH,302.98,4,BID
2020-10-30 10:35:44,UNH,303.46,2,ASK
2020-10-30 10:35:44,UNH,302.98,4,BID
2020-10-30 10:35:49,UNH,303.45,2,ASK
2020-10-30 10:35:50,UNH,303.05,1,BID
2020-10-30 10:35:50,UNH,303.45,4,ASK
2020-10-30 10:35:51,UNH,303.05,3,BID
2020-10-30 10:35:51,UNH,303.45,4,ASK
2020-10-30 10:35:51,UNH,303.05,3,BID
2020-10-30 10:35:51,UNH,303.45,4,ASK
2020-10-30 10:35:53,UNH,303.05,1,BID
2020-10-30 10:35:53,UNH,303.44,3,ASK
2020-10-30 10:35:55,UNH,303.05,1,BID
2020-10-30 10:35:55,UNH,303.44,7,ASK
2020-10-30 10:35:55,UNH,303.05,1,BID
2020-10-30 10:35:55,UNH,303.44,7,ASK
2020-10-30 10:35:56,UNH,303.06,2,BID
2020-10-30 10:35:56,UNH,303.44,7,ASK
2020-10-30 10:35:57,UNH,303.07,1,BID
2020-10-30 10:35:57,UNH,303.44,7,ASK
2020-10-30 10:35:57,UNH,303.07,1,BID
2020-10-30 10:35:57,UNH,303.44,7,ASK
2020-10-30 10:35:57,UNH,303.07,1,BID
2020-10-30 10:35:57,UNH,303.44,7,ASK
2020-10-30 10:35:57,UNH,303.07,1,BID
2020-10-30 10:35:57,UNH,303.44,7,ASK
2020-10-30 10:35:57,UNH,303.07,1,BID
2020-10-30 10:35:57,UNH,303.44,7,ASK
2020-10-30 10:35:58,UNH,303.08,2,BID
2020-10-30 10:35:57,UNH,303.44,8,ASK
2020-10-30 10:36:01,UNH,302.89,3,BID
2020-10-30 10:36:01,UNH,303.24,1,ASK
2020-10-30 10:36:02,UNH,302.86,2,BID
2020-10-30 10:36:02,UNH,303.22,1,ASK
2020-10-30 10:36:02,UNH,302.86,2,BID
2020-10-30 10:36:02,UNH,303.21,1,ASK
2020-10-30 10:36:04,UNH,302.9,1,BID
2020-10-30 10:36:04,UNH,303.2,2,ASK
2020-10-30 10:36:05,UNH,302.9,1,BID
2020-10-30 10:36:05,UNH,303.19,2,ASK
2020-10-30 10:36:05,UNH,302.91,2,BID
2020-10-30 10:36:05,UNH,303.18,1,ASK
2020-10-30 10:36:06,UNH,302.91,2,BID
2020-10-30 10:36:06,UNH,303.17,1,ASK
2020-10-30 10:36:07,UNH,302.91,2,BID
2020-10-30 10:36:07,UNH,303.18,1,ASK
2020-10-30 10:36:09,UNH,302.91,2,BID
2020-10-30 10:36:09,UNH,303.17,1,ASK
2020-10-30 10:36:09,UNH,302.91,4,BID
2020-10-30 10:36:10,UNH,303.17,2,ASK
2020-10-30 10:36:09,UNH,302.91,4,BID
2020-10-30 10:36:10,UNH,303.17,2,ASK
2020-10-30 10:36:09,UNH,302.91,4,BID
2020-10-30 10:36:10,UNH,303.17,2,ASK
2020-10-30 10:36:14,UNH,302.91,3,BID
2020-10-30 10:36:14,UNH,303.17,2,ASK
2020-10-30 10:36:14,UNH,302.91,4,BID
2020-10-30 10:36:14,UNH,303.17,2,ASK
2020-10-30 10:36:15,UNH,302.92,1,BID
2020-10-30 10:36:15,UNH,303.17,2,ASK
2020-10-30 10:36:15,UNH,302.91,4,BID
2020-10-30 10:36:15,UNH,303.17,2,ASK
2020-10-30 10:36:15,UNH,302.91,4,BID
2020-10-30 10:36:15,UNH,303.17,2,ASK
2020-10-30 10:36:15,UNH,302.91,4,BID
2020-10-30 10:36:15,UNH,303.17,2,ASK
2020-10-30 10:36:18,UNH,302.91,3,BID
2020-10-30 10:36:18,UNH,303.1,6,ASK
2020-10-30 10:36:20,UNH,302.91,3,BID
2020-10-30 10:36:20,UNH,303.1,7,ASK
2020-10-30 10:36:21,UNH,302.7,5,BID
2020-10-30 10:36:20,UNH,303.04,7,ASK
2020-10-30 10:36:21,UNH,302.73,3,BID
2020-10-30 10:36:21,UNH,303.02,1,ASK
2020-10-30 10:36:21,UNH,302.73,3,BID
2020-10-30 10:36:21,UNH,303.02,1,ASK
2020-10-30 10:36:21,UNH,302.73,3,BID
2020-10-30 10:36:21,UNH,303.02,1,ASK
2020-10-30 10:36:23,UNH,302.65,2,BID
2020-10-30 10:36:23,UNH,303.01,1,ASK
2020-10-30 10:36:23,UNH,302.65,2,BID
2020-10-30 10:36:23,UNH,303.01,1,ASK
2020-10-30 10:36:24,UNH,302.75,2,BID
2020-10-30 10:36:24,UNH,303.2,3,ASK
2020-10-30 10:36:25,UNH,302.87,5,BID
2020-10-30 10:36:24,UNH,303.2,4,ASK
2020-10-30 10:36:27,UNH,302.87,5,BID
2020-10-30 10:36:26,UNH,303.2,5,ASK
2020-10-30 10:36:27,UNH,302.87,5,BID
2020-10-30 10:36:26,UNH,303.2,5,ASK
2020-10-30 10:36:27,UNH,302.87,5,BID
2020-10-30 10:36:26,UNH,303.2,5,ASK
2020-10-30 10:36:28,UNH,302.87,5,BID
2020-10-30 10:36:26,UNH,303.2,5,ASK
2020-10-30 10:36:30,UNH,302.87,5,BID
2020-10-30 10:36:26,UNH,303.2,5,ASK
2020-10-30 10:36:31,UNH,302.87,5,BID
2020-10-30 10:36:31,UNH,303.23,1,ASK
2020-10-30 10:36:31,UNH,302.87,5,BID
2020-10-30 10:36:31,UNH,303.2,2,ASK
2020-10-30 10:36:31,UNH,302.87,5,BID
2020-10-30 10:36:31,UNH,303.2,2,ASK
2020-10-30 10:36:31,UNH,302.87,5,BID
2020-10-30 10:36:31,UNH,303.2,2,ASK
2020-10-30 10:36:31,UNH,302.87,5,BID
2020-10-30 10:36:31,UNH,303.2,2,ASK
2020-10-30 10:36:34,UNH,302.87,5,BID
2020-10-30 10:36:34,UNH,303.2,4,ASK
2020-10-30 10:36:34,UNH,302.87,5,BID
2020-10-30 10:36:34,UNH,303.2,4,ASK
2020-10-30 10:36:37,UNH,302.87,5,BID
2020-10-30 10:36:37,UNH,303.19,5,ASK
2020-10-30 10:36:38,UNH,302.87,5,BID
2020-10-30 10:36:37,UNH,303.19,5,ASK
2020-10-30 10:36:39,UNH,302.72,3,BID
2020-10-30 10:36:39,UNH,303.13,2,ASK
2020-10-30 10:36:39,UNH,302.72,2,BID
2020-10-30 10:36:39,UNH,302.93,1,ASK
2020-10-30 10:36:41,UNH,302.68,1,BID
2020-10-30 10:36:41,UNH,302.93,1,ASK
2020-10-30 10:36:42,UNH,302.65,1,BID
2020-10-30 10:36:42,UNH,302.93,2,ASK
2020-10-30 10:36:44,UNH,302.65,1,BID
2020-10-30 10:36:44,UNH,302.93,4,ASK
2020-10-30 10:36:44,UNH,302.65,1,BID
2020-10-30 10:36:44,UNH,302.92,1,ASK
2020-10-30 10:36:45,UNH,302.52,1,BID
2020-10-30 10:36:45,UNH,302.92,3,ASK
2020-10-30 10:36:46,UNH,302.52,2,BID
2020-10-30 10:36:46,UNH,302.83,1,ASK
2020-10-30 10:36:46,UNH,302.52,2,BID
2020-10-30 10:36:46,UNH,302.83,1,ASK
2020-10-30 10:36:46,UNH,302.52,2,BID
2020-10-30 10:36:46,UNH,302.83,1,ASK
2020-10-30 10:36:46,UNH,302.52,2,BID
2020-10-30 10:36:46,UNH,302.83,1,ASK
2020-10-30 10:36:48,UNH,302.47,2,BID
2020-10-30 10:36:48,UNH,302.68,1,ASK
2020-10-30 10:36:49,UNH,302.47,2,BID
2020-10-30 10:36:49,UNH,302.68,2,ASK
2020-10-30 10:36:49,UNH,302.47,2,BID
2020-10-30 10:36:49,UNH,302.68,2,ASK
2020-10-30 10:36:51,UNH,302.51,3,BID
2020-10-30 10:36:51,UNH,302.92,5,ASK
2020-10-30 10:36:51,UNH,302.51,3,BID
2020-10-30 10:36:52,UNH,302.92,8,ASK
2020-10-30 10:36:51,UNH,302.51,3,BID
2020-10-30 10:36:52,UNH,302.92,8,ASK
2020-10-30 10:36:51,UNH,302.51,3,BID
2020-10-30 10:36:52,UNH,302.92,8,ASK
2020-10-30 10:36:51,UNH,302.51,3,BID
2020-10-30 10:36:52,UNH,302.92,8,ASK
2020-10-30 10:36:51,UNH,302.51,3,BID
2020-10-30 10:36:55,UNH,302.91,3,ASK
2020-10-30 10:36:51,UNH,302.51,3,BID
2020-10-30 10:36:55,UNH,302.91,3,ASK
2020-10-30 10:36:51,UNH,302.51,3,BID
2020-10-30 10:36:55,UNH,302.91,3,ASK
2020-10-30 10:36:56,UNH,302.51,3,BID
2020-10-30 10:36:56,UNH,302.91,3,ASK
2020-10-30 10:36:57,UNH,302.51,3,BID
2020-10-30 10:36:57,UNH,302.88,3,ASK
2020-10-30 10:36:59,UNH,302.54,3,BID
2020-10-30 10:36:59,UNH,302.87,5,ASK
2020-10-30 10:37:00,UNH,302.6,2,BID
2020-10-30 10:37:00,UNH,302.92,3,ASK
2020-10-30 10:37:00,UNH,302.6,2,BID
2020-10-30 10:37:01,UNH,302.92,3,ASK
2020-10-30 10:37:01,UNH,302.65,1,BID
2020-10-30 10:37:01,UNH,302.92,3,ASK
2020-10-30 10:37:01,UNH,302.65,1,BID
2020-10-30 10:37:01,UNH,302.92,3,ASK
2020-10-30 10:37:01,UNH,302.65,1,BID
2020-10-30 10:37:01,UNH,302.92,3,ASK
2020-10-30 10:37:00,UNH,302.6,2,BID
2020-10-30 10:37:04,UNH,302.92,3,ASK
2020-10-30 10:37:00,UNH,302.6,2,BID
2020-10-30 10:37:04,UNH,302.92,3,ASK
2020-10-30 10:37:06,UNH,302.64,1,BID
2020-10-30 10:37:06,UNH,302.92,3,ASK
2020-10-30 10:37:00,UNH,302.6,2,BID
2020-10-30 10:37:06,UNH,302.92,3,ASK
2020-10-30 10:37:00,UNH,302.6,2,BID
2020-10-30 10:37:06,UNH,302.92,3,ASK
2020-10-30 10:37:08,UNH,302.64,1,BID
2020-10-30 10:37:08,UNH,302.92,3,ASK
2020-10-30 10:37:00,UNH,302.6,2,BID
2020-10-30 10:37:09,UNH,302.92,3,ASK
2020-10-30 10:37:00,UNH,302.6,2,BID
2020-10-30 10:37:10,UNH,302.92,3,ASK
2020-10-30 10:37:00,UNH,302.6,2,BID
2020-10-30 10:37:11,UNH,302.92,3,ASK
2020-10-30 10:37:00,UNH,302.6,2,BID
2020-10-30 10:37:12,UNH,302.92,3,ASK
2020-10-30 10:37:13,UNH,302.61,1,BID
2020-10-30 10:37:13,UNH,302.92,3,ASK
2020-10-30 10:37:14,UNH,302.62,1,BID
2020-10-30 10:37:14,UNH,302.92,3,ASK
2020-10-30 10:37:15,UNH,302.62,2,BID
2020-10-30 10:37:15,UNH,302.92,3,ASK
2020-10-30 10:37:15,UNH,302.62,2,BID
2020-10-30 10:37:15,UNH,302.92,3,ASK
2020-10-30 10:37:16,UNH,302.65,1,BID
2020-10-30 10:37:16,UNH,302.92,3,ASK
2020-10-30 10:37:16,UNH,302.65,1,BID
2020-10-30 10:37:16,UNH,302.92,3,ASK
2020-10-30 10:37:16,UNH,302.65,1,BID
2020-10-30 10:37:16,UNH,302.92,3,ASK
2020-10-30 10:37:16,UNH,302.65,1,BID
2020-10-30 10:37:16,UNH,302.92,3,ASK
2020-10-30 10:37:16,UNH,302.65,1,BID
2020-10-30 10:37:16,UNH,302.92,3,ASK
2020-10-30 10:37:21,UNH,302.65,2,BID
2020-10-30 10:37:21,UNH,302.92,3,ASK
2020-10-30 10:37:21,UNH,302.65,2,BID
2020-10-30 10:37:21,UNH,302.92,3,ASK
2020-10-30 10:37:23,UNH,302.65,3,BID
2020-10-30 10:37:23,UNH,302.92,2,ASK
2020-10-30 10:37:23,UNH,302.8,3,BID
2020-10-30 10:37:23,UNH,303.1,1,ASK
2020-10-30 10:37:24,UNH,302.81,5,BID
2020-10-30 10:37:25,UNH,303.12,1,ASK
2020-10-30 10:37:25,UNH,302.79,1,BID
2020-10-30 10:37:25,UNH,303.07,2,ASK
2020-10-30 10:37:26,UNH,302.79,2,BID
2020-10-30 10:37:26,UNH,303.07,4,ASK
2020-10-30 10:37:26,UNH,302.82,1,BID
2020-10-30 10:37:26,UNH,303.07,4,ASK
2020-10-30 10:37:26,UNH,302.82,1,BID
2020-10-30 10:37:26,UNH,303.07,4,ASK
2020-10-30 10:37:30,UNH,302.82,1,BID
2020-10-30 10:37:30,UNH,303.07,4,ASK
2020-10-30 10:37:30,UNH,302.85,1,BID
2020-10-30 10:37:30,UNH,303.07,4,ASK
2020-10-30 10:37:30,UNH,302.85,1,BID
2020-10-30 10:37:25,UNH,303.07,4,ASK
2020-10-30 10:37:30,UNH,302.85,1,BID
2020-10-30 10:37:25,UNH,303.07,4,ASK
2020-10-30 10:37:30,UNH,302.85,1,BID
2020-10-30 10:37:25,UNH,303.07,4,ASK
2020-10-30 10:37:33,UNH,302.93,1,BID
2020-10-30 10:37:25,UNH,303.07,4,ASK
2020-10-30 10:37:34,UNH,302.94,4,BID
2020-10-30 10:37:34,UNH,303.16,4,ASK
2020-10-30 10:37:35,UNH,302.98,1,BID
2020-10-30 10:37:35,UNH,303.24,1,ASK
2020-10-30 10:37:35,UNH,303.03,3,BID
2020-10-30 10:37:35,UNH,303.28,4,ASK
2020-10-30 10:37:35,UNH,303.03,3,BID
2020-10-30 10:37:35,UNH,303.28,3,ASK
2020-10-30 10:37:35,UNH,303.03,3,BID
2020-10-30 10:37:35,UNH,303.28,3,ASK
2020-10-30 10:37:35,UNH,303.03,3,BID
2020-10-30 10:37:35,UNH,303.28,3,ASK
2020-10-30 10:37:35,UNH,303.03,3,BID
2020-10-30 10:37:35,UNH,303.28,3,ASK
2020-10-30 10:37:35,UNH,303.03,3,BID
2020-10-30 10:37:35,UNH,303.28,3,ASK
2020-10-30 10:37:35,UNH,303.03,3,BID
2020-10-30 10:37:35,UNH,303.28,3,ASK
2020-10-30 10:37:35,UNH,303.03,3,BID
2020-10-30 10:37:35,UNH,303.28,3,ASK
2020-10-30 10:37:35,UNH,303.03,3,BID
2020-10-30 10:37:35,UNH,303.28,3,ASK
2020-10-30 10:37:35,UNH,303.03,3,BID
2020-10-30 10:37:35,UNH,303.28,3,ASK
2020-10-30 10:37:43,UNH,303.15,2,BID
2020-10-30 10:37:43,UNH,303.39,1,ASK
2020-10-30 10:37:45,UNH,303.23,1,BID
2020-10-30 10:37:45,UNH,303.39,1,ASK
2020-10-30 10:37:45,UNH,303.0,1,BID
2020-10-30 10:37:45,UNH,303.31,1,ASK
2020-10-30 10:37:46,UNH,303.0,2,BID
2020-10-30 10:37:46,UNH,303.36,1,ASK
2020-10-30 10:37:46,UNH,303.0,2,BID
2020-10-30 10:37:46,UNH,303.36,2,ASK
2020-10-30 10:37:46,UNH,303.0,2,BID
2020-10-30 10:37:46,UNH,303.36,2,ASK
2020-10-30 10:37:46,UNH,303.0,2,BID
2020-10-30 10:37:46,UNH,303.36,2,ASK
2020-10-30 10:37:49,UNH,303.0,2,BID
2020-10-30 10:37:49,UNH,303.36,3,ASK
2020-10-30 10:37:49,UNH,303.0,2,BID
2020-10-30 10:37:49,UNH,303.36,3,ASK
2020-10-30 10:37:51,UNH,303.0,2,BID
2020-10-30 10:37:51,UNH,303.36,4,ASK
2020-10-30 10:37:51,UNH,303.0,2,BID
2020-10-30 10:37:51,UNH,303.36,4,ASK
2020-10-30 10:37:51,UNH,303.0,2,BID
2020-10-30 10:37:51,UNH,303.36,4,ASK
2020-10-30 10:37:51,UNH,303.0,2,BID
2020-10-30 10:37:51,UNH,303.36,4,ASK
2020-10-30 10:37:51,UNH,303.0,2,BID
2020-10-30 10:37:51,UNH,303.36,4,ASK
2020-10-30 10:37:51,UNH,303.0,2,BID
2020-10-30 10:37:51,UNH,303.36,4,ASK
2020-10-30 10:37:51,UNH,303.0,2,BID
2020-10-30 10:37:51,UNH,303.36,4,ASK
2020-10-30 10:37:55,UNH,303.0,3,BID
2020-10-30 10:37:51,UNH,303.36,4,ASK
2020-10-30 10:37:55,UNH,303.13,1,BID
2020-10-30 10:37:55,UNH,303.54,1,ASK
2020-10-30 10:37:56,UNH,303.13,1,BID
2020-10-30 10:37:56,UNH,303.55,1,ASK
2020-10-30 10:37:57,UNH,303.13,1,BID
2020-10-30 10:37:57,UNH,303.52,1,ASK
2020-10-30 10:37:58,UNH,303.13,3,BID
2020-10-30 10:37:58,UNH,303.52,2,ASK
2020-10-30 10:38:00,UNH,303.13,3,BID
2020-10-30 10:38:00,UNH,303.52,2,ASK
2020-10-30 10:38:00,UNH,303.13,3,BID
2020-10-30 10:38:00,UNH,303.52,2,ASK
2020-10-30 10:38:01,UNH,303.13,3,BID
2020-10-30 10:38:01,UNH,303.52,3,ASK
2020-10-30 10:38:02,UNH,303.14,2,BID
2020-10-30 10:38:02,UNH,303.52,3,ASK
2020-10-30 10:38:02,UNH,303.14,2,BID
2020-10-30 10:38:02,UNH,303.52,3,ASK
2020-10-30 10:38:02,UNH,303.14,2,BID
2020-10-30 10:38:02,UNH,303.52,3,ASK
2020-10-30 10:38:02,UNH,303.14,2,BID
2020-10-30 10:38:02,UNH,303.52,3,ASK
2020-10-30 10:38:02,UNH,303.14,2,BID
2020-10-30 10:38:02,UNH,303.52,3,ASK
2020-10-30 10:38:06,UNH,303.14,2,BID
2020-10-30 10:38:06,UNH,303.52,3,ASK
2020-10-30 10:38:06,UNH,303.14,2,BID
2020-10-30 10:38:06,UNH,303.52,3,ASK
2020-10-30 10:38:07,UNH,303.14,2,BID
2020-10-30 10:38:07,UNH,303.43,1,ASK
2020-10-30 10:38:08,UNH,303.06,1,BID
2020-10-30 10:38:08,UNH,303.42,1,ASK
2020-10-30 10:38:09,UNH,303.01,1,BID
2020-10-30 10:38:09,UNH,303.4,3,ASK
2020-10-30 10:38:09,UNH,303.0,3,BID
2020-10-30 10:38:11,UNH,303.4,6,ASK
2020-10-30 10:38:09,UNH,303.0,3,BID
2020-10-30 10:38:11,UNH,303.4,6,ASK
2020-10-30 10:38:12,UNH,302.85,2,BID
2020-10-30 10:38:12,UNH,303.33,3,ASK
2020-10-30 10:38:12,UNH,302.85,2,BID
2020-10-30 10:38:12,UNH,303.33,3,ASK
2020-10-30 10:38:14,UNH,302.85,2,BID
2020-10-30 10:38:14,UNH,303.33,3,ASK
2020-10-30 10:38:14,UNH,302.85,2,BID
2020-10-30 10:38:14,UNH,303.33,3,ASK
2020-10-30 10:38:14,UNH,302.85,2,BID
2020-10-30 10:38:14,UNH,303.33,3,ASK
2020-10-30 10:38:14,UNH,302.85,2,BID
2020-10-30 10:38:14,UNH,303.33,3,ASK
2020-10-30 10:38:14,UNH,302.85,2,BID
2020-10-30 10:38:14,UNH,303.33,3,ASK
2020-10-30 10:38:18,UNH,302.85,2,BID
2020-10-30 10:38:18,UNH,303.33,3,ASK
2020-10-30 10:38:19,UNH,302.85,3,BID
2020-10-30 10:38:12,UNH,303.33,3,ASK
2020-10-30 10:38:20,UNH,302.9,1,BID
2020-10-30 10:38:12,UNH,303.33,3,ASK
2020-10-30 10:38:21,UNH,302.95,2,BID
2020-10-30 10:38:21,UNH,303.33,2,ASK
2020-10-30 10:38:21,UNH,302.93,3,BID
2020-10-30 10:38:21,UNH,303.33,2,ASK
2020-10-30 10:38:24,UNH,302.95,5,BID
2020-10-30 10:38:21,UNH,303.33,2,ASK
2020-10-30 10:38:24,UNH,302.95,5,BID
2020-10-30 10:38:21,UNH,303.33,2,ASK
2020-10-30 10:38:26,UNH,302.95,4,BID
2020-10-30 10:38:21,UNH,303.33,2,ASK
2020-10-30 10:38:28,UNH,302.9,3,BID
2020-10-30 10:38:28,UNH,303.33,4,ASK
2020-10-30 10:38:28,UNH,302.87,1,BID
2020-10-30 10:38:28,UNH,303.26,1,ASK
2020-10-30 10:38:31,UNH,302.82,1,BID
2020-10-30 10:38:31,UNH,303.23,1,ASK
2020-10-30 10:38:32,UNH,302.82,3,BID
2020-10-30 10:38:32,UNH,303.23,5,ASK
2020-10-30 10:38:33,UNH,302.84,1,BID
2020-10-30 10:38:33,UNH,303.23,5,ASK
2020-10-30 10:38:33,UNH,302.83,2,BID
2020-10-30 10:38:33,UNH,303.23,5,ASK
2020-10-30 10:38:35,UNH,302.82,3,BID
2020-10-30 10:38:35,UNH,303.23,5,ASK
2020-10-30 10:38:35,UNH,302.82,3,BID
2020-10-30 10:38:36,UNH,303.16,1,ASK
2020-10-30 10:38:35,UNH,302.82,3,BID
2020-10-30 10:38:36,UNH,303.16,3,ASK
2020-10-30 10:38:35,UNH,302.82,3,BID
2020-10-30 10:38:36,UNH,303.16,3,ASK
2020-10-30 10:38:35,UNH,302.82,3,BID
2020-10-30 10:38:36,UNH,303.16,3,ASK
2020-10-30 10:38:38,UNH,302.82,4,BID
2020-10-30 10:38:38,UNH,303.16,3,ASK
2020-10-30 10:38:39,UNH,302.84,1,BID
2020-10-30 10:38:39,UNH,303.16,3,ASK
2020-10-30 10:38:39,UNH,302.84,1,BID
2020-10-30 10:38:39,UNH,303.16,3,ASK
2020-10-30 10:38:41,UNH,302.84,1,BID
2020-10-30 10:38:39,UNH,303.16,3,ASK
2020-10-30 10:38:42,UNH,302.85,2,BID
2020-10-30 10:38:42,UNH,303.16,2,ASK
2020-10-30 10:38:43,UNH,302.86,1,BID
2020-10-30 10:38:43,UNH,303.16,2,ASK
2020-10-30 10:38:43,UNH,302.86,1,BID
2020-10-30 10:38:43,UNH,303.16,2,ASK
2020-10-30 10:38:43,UNH,302.86,1,BID
2020-10-30 10:38:43,UNH,303.16,2,ASK
2020-10-30 10:38:43,UNH,302.86,1,BID
2020-10-30 10:38:43,UNH,303.16,2,ASK
2020-10-30 10:38:50,UNH,302.86,3,BID
2020-10-30 10:38:50,UNH,303.16,2,ASK
2020-10-30 10:38:50,UNH,302.86,3,BID
2020-10-30 10:38:50,UNH,303.16,2,ASK
2020-10-30 10:38:50,UNH,302.86,3,BID
2020-10-30 10:38:50,UNH,303.16,2,ASK
2020-10-30 10:38:50,UNH,302.86,3,BID
2020-10-30 10:38:50,UNH,303.16,2,ASK
2020-10-30 10:38:51,UNH,302.87,3,BID
2020-10-30 10:38:51,UNH,303.16,2,ASK
2020-10-30 10:38:52,UNH,302.94,2,BID
2020-10-30 10:38:52,UNH,303.25,3,ASK
2020-10-30 10:38:53,UNH,302.94,3,BID
2020-10-30 10:38:53,UNH,303.25,3,ASK
2020-10-30 10:38:53,UNH,302.94,3,BID
2020-10-30 10:38:53,UNH,303.25,3,ASK
2020-10-30 10:38:54,UNH,302.96,2,BID
2020-10-30 10:38:54,UNH,303.25,3,ASK
2020-10-30 10:38:55,UNH,302.96,3,BID
2020-10-30 10:38:55,UNH,303.25,3,ASK
2020-10-30 10:38:56,UNH,303.05,1,BID
2020-10-30 10:38:56,UNH,303.25,3,ASK
2020-10-30 10:38:56,UNH,303.05,1,BID
2020-10-30 10:38:56,UNH,303.25,3,ASK
2020-10-30 10:38:56,UNH,303.05,1,BID
2020-10-30 10:38:56,UNH,303.25,3,ASK
2020-10-30 10:39:00,UNH,303.05,1,BID
2020-10-30 10:39:00,UNH,303.25,3,ASK
2020-10-30 10:39:00,UNH,303.05,2,BID
2020-10-30 10:39:00,UNH,303.25,3,ASK
2020-10-30 10:39:02,UNH,303.11,1,BID
2020-10-30 10:39:02,UNH,303.34,1,ASK
2020-10-30 10:39:02,UNH,303.06,5,BID
2020-10-30 10:39:02,UNH,303.34,1,ASK
2020-10-30 10:39:03,UNH,303.08,1,BID
2020-10-30 10:39:03,UNH,303.4,1,ASK
2020-10-30 10:39:04,UNH,303.08,2,BID
2020-10-30 10:39:04,UNH,303.4,1,ASK
2020-10-30 10:39:04,UNH,303.08,2,BID
2020-10-30 10:39:04,UNH,303.4,1,ASK
2020-10-30 10:39:04,UNH,303.08,3,BID
2020-10-30 10:39:05,UNH,303.4,1,ASK
2020-10-30 10:39:04,UNH,303.08,3,BID
2020-10-30 10:39:05,UNH,303.4,1,ASK
2020-10-30 10:39:04,UNH,303.08,2,BID
2020-10-30 10:39:08,UNH,303.39,2,ASK
2020-10-30 10:39:09,UNH,303.08,2,BID
2020-10-30 10:39:09,UNH,303.39,5,ASK
2020-10-30 10:39:10,UNH,303.01,2,BID
2020-10-30 10:39:10,UNH,303.39,7,ASK
2020-10-30 10:39:10,UNH,303.01,2,BID
2020-10-30 10:39:10,UNH,303.39,7,ASK
2020-10-30 10:39:10,UNH,302.96,2,BID
2020-10-30 10:39:10,UNH,303.24,1,ASK
2020-10-30 10:39:10,UNH,302.96,3,BID
2020-10-30 10:39:12,UNH,303.36,2,ASK
2020-10-30 10:39:12,UNH,302.96,3,BID
2020-10-30 10:39:12,UNH,303.36,3,ASK
2020-10-30 10:39:12,UNH,302.96,3,BID
2020-10-30 10:39:13,UNH,303.36,6,ASK
2020-10-30 10:39:15,UNH,303.03,1,BID
2020-10-30 10:39:15,UNH,303.35,4,ASK
2020-10-30 10:39:15,UNH,303.04,2,BID
2020-10-30 10:39:15,UNH,303.35,4,ASK
2020-10-30 10:39:20,UNH,303.11,1,BID
2020-10-30 10:39:18,UNH,303.35,7,ASK
2020-10-30 10:39:22,UNH,303.1,2,BID
2020-10-30 10:39:18,UNH,303.35,7,ASK
2020-10-30 10:39:24,UNH,303.11,1,BID
2020-10-30 10:39:18,UNH,303.35,7,ASK
2020-10-30 10:39:25,UNH,303.11,2,BID
2020-10-30 10:39:18,UNH,303.35,7,ASK
2020-10-30 10:39:25,UNH,303.11,2,BID
2020-10-30 10:39:18,UNH,303.35,7,ASK
2020-10-30 10:39:25,UNH,303.11,2,BID
2020-10-30 10:39:18,UNH,303.35,7,ASK
2020-10-30 10:39:29,UNH,303.12,1,BID
2020-10-30 10:39:18,UNH,303.35,7,ASK
2020-10-30 10:39:30,UNH,303.1,2,BID
2020-10-30 10:39:18,UNH,303.35,7,ASK
2020-10-30 10:39:31,UNH,303.1,4,BID
2020-10-30 10:39:18,UNH,303.35,7,ASK
2020-10-30 10:39:31,UNH,303.1,4,BID
2020-10-30 10:39:18,UNH,303.35,7,ASK
2020-10-30 10:39:31,UNH,303.1,4,BID
2020-10-30 10:39:18,UNH,303.35,7,ASK
2020-10-30 10:39:31,UNH,303.1,4,BID
2020-10-30 10:39:18,UNH,303.35,7,ASK
2020-10-30 10:39:12,UNH,302.96,6,BID
2020-10-30 10:39:35,UNH,303.36,2,ASK
2020-10-30 10:39:12,UNH,302.96,6,BID
2020-10-30 10:39:37,UNH,303.36,2,ASK
2020-10-30 10:39:12,UNH,302.96,6,BID
2020-10-30 10:39:37,UNH,303.36,2,ASK
2020-10-30 10:39:12,UNH,302.96,6,BID
2020-10-30 10:39:37,UNH,303.36,2,ASK
2020-10-30 10:39:41,UNH,302.99,2,BID
2020-10-30 10:39:41,UNH,303.36,3,ASK
2020-10-30 10:39:41,UNH,302.99,2,BID
2020-10-30 10:39:41,UNH,303.36,3,ASK
2020-10-30 10:39:41,UNH,302.99,2,BID
2020-10-30 10:39:41,UNH,303.36,3,ASK
2020-10-30 10:39:46,UNH,302.99,2,BID
2020-10-30 10:39:46,UNH,303.36,3,ASK
2020-10-30 10:39:46,UNH,302.99,2,BID
2020-10-30 10:39:46,UNH,303.36,3,ASK
2020-10-30 10:39:46,UNH,302.99,5,BID
2020-10-30 10:39:46,UNH,303.36,2,ASK
2020-10-30 10:39:46,UNH,302.99,5,BID
2020-10-30 10:39:46,UNH,303.36,2,ASK
2020-10-30 10:39:12,UNH,302.96,6,BID
2020-10-30 10:39:47,UNH,303.35,2,ASK
2020-10-30 10:39:12,UNH,302.96,6,BID
2020-10-30 10:39:47,UNH,303.35,3,ASK
2020-10-30 10:39:12,UNH,302.96,6,BID
2020-10-30 10:39:49,UNH,303.35,5,ASK
2020-10-30 10:39:12,UNH,302.96,5,BID
2020-10-30 10:39:50,UNH,303.35,5,ASK
2020-10-30 10:39:53,UNH,302.99,3,BID
2020-10-30 10:39:53,UNH,303.35,6,ASK
2020-10-30 10:39:54,UNH,303.0,2,BID
2020-10-30 10:39:54,UNH,303.35,6,ASK
2020-10-30 10:39:54,UNH,303.0,2,BID
2020-10-30 10:39:54,UNH,303.35,6,ASK
2020-10-30 10:39:57,UNH,303.0,2,BID
2020-10-30 10:39:57,UNH,303.34,2,ASK
2020-10-30 10:39:57,UNH,303.0,2,BID
2020-10-30 10:39:57,UNH,303.34,2,ASK
2020-10-30 10:39:57,UNH,303.0,2,BID
2020-10-30 10:39:57,UNH,303.34,2,ASK
2020-10-30 10:39:57,UNH,303.0,2,BID
2020-10-30 10:39:57,UNH,303.34,2,ASK
2020-10-30 10:39:57,UNH,303.0,2,BID
2020-10-30 10:39:57,UNH,303.34,2,ASK
2020-10-30 10:39:57,UNH,303.0,2,BID
2020-10-30 10:39:57,UNH,303.34,2,ASK
2020-10-30 10:39:57,UNH,303.0,2,BID
2020-10-30 10:39:57,UNH,303.34,2,ASK
2020-10-30 10:39:57,UNH,303.0,2,BID
2020-10-30 10:39:57,UNH,303.34,2,ASK
2020-10-30 10:39:57,UNH,303.0,2,BID
2020-10-30 10:39:57,UNH,303.34,2,ASK
2020-10-30 10:39:57,UNH,303.0,2,BID
2020-10-30 10:39:57,UNH,303.34,2,ASK
2020-10-30 10:39:57,UNH,303.0,2,BID
2020-10-30 10:39:57,UNH,303.34,2,ASK
2020-10-30 10:39:57,UNH,303.0,2,BID
2020-10-30 10:39:57,UNH,303.34,2,ASK
2020-10-30 10:39:57,UNH,303.0,2,BID
2020-10-30 10:40:02,UNH,303.33,5,ASK
2020-10-30 10:40:03,UNH,302.8,1,BID
2020-10-30 10:40:03,UNH,303.14,1,ASK
2020-10-30 10:40:03,UNH,302.66,1,BID
2020-10-30 10:40:03,UNH,303.11,3,ASK
2020-10-30 10:40:04,UNH,302.72,1,BID
2020-10-30 10:40:04,UNH,303.1,2,ASK
2020-10-30 10:40:07,UNH,302.62,1,BID
2020-10-30 10:40:07,UNH,302.93,2,ASK
2020-10-30 10:40:08,UNH,302.65,1,BID
2020-10-30 10:40:07,UNH,302.93,4,ASK
2020-10-30 10:40:09,UNH,302.67,1,BID
2020-10-30 10:40:09,UNH,302.91,4,ASK
2020-10-30 10:40:09,UNH,302.67,1,BID
2020-10-30 10:40:09,UNH,302.91,3,ASK
2020-10-30 10:40:10,UNH,302.67,3,BID
2020-10-30 10:40:10,UNH,302.94,2,ASK
2020-10-30 10:40:10,UNH,302.67,3,BID
2020-10-30 10:40:10,UNH,302.94,2,ASK
2020-10-30 10:40:10,UNH,302.67,3,BID
2020-10-30 10:40:10,UNH,302.94,2,ASK
2020-10-30 10:40:13,UNH,302.67,4,BID
2020-10-30 10:40:13,UNH,302.94,3,ASK
2020-10-30 10:40:13,UNH,302.5,1,BID
2020-10-30 10:40:13,UNH,302.81,2,ASK
2020-10-30 10:40:13,UNH,302.47,2,BID
2020-10-30 10:40:13,UNH,302.81,2,ASK
2020-10-30 10:40:13,UNH,302.47,2,BID
2020-10-30 10:40:13,UNH,302.81,2,ASK
2020-10-30 10:40:13,UNH,302.47,2,BID
2020-10-30 10:40:13,UNH,302.81,2,ASK
2020-10-30 10:40:13,UNH,302.47,2,BID
2020-10-30 10:40:13,UNH,302.81,2,ASK
2020-10-30 10:40:13,UNH,302.47,2,BID
2020-10-30 10:40:13,UNH,302.81,2,ASK
2020-10-30 10:40:13,UNH,302.47,2,BID
2020-10-30 10:40:13,UNH,302.81,2,ASK
2020-10-30 10:40:13,UNH,302.47,2,BID
2020-10-30 10:40:13,UNH,302.81,2,ASK
2020-10-30 10:40:18,UNH,302.47,2,BID
2020-10-30 10:40:18,UNH,302.8,1,ASK
2020-10-30 10:40:18,UNH,302.47,2,BID
2020-10-30 10:40:18,UNH,302.81,2,ASK
2020-10-30 10:40:18,UNH,302.47,2,BID
2020-10-30 10:40:18,UNH,302.81,2,ASK
2020-10-30 10:40:19,UNH,302.47,2,BID
2020-10-30 10:40:19,UNH,302.81,2,ASK
2020-10-30 10:40:19,UNH,302.47,2,BID
2020-10-30 10:40:19,UNH,302.81,2,ASK
2020-10-30 10:40:27,UNH,302.5,1,BID
2020-10-30 10:40:27,UNH,302.81,6,ASK
2020-10-30 10:40:26,UNH,302.47,4,BID
2020-10-30 10:40:27,UNH,302.81,6,ASK
2020-10-30 10:40:26,UNH,302.47,4,BID
2020-10-30 10:40:27,UNH,302.81,8,ASK
2020-10-30 10:40:26,UNH,302.47,3,BID
2020-10-30 10:40:32,UNH,302.8,2,ASK
2020-10-30 10:40:32,UNH,302.46,1,BID
2020-10-30 10:40:32,UNH,302.62,4,ASK
2020-10-30 10:40:33,UNH,302.62,1,BID
2020-10-30 10:40:33,UNH,302.74,2,ASK
2020-10-30 10:40:34,UNH,302.42,2,BID
2020-10-30 10:40:34,UNH,302.73,2,ASK
2020-10-30 10:40:35,UNH,302.37,1,BID
2020-10-30 10:40:35,UNH,302.73,9,ASK
2020-10-30 10:40:36,UNH,302.45,1,BID
2020-10-30 10:40:36,UNH,302.72,3,ASK
2020-10-30 10:40:37,UNH,302.45,1,BID
2020-10-30 10:40:36,UNH,302.72,3,ASK
2020-10-30 10:40:38,UNH,302.47,2,BID
2020-10-30 10:40:38,UNH,302.74,3,ASK
2020-10-30 10:40:39,UNH,302.47,2,BID
2020-10-30 10:40:39,UNH,302.74,3,ASK
2020-10-30 10:40:39,UNH,302.47,2,BID
2020-10-30 10:40:39,UNH,302.74,3,ASK
2020-10-30 10:40:39,UNH,302.47,2,BID
2020-10-30 10:40:39,UNH,302.74,3,ASK
2020-10-30 10:40:43,UNH,302.5,1,BID
2020-10-30 10:40:43,UNH,302.74,3,ASK
2020-10-30 10:40:45,UNH,302.51,2,BID
2020-10-30 10:40:45,UNH,302.74,3,ASK
2020-10-30 10:40:45,UNH,302.51,2,BID
2020-10-30 10:40:45,UNH,302.74,3,ASK
2020-10-30 10:40:45,UNH,302.51,2,BID
2020-10-30 10:40:45,UNH,302.74,3,ASK
2020-10-30 10:40:48,UNH,302.51,1,BID
2020-10-30 10:40:48,UNH,302.74,3,ASK
2020-10-30 10:40:48,UNH,302.51,1,BID
2020-10-30 10:40:48,UNH,302.74,3,ASK
2020-10-30 10:40:43,UNH,302.47,2,BID
2020-10-30 10:40:50,UNH,302.74,4,ASK
2020-10-30 10:40:51,UNH,302.38,1,BID
2020-10-30 10:40:51,UNH,302.74,6,ASK
2020-10-30 10:40:53,UNH,302.39,1,BID
2020-10-30 10:40:53,UNH,302.74,5,ASK
2020-10-30 10:40:54,UNH,302.4,1,BID
2020-10-30 10:40:53,UNH,302.74,7,ASK
2020-10-30 10:40:55,UNH,302.47,3,BID
2020-10-30 10:40:53,UNH,302.74,7,ASK
2020-10-30 10:40:55,UNH,302.46,1,BID
2020-10-30 10:40:53,UNH,302.74,7,ASK
2020-10-30 10:40:55,UNH,302.46,1,BID
2020-10-30 10:40:53,UNH,302.74,7,ASK
2020-10-30 10:40:55,UNH,302.46,1,BID
2020-10-30 10:40:53,UNH,302.74,7,ASK
2020-10-30 10:40:58,UNH,302.47,1,BID
2020-10-30 10:40:53,UNH,302.74,7,ASK
2020-10-30 10:40:59,UNH,302.42,1,BID
2020-10-30 10:40:53,UNH,302.74,7,ASK
2020-10-30 10:41:00,UNH,302.42,1,BID
2020-10-30 10:40:53,UNH,302.74,7,ASK
2020-10-30 10:41:02,UNH,302.47,1,BID
2020-10-30 10:40:53,UNH,302.74,7,ASK
2020-10-30 10:41:02,UNH,302.47,2,BID
2020-10-30 10:40:53,UNH,302.74,7,ASK
2020-10-30 10:41:04,UNH,302.47,2,BID
2020-10-30 10:40:53,UNH,302.74,7,ASK
2020-10-30 10:41:04,UNH,302.47,2,BID
2020-10-30 10:40:53,UNH,302.74,7,ASK
2020-10-30 10:41:04,UNH,302.47,2,BID
2020-10-30 10:40:53,UNH,302.74,7,ASK
2020-10-30 10:41:06,UNH,302.47,2,BID
2020-10-30 10:40:53,UNH,302.74,7,ASK
2020-10-30 10:41:07,UNH,302.47,2,BID
2020-10-30 10:40:53,UNH,302.74,7,ASK
2020-10-30 10:41:07,UNH,302.47,2,BID
2020-10-30 10:40:53,UNH,302.74,7,ASK
2020-10-30 10:41:07,UNH,302.47,2,BID
2020-10-30 10:40:53,UNH,302.74,7,ASK
2020-10-30 10:41:07,UNH,302.47,2,BID
2020-10-30 10:40:53,UNH,302.74,7,ASK
2020-10-30 10:41:07,UNH,302.47,2,BID
2020-10-30 10:40:53,UNH,302.74,7,ASK
2020-10-30 10:41:12,UNH,302.58,1,BID
2020-10-30 10:40:53,UNH,302.74,7,ASK
2020-10-30 10:41:14,UNH,302.5,3,BID
2020-10-30 10:40:53,UNH,302.74,7,ASK
2020-10-30 10:41:15,UNH,302.5,4,BID
2020-10-30 10:41:15,UNH,302.65,7,ASK
2020-10-30 10:41:16,UNH,302.5,4,BID
2020-10-30 10:41:16,UNH,302.65,9,ASK
2020-10-30 10:41:16,UNH,302.5,4,BID
2020-10-30 10:41:16,UNH,302.65,9,ASK
2020-10-30 10:41:18,UNH,302.43,2,BID
2020-10-30 10:41:18,UNH,302.57,8,ASK
2020-10-30 10:41:19,UNH,302.32,2,BID
2020-10-30 10:41:19,UNH,302.57,10,ASK
2020-10-30 10:41:20,UNH,302.33,1,BID
2020-10-30 10:41:20,UNH,302.56,5,ASK
2020-10-30 10:41:20,UNH,302.31,1,BID
2020-10-30 10:41:20,UNH,302.56,9,ASK
2020-10-30 10:41:22,UNH,302.14,1,BID
2020-10-30 10:41:22,UNH,302.44,1,ASK
2020-10-30 10:41:22,UNH,302.14,1,BID
2020-10-30 10:41:22,UNH,302.44,1,ASK
2020-10-30 10:41:22,UNH,302.14,1,BID
2020-10-30 10:41:22,UNH,302.44,1,ASK
2020-10-30 10:41:22,UNH,302.15,2,BID
2020-10-30 10:41:22,UNH,302.43,1,ASK
2020-10-30 10:41:23,UNH,302.14,3,BID
2020-10-30 10:41:23,UNH,302.43,4,ASK
2020-10-30 10:41:23,UNH,302.14,3,BID
2020-10-30 10:41:24,UNH,302.43,4,ASK
2020-10-30 10:41:23,UNH,302.14,3,BID
2020-10-30 10:41:25,UNH,302.43,4,ASK
2020-10-30 10:41:23,UNH,302.14,3,BID
2020-10-30 10:41:25,UNH,302.43,8,ASK
2020-10-30 10:41:26,UNH,302.15,1,BID
2020-10-30 10:41:26,UNH,302.43,7,ASK
2020-10-30 10:41:26,UNH,302.15,2,BID
2020-10-30 10:41:26,UNH,302.43,7,ASK
2020-10-30 10:41:28,UNH,302.14,2,BID
2020-10-30 10:41:28,UNH,302.43,7,ASK
2020-10-30 10:41:28,UNH,302.14,2,BID
2020-10-30 10:41:28,UNH,302.43,7,ASK
2020-10-30 10:41:29,UNH,302.14,2,BID
2020-10-30 10:41:30,UNH,302.43,7,ASK
2020-10-30 10:41:31,UNH,302.15,2,BID
2020-10-30 10:41:31,UNH,302.43,10,ASK
2020-10-30 10:41:32,UNH,302.21,1,BID
2020-10-30 10:41:31,UNH,302.43,9,ASK
2020-10-30 10:41:33,UNH,302.2,3,BID
2020-10-30 10:41:31,UNH,302.43,8,ASK
2020-10-30 10:41:35,UNH,302.2,3,BID
2020-10-30 10:41:31,UNH,302.43,9,ASK
2020-10-30 10:41:36,UNH,302.2,3,BID
2020-10-30 10:41:31,UNH,302.43,9,ASK
2020-10-30 10:41:37,UNH,302.21,1,BID
2020-10-30 10:41:31,UNH,302.43,8,ASK
2020-10-30 10:41:37,UNH,302.21,1,BID
2020-10-30 10:41:31,UNH,302.43,8,ASK
2020-10-30 10:41:39,UNH,302.21,1,BID
2020-10-30 10:41:39,UNH,302.41,2,ASK
2020-10-30 10:41:31,UNH,302.15,3,BID
2020-10-30 10:41:41,UNH,302.4,3,ASK
2020-10-30 10:41:41,UNH,302.0,3,BID
2020-10-30 10:41:41,UNH,302.4,7,ASK
2020-10-30 10:41:42,UNH,302.07,1,BID
2020-10-30 10:41:41,UNH,302.4,8,ASK
2020-10-30 10:41:43,UNH,302.15,1,BID
2020-10-30 10:41:41,UNH,302.4,8,ASK
2020-10-30 10:41:44,UNH,302.15,1,BID
2020-10-30 10:41:43,UNH,302.4,9,ASK
2020-10-30 10:41:44,UNH,302.15,1,BID
2020-10-30 10:41:44,UNH,302.4,9,ASK
2020-10-30 10:41:44,UNH,302.15,1,BID
2020-10-30 10:41:44,UNH,302.4,9,ASK
2020-10-30 10:41:44,UNH,302.15,1,BID
2020-10-30 10:41:44,UNH,302.4,9,ASK
2020-10-30 10:41:46,UNH,302.16,1,BID
2020-10-30 10:41:46,UNH,302.4,6,ASK
2020-10-30 10:41:47,UNH,302.09,1,BID
2020-10-30 10:41:47,UNH,302.4,9,ASK
2020-10-30 10:41:48,UNH,302.1,1,BID
2020-10-30 10:41:48,UNH,302.4,9,ASK
2020-10-30 10:41:50,UNH,302.25,1,BID
2020-10-30 10:41:50,UNH,302.4,8,ASK
2020-10-30 10:41:50,UNH,302.19,2,BID
2020-10-30 10:41:50,UNH,302.63,4,ASK
2020-10-30 10:41:50,UNH,302.15,1,BID
2020-10-30 10:41:50,UNH,302.56,2,ASK
2020-10-30 10:41:50,UNH,302.15,3,BID
2020-10-30 10:41:50,UNH,302.56,2,ASK
2020-10-30 10:41:51,UNH,302.15,4,BID
2020-10-30 10:41:51,UNH,302.56,4,ASK
2020-10-30 10:41:52,UNH,302.15,4,BID
2020-10-30 10:41:52,UNH,302.56,4,ASK
2020-10-30 10:41:54,UNH,302.16,2,BID
2020-10-30 10:41:54,UNH,302.56,4,ASK
2020-10-30 10:41:54,UNH,302.14,2,BID
2020-10-30 10:41:54,UNH,302.56,3,ASK
2020-10-30 10:41:55,UNH,302.17,3,BID
2020-10-30 10:41:55,UNH,302.56,3,ASK
2020-10-30 10:41:57,UNH,302.19,2,BID
2020-10-30 10:41:57,UNH,302.56,3,ASK
2020-10-30 10:41:57,UNH,302.19,1,BID
2020-10-30 10:41:57,UNH,302.56,3,ASK
2020-10-30 10:41:57,UNH,302.19,1,BID
2020-10-30 10:41:57,UNH,302.56,3,ASK
2020-10-30 10:41:59,UNH,302.19,4,BID
2020-10-30 10:41:59,UNH,302.56,3,ASK
2020-10-30 10:42:00,UNH,302.15,10,BID
2020-10-30 10:42:00,UNH,302.56,5,ASK
2020-10-30 10:42:00,UNH,302.15,10,BID
2020-10-30 10:42:00,UNH,302.56,7,ASK
2020-10-30 10:42:00,UNH,302.15,10,BID
2020-10-30 10:42:00,UNH,302.56,6,ASK
2020-10-30 10:42:02,UNH,302.19,3,BID
2020-10-30 10:42:00,UNH,302.56,6,ASK
2020-10-30 10:42:02,UNH,302.19,3,BID
2020-10-30 10:42:00,UNH,302.56,6,ASK
2020-10-30 10:42:03,UNH,302.19,3,BID
2020-10-30 10:42:00,UNH,302.56,6,ASK
2020-10-30 10:42:03,UNH,302.19,3,BID
2020-10-30 10:42:00,UNH,302.56,6,ASK
2020-10-30 10:42:04,UNH,302.19,4,BID
2020-10-30 10:42:04,UNH,302.55,7,ASK
2020-10-30 10:42:05,UNH,302.13,4,BID
2020-10-30 10:42:05,UNH,302.52,2,ASK
2020-10-30 10:42:05,UNH,302.13,5,BID
2020-10-30 10:42:05,UNH,302.36,1,ASK
2020-10-30 10:42:05,UNH,302.13,4,BID
2020-10-30 10:42:06,UNH,302.36,1,ASK
2020-10-30 10:42:07,UNH,301.79,2,BID
2020-10-30 10:42:07,UNH,302.36,8,ASK
2020-10-30 10:42:08,UNH,301.8,1,BID
2020-10-30 10:42:07,UNH,302.36,8,ASK
2020-10-30 10:42:08,UNH,301.8,1,BID
2020-10-30 10:42:07,UNH,302.36,8,ASK
2020-10-30 10:42:11,UNH,301.81,1,BID
2020-10-30 10:42:11,UNH,302.36,7,ASK
2020-10-30 10:42:11,UNH,301.81,2,BID
2020-10-30 10:42:11,UNH,302.36,6,ASK
2020-10-30 10:42:11,UNH,301.81,4,BID
2020-10-30 10:42:11,UNH,302.36,5,ASK
2020-10-30 10:42:13,UNH,301.83,4,BID
2020-10-30 10:42:11,UNH,302.36,5,ASK
2020-10-30 10:42:14,UNH,301.86,1,BID
2020-10-30 10:42:11,UNH,302.36,5,ASK
2020-10-30 10:42:14,UNH,301.86,1,BID
2020-10-30 10:42:11,UNH,302.36,5,ASK
2020-10-30 10:42:14,UNH,301.86,1,BID
2020-10-30 10:42:11,UNH,302.36,5,ASK
2020-10-30 10:42:14,UNH,301.86,1,BID
2020-10-30 10:42:11,UNH,302.36,5,ASK
2020-10-30 10:42:18,UNH,301.86,4,BID
2020-10-30 10:42:11,UNH,302.36,5,ASK
2020-10-30 10:42:18,UNH,301.82,6,BID
2020-10-30 10:42:18,UNH,302.36,5,ASK
2020-10-30 10:42:19,UNH,301.82,6,BID
2020-10-30 10:42:19,UNH,302.36,5,ASK
2020-10-30 10:42:21,UNH,301.83,1,BID
2020-10-30 10:42:21,UNH,302.36,5,ASK
2020-10-30 10:42:21,UNH,301.83,1,BID
2020-10-30 10:42:21,UNH,302.36,5,ASK
2020-10-30 10:42:22,UNH,301.83,2,BID
2020-10-30 10:42:22,UNH,302.36,5,ASK
2020-10-30 10:42:24,UNH,301.83,2,BID
2020-10-30 10:42:24,UNH,302.36,5,ASK
2020-10-30 10:42:26,UNH,301.83,3,BID
2020-10-30 10:42:26,UNH,302.36,5,ASK
2020-10-30 10:42:27,UNH,301.83,4,BID
2020-10-30 10:42:27,UNH,302.36,5,ASK
2020-10-30 10:42:27,UNH,301.83,4,BID
2020-10-30 10:42:27,UNH,302.36,5,ASK
2020-10-30 10:42:29,UNH,301.99,4,BID
2020-10-30 10:42:29,UNH,302.43,2,ASK
2020-10-30 10:42:30,UNH,301.99,4,BID
2020-10-30 10:42:30,UNH,302.44,1,ASK
2020-10-30 10:42:30,UNH,301.99,4,BID
2020-10-30 10:42:30,UNH,302.44,1,ASK
2020-10-30 10:42:34,UNH,301.99,4,BID
2020-10-30 10:42:34,UNH,302.42,1,ASK
2020-10-30 10:42:35,UNH,301.99,4,BID
2020-10-30 10:42:35,UNH,302.39,1,ASK
2020-10-30 10:42:36,UNH,301.99,4,BID
2020-10-30 10:42:36,UNH,302.36,1,ASK
2020-10-30 10:42:37,UNH,301.98,1,BID
2020-10-30 10:42:37,UNH,302.36,2,ASK
2020-10-30 10:42:38,UNH,301.94,2,BID
2020-10-30 10:42:38,UNH,302.36,2,ASK
2020-10-30 10:42:38,UNH,301.94,2,BID
2020-10-30 10:42:38,UNH,302.36,2,ASK
2020-10-30 10:42:39,UNH,301.94,2,BID
2020-10-30 10:42:39,UNH,302.36,2,ASK
2020-10-30 10:42:40,UNH,301.94,2,BID
2020-10-30 10:42:40,UNH,302.35,3,ASK
2020-10-30 10:42:42,UNH,301.94,2,BID
2020-10-30 10:42:42,UNH,302.35,7,ASK
2020-10-30 10:42:42,UNH,301.94,2,BID
2020-10-30 10:42:42,UNH,302.35,7,ASK
2020-10-30 10:42:42,UNH,301.94,2,BID
2020-10-30 10:42:42,UNH,302.35,7,ASK
2020-10-30 10:42:42,UNH,301.94,2,BID
2020-10-30 10:42:42,UNH,302.35,7,ASK
2020-10-30 10:42:42,UNH,301.94,2,BID
2020-10-30 10:42:42,UNH,302.35,7,ASK
2020-10-30 10:42:47,UNH,301.94,3,BID
2020-10-30 10:42:47,UNH,302.35,7,ASK
2020-10-30 10:42:48,UNH,301.94,3,BID
2020-10-30 10:42:48,UNH,302.35,6,ASK
2020-10-30 10:42:50,UNH,301.94,2,BID
2020-10-30 10:42:50,UNH,302.35,7,ASK
2020-10-30 10:42:50,UNH,301.94,2,BID
2020-10-30 10:42:50,UNH,302.35,7,ASK
2020-10-30 10:42:50,UNH,301.94,2,BID
2020-10-30 10:42:50,UNH,302.35,7,ASK
2020-10-30 10:42:53,UNH,301.95,4,BID
2020-10-30 10:42:53,UNH,302.35,6,ASK
2020-10-30 10:42:54,UNH,301.96,4,BID
2020-10-30 10:42:54,UNH,302.35,6,ASK
2020-10-30 10:42:55,UNH,301.96,4,BID
2020-10-30 10:42:55,UNH,302.35,6,ASK
2020-10-30 10:42:56,UNH,301.96,4,BID
2020-10-30 10:42:56,UNH,302.35,4,ASK
2020-10-30 10:42:56,UNH,301.96,6,BID
2020-10-30 10:42:56,UNH,302.35,4,ASK
2020-10-30 10:42:56,UNH,301.96,6,BID
2020-10-30 10:42:56,UNH,302.35,4,ASK
2020-10-30 10:42:58,UNH,301.96,6,BID
2020-10-30 10:42:58,UNH,302.35,4,ASK
2020-10-30 10:42:58,UNH,301.96,6,BID
2020-10-30 10:42:59,UNH,302.35,4,ASK
2020-10-30 10:43:00,UNH,302.0,2,BID
2020-10-30 10:43:00,UNH,302.35,5,ASK
2020-10-30 10:43:00,UNH,302.0,2,BID
2020-10-30 10:43:00,UNH,302.35,6,ASK
2020-10-30 10:43:00,UNH,302.0,2,BID
2020-10-30 10:43:00,UNH,302.35,6,ASK
2020-10-30 10:43:01,UNH,302.0,4,BID
2020-10-30 10:43:01,UNH,302.46,1,ASK
2020-10-30 10:43:01,UNH,302.01,3,BID
2020-10-30 10:43:01,UNH,302.46,2,ASK
2020-10-30 10:43:02,UNH,302.02,3,BID
2020-10-30 10:43:02,UNH,302.46,2,ASK
2020-10-30 10:43:02,UNH,302.02,3,BID
2020-10-30 10:43:02,UNH,302.46,2,ASK
2020-10-30 10:43:02,UNH,302.03,2,BID
2020-10-30 10:43:02,UNH,302.46,2,ASK
2020-10-30 10:43:03,UNH,302.04,5,BID
2020-10-30 10:43:03,UNH,302.46,2,ASK
2020-10-30 10:43:03,UNH,302.2,1,BID
2020-10-30 10:43:03,UNH,302.46,2,ASK
2020-10-30 10:43:03,UNH,302.2,2,BID
2020-10-30 10:43:03,UNH,302.51,2,ASK
2020-10-30 10:43:04,UNH,302.35,3,BID
2020-10-30 10:43:04,UNH,302.64,1,ASK
2020-10-30 10:43:04,UNH,302.35,3,BID
2020-10-30 10:43:04,UNH,302.64,1,ASK
2020-10-30 10:43:04,UNH,302.27,2,BID
2020-10-30 10:43:04,UNH,302.56,1,ASK
2020-10-30 10:43:04,UNH,302.2,4,BID
2020-10-30 10:43:05,UNH,302.56,1,ASK
2020-10-30 10:43:05,UNH,302.27,1,BID
2020-10-30 10:43:05,UNH,302.56,1,ASK
2020-10-30 10:43:04,UNH,302.2,4,BID
2020-10-30 10:43:06,UNH,302.5,2,ASK
2020-10-30 10:43:04,UNH,302.2,4,BID
2020-10-30 10:43:06,UNH,302.5,2,ASK
2020-10-30 10:43:04,UNH,302.2,4,BID
2020-10-30 10:43:07,UNH,302.5,7,ASK
2020-10-30 10:43:04,UNH,302.2,4,BID
2020-10-30 10:43:07,UNH,302.49,4,ASK
2020-10-30 10:43:04,UNH,302.2,3,BID
2020-10-30 10:43:09,UNH,302.49,7,ASK
2020-10-30 10:43:04,UNH,302.2,3,BID
2020-10-30 10:43:09,UNH,302.49,7,ASK
2020-10-30 10:43:04,UNH,302.2,3,BID
2020-10-30 10:43:09,UNH,302.49,7,ASK
2020-10-30 10:43:04,UNH,302.2,3,BID
2020-10-30 10:43:09,UNH,302.49,7,ASK
2020-10-30 10:43:04,UNH,302.2,3,BID
2020-10-30 10:43:12,UNH,302.43,2,ASK
2020-10-30 10:43:04,UNH,302.2,3,BID
2020-10-30 10:43:13,UNH,302.42,4,ASK
2020-10-30 10:43:04,UNH,302.2,3,BID
2020-10-30 10:43:14,UNH,302.43,5,ASK
2020-10-30 10:43:04,UNH,302.2,3,BID
2020-10-30 10:43:15,UNH,302.43,8,ASK
2020-10-30 10:43:04,UNH,302.2,3,BID
2020-10-30 10:43:15,UNH,302.43,8,ASK
2020-10-30 10:43:04,UNH,302.2,3,BID
2020-10-30 10:43:15,UNH,302.43,8,ASK
2020-10-30 10:43:04,UNH,302.2,3,BID
2020-10-30 10:43:15,UNH,302.43,8,ASK
2020-10-30 10:43:04,UNH,302.2,3,BID
2020-10-30 10:43:18,UNH,302.43,8,ASK
2020-10-30 10:43:04,UNH,302.2,3,BID
2020-10-30 10:43:18,UNH,302.43,8,ASK
2020-10-30 10:43:04,UNH,302.2,3,BID
2020-10-30 10:43:18,UNH,302.43,8,ASK
2020-10-30 10:43:04,UNH,302.2,3,BID
2020-10-30 10:43:18,UNH,302.43,8,ASK
2020-10-30 10:43:20,UNH,302.2,4,BID
2020-10-30 10:43:20,UNH,302.38,2,ASK
2020-10-30 10:43:21,UNH,302.05,1,BID
2020-10-30 10:43:21,UNH,302.31,3,ASK
2020-10-30 10:43:21,UNH,302.05,1,BID
2020-10-30 10:43:21,UNH,302.31,3,ASK
2020-10-30 10:43:22,UNH,302.05,1,BID
2020-10-30 10:43:21,UNH,302.31,3,ASK
2020-10-30 10:43:22,UNH,302.05,1,BID
2020-10-30 10:43:21,UNH,302.31,3,ASK
2020-10-30 10:43:23,UNH,301.6,1,BID
2020-10-30 10:43:23,UNH,302.17,3,ASK
2020-10-30 10:43:23,UNH,301.61,1,BID
2020-10-30 10:43:23,UNH,302.17,5,ASK
2020-10-30 10:43:23,UNH,301.61,1,BID
2020-10-30 10:43:23,UNH,302.17,5,ASK
2020-10-30 10:43:24,UNH,301.82,1,BID
2020-10-30 10:43:24,UNH,302.06,2,ASK
2020-10-30 10:43:24,UNH,301.81,2,BID
2020-10-30 10:43:24,UNH,302.06,2,ASK
2020-10-30 10:43:25,UNH,301.81,2,BID
2020-10-30 10:43:25,UNH,302.04,2,ASK
2020-10-30 10:43:26,UNH,301.95,1,BID
2020-10-30 10:43:26,UNH,302.19,1,ASK
2020-10-30 10:43:27,UNH,301.95,1,BID
2020-10-30 10:43:27,UNH,302.19,2,ASK
2020-10-30 10:43:28,UNH,301.79,1,BID
2020-10-30 10:43:27,UNH,302.18,5,ASK
2020-10-30 10:43:30,UNH,301.8,2,BID
2020-10-30 10:43:30,UNH,302.18,6,ASK
2020-10-30 10:43:30,UNH,301.8,2,BID
2020-10-30 10:43:30,UNH,302.18,6,ASK
2020-10-30 10:43:31,UNH,301.8,4,BID
2020-10-30 10:43:31,UNH,302.18,7,ASK
2020-10-30 10:43:31,UNH,301.8,4,BID
2020-10-30 10:43:31,UNH,302.18,7,ASK
2020-10-30 10:43:31,UNH,301.8,4,BID
2020-10-30 10:43:31,UNH,302.18,7,ASK
2020-10-30 10:43:31,UNH,301.8,4,BID
2020-10-30 10:43:31,UNH,302.18,7,ASK
2020-10-30 10:43:31,UNH,301.8,4,BID
2020-10-30 10:43:31,UNH,302.18,7,ASK
2020-10-30 10:43:31,UNH,301.8,4,BID
2020-10-30 10:43:31,UNH,302.18,7,ASK
2020-10-30 10:43:31,UNH,301.8,4,BID
2020-10-30 10:43:31,UNH,302.18,7,ASK
2020-10-30 10:43:39,UNH,301.8,5,BID
2020-10-30 10:43:39,UNH,302.16,7,ASK
2020-10-30 10:43:40,UNH,301.64,2,BID
2020-10-30 10:43:40,UNH,301.98,1,ASK
2020-10-30 10:43:40,UNH,301.64,2,BID
2020-10-30 10:43:40,UNH,301.98,1,ASK
2020-10-30 10:43:40,UNH,301.64,2,BID
2020-10-30 10:43:40,UNH,301.98,1,ASK
2020-10-30 10:43:43,UNH,301.71,1,BID
2020-10-30 10:43:43,UNH,301.97,7,ASK
2020-10-30 10:43:44,UNH,301.71,3,BID
2020-10-30 10:43:43,UNH,301.97,8,ASK
2020-10-30 10:43:45,UNH,301.64,1,BID
2020-10-30 10:43:43,UNH,301.97,8,ASK
2020-10-30 10:43:45,UNH,301.64,1,BID
2020-10-30 10:43:43,UNH,301.97,8,ASK
2020-10-30 10:43:46,UNH,301.64,2,BID
2020-10-30 10:43:43,UNH,301.97,9,ASK
2020-10-30 10:43:46,UNH,301.64,2,BID
2020-10-30 10:43:43,UNH,301.97,9,ASK
2020-10-30 10:43:47,UNH,301.53,2,BID
2020-10-30 10:43:47,UNH,301.79,6,ASK
2020-10-30 10:43:47,UNH,301.55,1,BID
2020-10-30 10:43:47,UNH,301.78,3,ASK
2020-10-30 10:43:48,UNH,301.5,1,BID
2020-10-30 10:43:48,UNH,301.78,3,ASK
2020-10-30 10:43:48,UNH,301.5,1,BID
2020-10-30 10:43:48,UNH,301.78,3,ASK
2020-10-30 10:43:48,UNH,301.5,1,BID
2020-10-30 10:43:48,UNH,301.78,3,ASK
2020-10-30 10:43:48,UNH,301.5,1,BID
2020-10-30 10:43:48,UNH,301.78,3,ASK
2020-10-30 10:43:49,UNH,301.5,1,BID
2020-10-30 10:43:49,UNH,301.77,4,ASK
2020-10-30 10:43:50,UNH,301.5,1,BID
2020-10-30 10:43:50,UNH,301.76,2,ASK
2020-10-30 10:43:50,UNH,301.5,1,BID
2020-10-30 10:43:50,UNH,301.75,2,ASK
2020-10-30 10:43:50,UNH,301.49,2,BID
2020-10-30 10:43:50,UNH,301.75,2,ASK
2020-10-30 10:43:50,UNH,301.22,1,BID
2020-10-30 10:43:50,UNH,301.75,3,ASK
2020-10-30 10:43:51,UNH,301.3,1,BID
2020-10-30 10:43:51,UNH,301.6,6,ASK
2020-10-30 10:43:51,UNH,301.3,1,BID
2020-10-30 10:43:51,UNH,301.6,6,ASK
2020-10-30 10:43:51,UNH,301.31,3,BID
2020-10-30 10:43:51,UNH,301.6,6,ASK
2020-10-30 10:43:52,UNH,301.32,2,BID
2020-10-30 10:43:51,UNH,301.61,7,ASK
2020-10-30 10:43:52,UNH,301.31,5,BID
2020-10-30 10:43:51,UNH,301.69,2,ASK
2020-10-30 10:43:52,UNH,301.32,1,BID
2020-10-30 10:43:51,UNH,301.69,2,ASK
2020-10-30 10:43:53,UNH,301.33,3,BID
2020-10-30 10:43:51,UNH,301.69,2,ASK
2020-10-30 10:43:53,UNH,301.33,3,BID
2020-10-30 10:43:51,UNH,301.69,2,ASK
2020-10-30 10:43:53,UNH,301.33,2,BID
2020-10-30 10:43:51,UNH,301.69,2,ASK
2020-10-30 10:43:53,UNH,301.33,2,BID
2020-10-30 10:43:51,UNH,301.69,2,ASK
2020-10-30 10:43:54,UNH,301.31,1,BID
2020-10-30 10:43:51,UNH,301.69,2,ASK
2020-10-30 10:43:54,UNH,301.32,3,BID
2020-10-30 10:43:51,UNH,301.69,2,ASK
2020-10-30 10:43:55,UNH,301.32,4,BID
2020-10-30 10:43:51,UNH,301.69,2,ASK
2020-10-30 10:43:55,UNH,301.32,4,BID
2020-10-30 10:43:51,UNH,301.69,3,ASK
2020-10-30 10:43:55,UNH,301.32,4,BID
2020-10-30 10:43:55,UNH,301.69,4,ASK
2020-10-30 10:43:55,UNH,301.32,4,BID
2020-10-30 10:43:55,UNH,301.69,4,ASK
2020-10-30 10:43:55,UNH,301.32,4,BID
2020-10-30 10:43:55,UNH,301.69,4,ASK
2020-10-30 10:43:56,UNH,301.32,4,BID
2020-10-30 10:43:56,UNH,301.68,3,ASK
2020-10-30 10:43:57,UNH,301.32,4,BID
2020-10-30 10:43:57,UNH,301.68,3,ASK
2020-10-30 10:43:57,UNH,301.32,4,BID
2020-10-30 10:43:57,UNH,301.68,3,ASK
2020-10-30 10:43:57,UNH,301.32,4,BID
2020-10-30 10:43:57,UNH,301.68,3,ASK
2020-10-30 10:43:57,UNH,301.32,4,BID
2020-10-30 10:43:57,UNH,301.68,3,ASK
2020-10-30 10:43:59,UNH,301.32,4,BID
2020-10-30 10:43:56,UNH,301.69,5,ASK
2020-10-30 10:44:00,UNH,301.32,4,BID
2020-10-30 10:44:00,UNH,301.61,1,ASK
2020-10-30 10:44:00,UNH,301.44,2,BID
2020-10-30 10:43:56,UNH,301.69,5,ASK
2020-10-30 10:44:01,UNH,301.43,2,BID
2020-10-30 10:43:56,UNH,301.69,5,ASK
2020-10-30 10:44:02,UNH,301.51,1,BID
2020-10-30 10:43:51,UNH,301.76,6,ASK
2020-10-30 10:44:02,UNH,301.54,2,BID
2020-10-30 10:44:02,UNH,301.8,5,ASK
2020-10-30 10:44:03,UNH,301.53,1,BID
2020-10-30 10:44:03,UNH,301.8,1,ASK
2020-10-30 10:44:03,UNH,301.8,2,BID
2020-10-30 10:44:03,UNH,302.02,1,ASK
2020-10-30 10:44:04,UNH,301.8,2,BID
2020-10-30 10:44:04,UNH,302.12,3,ASK
2020-10-30 10:44:04,UNH,301.8,2,BID
2020-10-30 10:44:04,UNH,302.12,2,ASK
2020-10-30 10:44:04,UNH,301.8,2,BID
2020-10-30 10:44:04,UNH,302.11,3,ASK
2020-10-30 10:44:04,UNH,301.8,2,BID
2020-10-30 10:44:04,UNH,302.11,3,ASK
2020-10-30 10:44:06,UNH,301.8,2,BID
2020-10-30 10:44:06,UNH,302.11,3,ASK
2020-10-30 10:44:06,UNH,301.8,2,BID
2020-10-30 10:44:06,UNH,302.11,3,ASK
2020-10-30 10:44:06,UNH,301.8,2,BID
2020-10-30 10:44:06,UNH,302.1,7,ASK
2020-10-30 10:44:08,UNH,301.8,2,BID
2020-10-30 10:44:08,UNH,302.08,7,ASK
2020-10-30 10:44:08,UNH,301.8,2,BID
2020-10-30 10:44:08,UNH,302.08,5,ASK
2020-10-30 10:44:08,UNH,301.8,2,BID
2020-10-30 10:44:08,UNH,302.08,5,ASK
2020-10-30 10:44:09,UNH,301.8,2,BID
2020-10-30 10:44:09,UNH,302.08,1,ASK
2020-10-30 10:44:09,UNH,301.8,2,BID
2020-10-30 10:44:09,UNH,302.08,1,ASK
2020-10-30 10:44:09,UNH,301.8,2,BID
2020-10-30 10:44:09,UNH,302.08,1,ASK
2020-10-30 10:44:09,UNH,301.8,2,BID
2020-10-30 10:44:09,UNH,302.08,1,ASK
2020-10-30 10:44:09,UNH,301.8,2,BID
2020-10-30 10:44:09,UNH,302.08,1,ASK
2020-10-30 10:44:09,UNH,301.8,2,BID
2020-10-30 10:44:09,UNH,302.08,1,ASK
2020-10-30 10:44:13,UNH,301.8,2,BID
2020-10-30 10:44:13,UNH,302.08,1,ASK
2020-10-30 10:44:15,UNH,301.81,2,BID
2020-10-30 10:44:15,UNH,302.08,1,ASK
2020-10-30 10:44:17,UNH,301.8,2,BID
2020-10-30 10:44:17,UNH,302.08,1,ASK
2020-10-30 10:44:17,UNH,301.8,2,BID
2020-10-30 10:44:17,UNH,302.08,1,ASK
2020-10-30 10:44:20,UNH,301.82,2,BID
2020-10-30 10:44:20,UNH,302.08,1,ASK
2020-10-30 10:44:21,UNH,301.8,2,BID
2020-10-30 10:44:21,UNH,302.08,1,ASK
2020-10-30 10:44:23,UNH,301.82,1,BID
2020-10-30 10:44:23,UNH,302.08,1,ASK
2020-10-30 10:44:23,UNH,301.82,1,BID
2020-10-30 10:44:23,UNH,302.08,1,ASK
2020-10-30 10:44:24,UNH,301.93,2,BID
2020-10-30 10:44:24,UNH,302.35,6,ASK
2020-10-30 10:44:25,UNH,301.95,2,BID
2020-10-30 10:44:25,UNH,302.33,2,ASK
2020-10-30 10:44:25,UNH,301.95,2,BID
2020-10-30 10:44:26,UNH,302.33,4,ASK
2020-10-30 10:44:25,UNH,301.95,2,BID
2020-10-30 10:44:26,UNH,302.32,4,ASK
2020-10-30 10:44:25,UNH,301.95,2,BID
2020-10-30 10:44:28,UNH,302.3,3,ASK
2020-10-30 10:44:25,UNH,301.95,2,BID
2020-10-30 10:44:30,UNH,302.3,4,ASK
2020-10-30 10:44:25,UNH,301.95,2,BID
2020-10-30 10:44:30,UNH,302.3,4,ASK
2020-10-30 10:44:32,UNH,301.95,1,BID
2020-10-30 10:44:33,UNH,302.3,7,ASK
2020-10-30 10:44:33,UNH,301.95,1,BID
2020-10-30 10:44:33,UNH,302.3,7,ASK
2020-10-30 10:44:33,UNH,301.95,1,BID
2020-10-30 10:44:33,UNH,302.3,7,ASK
2020-10-30 10:44:36,UNH,301.82,1,BID
2020-10-30 10:44:36,UNH,302.28,6,ASK
2020-10-30 10:44:38,UNH,301.82,1,BID
2020-10-30 10:44:38,UNH,302.27,8,ASK
2020-10-30 10:44:39,UNH,301.82,1,BID
2020-10-30 10:44:38,UNH,302.27,6,ASK
2020-10-30 10:44:40,UNH,301.6,1,BID
2020-10-30 10:44:40,UNH,301.99,1,ASK
2020-10-30 10:44:40,UNH,301.57,1,BID
2020-10-30 10:44:40,UNH,301.96,1,ASK
2020-10-30 10:44:41,UNH,301.57,1,BID
2020-10-30 10:44:41,UNH,301.96,1,ASK
2020-10-30 10:44:41,UNH,301.5,1,BID
2020-10-30 10:44:41,UNH,301.81,3,ASK
2020-10-30 10:44:41,UNH,301.5,1,BID
2020-10-30 10:44:41,UNH,301.81,3,ASK
2020-10-30 10:44:41,UNH,301.5,1,BID
2020-10-30 10:44:41,UNH,301.81,3,ASK
2020-10-30 10:44:43,UNH,301.5,1,BID
2020-10-30 10:44:43,UNH,301.8,5,ASK
2020-10-30 10:44:43,UNH,301.5,1,BID
2020-10-30 10:44:43,UNH,301.8,5,ASK
2020-10-30 10:44:44,UNH,301.5,1,BID
2020-10-30 10:44:44,UNH,301.8,6,ASK
2020-10-30 10:44:46,UNH,301.45,2,BID
2020-10-30 10:44:46,UNH,301.8,6,ASK
2020-10-30 10:44:48,UNH,301.44,3,BID
2020-10-30 10:44:46,UNH,301.8,6,ASK
2020-10-30 10:44:48,UNH,301.44,3,BID
2020-10-30 10:44:46,UNH,301.8,6,ASK
2020-10-30 10:44:49,UNH,301.45,1,BID
2020-10-30 10:44:46,UNH,301.8,6,ASK
2020-10-30 10:44:50,UNH,301.47,2,BID
2020-10-30 10:44:46,UNH,301.8,6,ASK
2020-10-30 10:44:50,UNH,301.47,2,BID
2020-10-30 10:44:46,UNH,301.8,6,ASK
2020-10-30 10:44:51,UNH,301.48,1,BID
2020-10-30 10:44:46,UNH,301.8,6,ASK
2020-10-30 10:44:52,UNH,301.44,3,BID
2020-10-30 10:44:46,UNH,301.8,6,ASK
2020-10-30 10:44:52,UNH,301.44,3,BID
2020-10-30 10:44:46,UNH,301.8,6,ASK
2020-10-30 10:44:54,UNH,301.4,1,BID
2020-10-30 10:44:54,UNH,301.65,1,ASK
2020-10-30 10:44:54,UNH,301.33,1,BID
2020-10-30 10:44:54,UNH,301.65,1,ASK
2020-10-30 10:44:54,UNH,301.31,2,BID
2020-10-30 10:44:54,UNH,301.65,1,ASK
2020-10-30 10:44:55,UNH,301.33,1,BID
2020-10-30 10:44:55,UNH,301.79,3,ASK
2020-10-30 10:44:55,UNH,301.33,1,BID
2020-10-30 10:44:55,UNH,301.79,3,ASK
2020-10-30 10:44:55,UNH,301.33,1,BID
2020-10-30 10:44:55,UNH,301.79,3,ASK
2020-10-30 10:44:55,UNH,301.33,1,BID
2020-10-30 10:44:55,UNH,301.79,3,ASK
2020-10-30 10:44:55,UNH,301.33,1,BID
2020-10-30 10:44:55,UNH,301.79,3,ASK
2020-10-30 10:44:55,UNH,301.33,1,BID
2020-10-30 10:44:55,UNH,301.79,3,ASK
2020-10-30 10:44:55,UNH,301.33,1,BID
2020-10-30 10:44:55,UNH,301.79,3,ASK
2020-10-30 10:44:55,UNH,301.33,1,BID
2020-10-30 10:44:55,UNH,301.79,3,ASK
2020-10-30 10:44:56,UNH,301.31,2,BID
2020-10-30 10:44:56,UNH,301.79,3,ASK
2020-10-30 10:44:57,UNH,301.31,2,BID
2020-10-30 10:44:57,UNH,301.78,3,ASK
2020-10-30 10:44:58,UNH,301.31,3,BID
2020-10-30 10:44:58,UNH,301.78,4,ASK
2020-10-30 10:45:00,UNH,301.49,1,BID
2020-10-30 10:45:00,UNH,301.78,5,ASK
2020-10-30 10:45:00,UNH,301.49,1,BID
2020-10-30 10:45:00,UNH,301.78,5,ASK
2020-10-30 10:45:00,UNH,301.49,1,BID
2020-10-30 10:45:00,UNH,301.78,5,ASK
2020-10-30 10:45:01,UNH,301.53,2,BID
2020-10-30 10:45:01,UNH,301.78,5,ASK
2020-10-30 10:45:01,UNH,301.53,2,BID
2020-10-30 10:45:01,UNH,301.78,5,ASK
2020-10-30 10:45:01,UNH,301.53,2,BID
2020-10-30 10:45:01,UNH,301.78,5,ASK
2020-10-30 10:45:02,UNH,301.53,3,BID
2020-10-30 10:45:03,UNH,301.78,5,ASK
2020-10-30 10:45:03,UNH,301.49,2,BID
2020-10-30 10:45:03,UNH,301.78,5,ASK
2020-10-30 10:45:03,UNH,301.49,2,BID
2020-10-30 10:45:03,UNH,301.77,3,ASK
2020-10-30 10:45:03,UNH,301.49,2,BID
2020-10-30 10:45:03,UNH,301.77,3,ASK
2020-10-30 10:45:04,UNH,301.49,2,BID
2020-10-30 10:45:04,UNH,301.77,5,ASK
2020-10-30 10:45:04,UNH,301.49,2,BID
2020-10-30 10:45:04,UNH,301.77,5,ASK
2020-10-30 10:45:05,UNH,301.49,2,BID
2020-10-30 10:45:04,UNH,301.77,5,ASK
2020-10-30 10:45:06,UNH,301.49,2,BID
2020-10-30 10:45:04,UNH,301.77,5,ASK
2020-10-30 10:45:06,UNH,301.49,2,BID
2020-10-30 10:45:04,UNH,301.77,5,ASK
2020-10-30 10:45:08,UNH,301.49,2,BID
2020-10-30 10:45:08,UNH,301.77,4,ASK
2020-10-30 10:45:09,UNH,301.49,2,BID
2020-10-30 10:45:09,UNH,301.77,4,ASK
2020-10-30 10:45:10,UNH,301.5,1,BID
2020-10-30 10:45:10,UNH,301.76,1,ASK
2020-10-30 10:45:11,UNH,301.49,2,BID
2020-10-30 10:45:11,UNH,301.77,4,ASK
2020-10-30 10:45:11,UNH,301.49,2,BID
2020-10-30 10:45:05,UNH,301.77,4,ASK
2020-10-30 10:45:13,UNH,301.5,1,BID
2020-10-30 10:45:05,UNH,301.77,4,ASK
2020-10-30 10:45:14,UNH,301.6,4,BID
2020-10-30 10:45:14,UNH,302.03,9,ASK
2020-10-30 10:45:15,UNH,301.61,3,BID
2020-10-30 10:45:15,UNH,302.0,2,ASK
2020-10-30 10:45:16,UNH,301.61,3,BID
2020-10-30 10:45:16,UNH,302.0,2,ASK
2020-10-30 10:45:17,UNH,301.61,3,BID
2020-10-30 10:45:17,UNH,302.0,2,ASK
2020-10-30 10:45:17,UNH,301.61,1,BID
2020-10-30 10:45:17,UNH,301.95,2,ASK
2020-10-30 10:45:18,UNH,301.61,1,BID
2020-10-30 10:45:18,UNH,301.95,2,ASK
2020-10-30 10:45:19,UNH,301.6,4,BID
2020-10-30 10:45:19,UNH,301.94,2,ASK
2020-10-30 10:45:20,UNH,301.41,2,BID
2020-10-30 10:45:20,UNH,301.79,1,ASK
2020-10-30 10:45:20,UNH,301.41,2,BID
2020-10-30 10:45:20,UNH,301.79,1,ASK
2020-10-30 10:45:22,UNH,301.41,3,BID
2020-10-30 10:45:22,UNH,301.72,1,ASK
2020-10-30 10:45:22,UNH,301.41,3,BID
2020-10-30 10:45:22,UNH,301.72,1,ASK
2020-10-30 10:45:22,UNH,301.41,3,BID
2020-10-30 10:45:22,UNH,301.72,1,ASK
2020-10-30 10:45:22,UNH,301.41,3,BID
2020-10-30 10:45:24,UNH,301.72,1,ASK
2020-10-30 10:45:22,UNH,301.41,3,BID
2020-10-30 10:45:24,UNH,301.72,1,ASK
2020-10-30 10:45:25,UNH,301.42,2,BID
2020-10-30 10:45:24,UNH,301.72,3,ASK
2020-10-30 10:45:25,UNH,301.42,2,BID
2020-10-30 10:45:24,UNH,301.72,3,ASK
2020-10-30 10:45:25,UNH,301.42,2,BID
2020-10-30 10:45:24,UNH,301.72,3,ASK
2020-10-30 10:45:28,UNH,301.42,2,BID
2020-10-30 10:45:24,UNH,301.72,3,ASK
2020-10-30 10:45:30,UNH,301.36,2,BID
2020-10-30 10:45:24,UNH,301.72,3,ASK
2020-10-30 10:45:30,UNH,301.41,1,BID
2020-10-30 10:45:24,UNH,301.72,3,ASK
2020-10-30 10:45:33,UNH,301.41,1,BID
2020-10-30 10:45:24,UNH,301.72,3,ASK
2020-10-30 10:45:33,UNH,301.41,1,BID
2020-10-30 10:45:24,UNH,301.72,3,ASK
2020-10-30 10:45:35,UNH,301.41,2,BID
2020-10-30 10:45:24,UNH,301.72,3,ASK
2020-10-30 10:45:35,UNH,301.41,2,BID
2020-10-30 10:45:24,UNH,301.72,3,ASK
2020-10-30 10:45:38,UNH,301.38,1,BID
2020-10-30 10:45:24,UNH,301.72,3,ASK
2020-10-30 10:45:38,UNH,301.38,1,BID
2020-10-30 10:45:24,UNH,301.72,3,ASK
2020-10-30 10:45:40,UNH,301.38,1,BID
2020-10-30 10:45:24,UNH,301.72,3,ASK
2020-10-30 10:45:41,UNH,301.38,2,BID
2020-10-30 10:45:41,UNH,301.72,6,ASK
2020-10-30 10:45:42,UNH,301.38,2,BID
2020-10-30 10:45:41,UNH,301.72,5,ASK
2020-10-30 10:45:42,UNH,301.38,2,BID
2020-10-30 10:45:41,UNH,301.72,5,ASK
2020-10-30 10:45:42,UNH,301.38,2,BID
2020-10-30 10:45:41,UNH,301.72,5,ASK
2020-10-30 10:45:44,UNH,301.38,2,BID
2020-10-30 10:45:41,UNH,301.72,5,ASK
2020-10-30 10:45:44,UNH,301.38,2,BID
2020-10-30 10:45:41,UNH,301.72,5,ASK
2020-10-30 10:45:44,UNH,301.38,2,BID
2020-10-30 10:45:41,UNH,301.72,5,ASK
2020-10-30 10:45:44,UNH,301.38,2,BID
2020-10-30 10:45:41,UNH,301.72,5,ASK
2020-10-30 10:45:47,UNH,301.38,3,BID
2020-10-30 10:45:41,UNH,301.72,5,ASK
2020-10-30 10:45:47,UNH,301.38,3,BID
2020-10-30 10:45:41,UNH,301.72,5,ASK
2020-10-30 10:45:47,UNH,301.38,3,BID
2020-10-30 10:45:41,UNH,301.72,5,ASK
2020-10-30 10:45:50,UNH,301.38,4,BID
2020-10-30 10:45:41,UNH,301.72,5,ASK
2020-10-30 10:45:52,UNH,301.39,1,BID
2020-10-30 10:45:41,UNH,301.72,5,ASK
2020-10-30 10:45:55,UNH,301.39,2,BID
2020-10-30 10:45:41,UNH,301.72,5,ASK
2020-10-30 10:45:56,UNH,301.38,4,BID
2020-10-30 10:45:41,UNH,301.72,5,ASK
2020-10-30 10:45:56,UNH,301.38,4,BID
2020-10-30 10:45:41,UNH,301.72,5,ASK
2020-10-30 10:45:59,UNH,301.38,4,BID
2020-10-30 10:45:41,UNH,301.72,5,ASK
2020-10-30 10:46:00,UNH,301.39,6,BID
2020-10-30 10:45:41,UNH,301.72,5,ASK
2020-10-30 10:46:01,UNH,301.39,6,BID
2020-10-30 10:45:41,UNH,301.72,5,ASK
2020-10-30 10:46:02,UNH,301.39,5,BID
2020-10-30 10:45:41,UNH,301.72,5,ASK
2020-10-30 10:46:03,UNH,301.39,5,BID
2020-10-30 10:45:41,UNH,301.72,5,ASK
2020-10-30 10:46:04,UNH,301.45,1,BID
2020-10-30 10:45:41,UNH,301.72,5,ASK
2020-10-30 10:46:04,UNH,301.39,5,BID
2020-10-30 10:45:41,UNH,301.72,5,ASK
2020-10-30 10:46:07,UNH,301.39,5,BID
2020-10-30 10:45:41,UNH,301.72,5,ASK
2020-10-30 10:46:07,UNH,301.39,5,BID
2020-10-30 10:45:41,UNH,301.72,5,ASK
2020-10-30 10:46:09,UNH,301.4,1,BID
2020-10-30 10:45:41,UNH,301.72,5,ASK
2020-10-30 10:46:09,UNH,301.57,1,BID
2020-10-30 10:46:09,UNH,301.95,8,ASK
2020-10-30 10:46:11,UNH,301.59,2,BID
2020-10-30 10:46:09,UNH,301.95,8,ASK
2020-10-30 10:46:11,UNH,301.59,2,BID
2020-10-30 10:46:11,UNH,301.93,3,ASK
2020-10-30 10:46:12,UNH,301.78,5,BID
2020-10-30 10:46:12,UNH,301.94,10,ASK
2020-10-30 10:46:13,UNH,301.67,1,BID
2020-10-30 10:46:13,UNH,301.92,4,ASK
2020-10-30 10:46:14,UNH,301.67,2,BID
2020-10-30 10:46:14,UNH,301.93,8,ASK
2020-10-30 10:46:15,UNH,301.68,1,BID
2020-10-30 10:46:15,UNH,301.93,6,ASK
2020-10-30 10:46:16,UNH,301.68,1,BID
2020-10-30 10:46:16,UNH,301.93,6,ASK
2020-10-30 10:46:16,UNH,301.67,3,BID
2020-10-30 10:46:16,UNH,301.93,6,ASK
2020-10-30 10:46:17,UNH,301.7,4,BID
2020-10-30 10:46:17,UNH,301.95,5,ASK
2020-10-30 10:46:18,UNH,301.68,2,BID
2020-10-30 10:46:18,UNH,301.95,8,ASK
2020-10-30 10:46:19,UNH,301.67,2,BID
2020-10-30 10:46:19,UNH,301.93,1,ASK
2020-10-30 10:46:19,UNH,301.6,1,BID
2020-10-30 10:46:19,UNH,301.93,2,ASK
2020-10-30 10:46:19,UNH,301.6,1,BID
2020-10-30 10:46:19,UNH,301.93,3,ASK
2020-10-30 10:46:19,UNH,301.44,1,BID
2020-10-30 10:46:19,UNH,301.77,4,ASK
2020-10-30 10:46:20,UNH,301.42,2,BID
2020-10-30 10:46:20,UNH,301.77,4,ASK
2020-10-30 10:46:20,UNH,301.43,1,BID
2020-10-30 10:46:20,UNH,301.77,4,ASK
2020-10-30 10:46:20,UNH,301.43,1,BID
2020-10-30 10:46:20,UNH,301.77,4,ASK
2020-10-30 10:46:23,UNH,301.45,1,BID
2020-10-30 10:46:20,UNH,301.77,3,ASK
2020-10-30 10:46:24,UNH,301.41,3,BID
2020-10-30 10:46:24,UNH,301.58,1,ASK
2020-10-30 10:46:24,UNH,301.41,3,BID
2020-10-30 10:46:24,UNH,301.58,1,ASK
2020-10-30 10:46:24,UNH,301.41,3,BID
2020-10-30 10:46:25,UNH,301.58,1,ASK
2020-10-30 10:46:24,UNH,301.41,3,BID
2020-10-30 10:46:25,UNH,301.58,1,ASK
2020-10-30 10:46:24,UNH,301.41,3,BID
2020-10-30 10:46:25,UNH,301.58,1,ASK
2020-10-30 10:46:24,UNH,301.41,3,BID
2020-10-30 10:46:28,UNH,301.58,2,ASK
2020-10-30 10:46:24,UNH,301.41,3,BID
2020-10-30 10:46:29,UNH,301.71,5,ASK
2020-10-30 10:46:30,UNH,301.43,3,BID
2020-10-30 10:46:30,UNH,301.7,1,ASK
2020-10-30 10:46:30,UNH,301.52,1,BID
2020-10-30 10:46:30,UNH,301.7,1,ASK
2020-10-30 10:46:30,UNH,301.52,1,BID
2020-10-30 10:46:30,UNH,301.7,1,ASK
2020-10-30 10:46:30,UNH,301.52,1,BID
2020-10-30 10:46:30,UNH,301.7,1,ASK
2020-10-30 10:46:35,UNH,301.52,1,BID
2020-10-30 10:46:35,UNH,301.7,3,ASK
2020-10-30 10:46:36,UNH,301.53,8,BID
2020-10-30 10:46:20,UNH,301.77,2,ASK
2020-10-30 10:46:37,UNH,301.52,2,BID
2020-10-30 10:46:37,UNH,301.77,2,ASK
2020-10-30 10:46:37,UNH,301.52,2,BID
2020-10-30 10:46:37,UNH,301.77,2,ASK
2020-10-30 10:46:38,UNH,301.54,3,BID
2020-10-30 10:46:38,UNH,301.95,4,ASK
2020-10-30 10:46:39,UNH,301.54,4,BID
2020-10-30 10:46:39,UNH,301.94,2,ASK
2020-10-30 10:46:41,UNH,301.54,5,BID
2020-10-30 10:46:41,UNH,301.86,1,ASK
2020-10-30 10:46:41,UNH,301.54,5,BID
2020-10-30 10:46:41,UNH,301.86,1,ASK
2020-10-30 10:46:37,UNH,301.52,4,BID
2020-10-30 10:46:42,UNH,301.89,1,ASK
2020-10-30 10:46:37,UNH,301.52,4,BID
2020-10-30 10:46:42,UNH,301.89,1,ASK
2020-10-30 10:46:37,UNH,301.52,4,BID
2020-10-30 10:46:45,UNH,301.89,1,ASK
2020-10-30 10:46:37,UNH,301.52,4,BID
2020-10-30 10:46:45,UNH,301.89,1,ASK
2020-10-30 10:46:37,UNH,301.52,4,BID
2020-10-30 10:46:46,UNH,301.88,2,ASK
2020-10-30 10:46:37,UNH,301.52,3,BID
2020-10-30 10:46:48,UNH,301.86,2,ASK
2020-10-30 10:46:37,UNH,301.52,4,BID
2020-10-30 10:46:49,UNH,301.94,3,ASK
2020-10-30 10:46:37,UNH,301.52,5,BID
2020-10-30 10:46:50,UNH,301.86,1,ASK
2020-10-30 10:46:37,UNH,301.52,5,BID
2020-10-30 10:46:50,UNH,301.86,1,ASK
2020-10-30 10:46:37,UNH,301.52,5,BID
2020-10-30 10:46:49,UNH,301.94,3,ASK
2020-10-30 10:46:37,UNH,301.52,5,BID
2020-10-30 10:46:49,UNH,301.94,3,ASK
2020-10-30 10:46:37,UNH,301.52,5,BID
2020-10-30 10:46:49,UNH,301.94,3,ASK
2020-10-30 10:46:37,UNH,301.52,5,BID
2020-10-30 10:46:49,UNH,301.94,3,ASK
2020-10-30 10:46:37,UNH,301.52,5,BID
2020-10-30 10:46:49,UNH,301.94,3,ASK
2020-10-30 10:46:37,UNH,301.52,5,BID
2020-10-30 10:46:49,UNH,301.94,3,ASK
2020-10-30 10:46:37,UNH,301.52,5,BID
2020-10-30 10:46:49,UNH,301.94,3,ASK
2020-10-30 10:46:37,UNH,301.52,5,BID
2020-10-30 10:46:49,UNH,301.94,3,ASK
2020-10-30 10:46:37,UNH,301.52,5,BID
2020-10-30 10:46:49,UNH,301.94,3,ASK
2020-10-30 10:46:37,UNH,301.52,5,BID
2020-10-30 10:46:49,UNH,301.94,3,ASK
2020-10-30 10:46:37,UNH,301.52,5,BID
2020-10-30 10:46:49,UNH,301.94,3,ASK
2020-10-30 10:46:37,UNH,301.52,5,BID
2020-10-30 10:46:49,UNH,301.94,3,ASK
2020-10-30 10:46:37,UNH,301.52,5,BID
2020-10-30 10:46:49,UNH,301.94,3,ASK
2020-10-30 10:46:37,UNH,301.52,5,BID
2020-10-30 10:46:49,UNH,301.94,3,ASK
2020-10-30 10:46:37,UNH,301.52,5,BID
2020-10-30 10:46:49,UNH,301.94,3,ASK
2020-10-30 10:46:37,UNH,301.52,5,BID
2020-10-30 10:46:49,UNH,301.94,3,ASK
2020-10-30 10:46:37,UNH,301.52,5,BID
2020-10-30 10:46:49,UNH,301.94,3,ASK
2020-10-30 10:46:37,UNH,301.52,5,BID
2020-10-30 10:46:49,UNH,301.94,3,ASK
2020-10-30 10:46:51,UNH,301.52,5,BID
2020-10-30 10:46:49,UNH,301.94,3,ASK
2020-10-30 10:46:51,UNH,301.52,5,BID
2020-10-30 10:46:49,UNH,301.94,3,ASK
2020-10-30 10:46:51,UNH,301.52,5,BID
2020-10-30 10:46:49,UNH,301.94,3,ASK
2020-10-30 10:46:51,UNH,301.52,5,BID
2020-10-30 10:46:49,UNH,301.94,3,ASK
2020-10-30 10:46:51,UNH,301.52,5,BID
2020-10-30 10:46:49,UNH,301.94,3,ASK
2020-10-30 10:46:51,UNH,301.52,5,BID
2020-10-30 10:46:49,UNH,301.94,3,ASK
2020-10-30 10:46:51,UNH,301.52,5,BID
2020-10-30 10:46:49,UNH,301.94,3,ASK
2020-10-30 10:46:51,UNH,301.52,5,BID
2020-10-30 10:46:49,UNH,301.94,3,ASK
2020-10-30 10:46:56,UNH,301.52,5,BID
2020-10-30 10:46:56,UNH,301.91,3,ASK
2020-10-30 10:47:00,UNH,301.52,5,BID
2020-10-30 10:46:56,UNH,301.91,3,ASK
2020-10-30 10:47:01,UNH,301.55,4,BID
2020-10-30 10:47:01,UNH,302.03,4,ASK
2020-10-30 10:47:02,UNH,301.55,4,BID
2020-10-30 10:47:02,UNH,302.02,1,ASK
2020-10-30 10:47:02,UNH,301.55,4,BID
2020-10-30 10:47:02,UNH,302.02,1,ASK
2020-10-30 10:47:02,UNH,301.55,4,BID
2020-10-30 10:47:02,UNH,302.02,1,ASK
2020-10-30 10:47:02,UNH,301.55,4,BID
2020-10-30 10:47:02,UNH,302.02,1,ASK
2020-10-30 10:47:02,UNH,301.55,4,BID
2020-10-30 10:47:02,UNH,302.02,1,ASK
2020-10-30 10:47:02,UNH,301.55,4,BID
2020-10-30 10:47:02,UNH,302.02,1,ASK
2020-10-30 10:47:02,UNH,301.55,4,BID
2020-10-30 10:47:02,UNH,303.76,1,ASK
2020-10-30 10:47:02,UNH,301.55,4,BID
2020-10-30 10:47:02,UNH,302.02,1,ASK
2020-10-30 10:47:07,UNH,301.59,5,BID
2020-10-30 10:47:07,UNH,301.95,3,ASK
2020-10-30 10:47:07,UNH,301.59,5,BID
2020-10-30 10:47:07,UNH,301.95,3,ASK
2020-10-30 10:47:07,UNH,301.59,5,BID
2020-10-30 10:47:07,UNH,301.95,3,ASK
2020-10-30 10:47:07,UNH,301.59,5,BID
2020-10-30 10:47:07,UNH,301.95,3,ASK
2020-10-30 10:47:07,UNH,301.59,5,BID
2020-10-30 10:47:07,UNH,301.95,3,ASK
2020-10-30 10:47:07,UNH,301.59,5,BID
2020-10-30 10:47:07,UNH,301.95,3,ASK
2020-10-30 10:47:07,UNH,301.59,5,BID
2020-10-30 10:47:07,UNH,301.95,3,ASK
2020-10-30 10:47:07,UNH,301.59,5,BID
2020-10-30 10:47:07,UNH,301.95,3,ASK
2020-10-30 10:47:07,UNH,301.59,5,BID
2020-10-30 10:47:07,UNH,301.95,3,ASK
2020-10-30 10:47:09,UNH,301.6,1,BID
2020-10-30 10:47:09,UNH,301.95,3,ASK
2020-10-30 10:47:07,UNH,301.59,5,BID
2020-10-30 10:47:09,UNH,301.95,3,ASK
2020-10-30 10:47:07,UNH,301.59,5,BID
2020-10-30 10:47:09,UNH,301.95,3,ASK
2020-10-30 10:47:07,UNH,301.59,5,BID
2020-10-30 10:47:10,UNH,301.95,3,ASK
2020-10-30 10:47:07,UNH,301.59,5,BID
2020-10-30 10:47:10,UNH,301.95,3,ASK
2020-10-30 10:47:07,UNH,301.59,5,BID
2020-10-30 10:47:10,UNH,301.95,3,ASK
2020-10-30 10:47:07,UNH,301.59,5,BID
2020-10-30 10:47:10,UNH,301.95,3,ASK
2020-10-30 10:47:14,UNH,301.72,3,BID
2020-10-30 10:47:10,UNH,301.95,3,ASK
2020-10-30 10:47:15,UNH,301.72,3,BID
2020-10-30 10:47:10,UNH,301.95,3,ASK
2020-10-30 10:47:16,UNH,301.72,3,BID
2020-10-30 10:47:16,UNH,301.95,5,ASK
2020-10-30 10:47:16,UNH,301.72,3,BID
2020-10-30 10:47:19,UNH,301.93,3,ASK
2020-10-30 10:47:16,UNH,301.72,3,BID
2020-10-30 10:47:20,UNH,301.95,4,ASK
2020-10-30 10:47:21,UNH,301.73,1,BID
2020-10-30 10:47:21,UNH,301.94,6,ASK
2020-10-30 10:47:21,UNH,301.72,4,BID
2020-10-30 10:47:21,UNH,301.93,3,ASK
2020-10-30 10:47:23,UNH,301.72,4,BID
2020-10-30 10:47:23,UNH,301.93,5,ASK
2020-10-30 10:47:23,UNH,301.73,2,BID
2020-10-30 10:47:23,UNH,301.93,5,ASK
2020-10-30 10:47:23,UNH,301.72,4,BID
2020-10-30 10:47:24,UNH,301.93,5,ASK
2020-10-30 10:47:23,UNH,301.72,4,BID
2020-10-30 10:47:24,UNH,301.93,5,ASK
2020-10-30 10:47:23,UNH,301.72,4,BID
2020-10-30 10:47:25,UNH,301.93,5,ASK
2020-10-30 10:47:27,UNH,301.72,6,BID
2020-10-30 10:47:27,UNH,301.93,5,ASK
2020-10-30 10:47:27,UNH,301.72,6,BID
2020-10-30 10:47:27,UNH,301.93,5,ASK
2020-10-30 10:47:30,UNH,301.72,6,BID
2020-10-30 10:47:30,UNH,301.93,5,ASK
2020-10-30 10:47:31,UNH,301.72,6,BID
2020-10-30 10:47:31,UNH,301.93,5,ASK
2020-10-30 10:47:31,UNH,301.72,6,BID
2020-10-30 10:47:31,UNH,301.93,5,ASK
2020-10-30 10:47:31,UNH,301.72,6,BID
2020-10-30 10:47:31,UNH,301.93,5,ASK
2020-10-30 10:47:31,UNH,301.72,6,BID
2020-10-30 10:47:31,UNH,301.93,5,ASK
2020-10-30 10:47:36,UNH,301.72,2,BID
2020-10-30 10:47:36,UNH,301.93,5,ASK
2020-10-30 10:47:37,UNH,301.52,4,BID
2020-10-30 10:47:37,UNH,301.83,3,ASK
2020-10-30 10:47:37,UNH,301.52,3,BID
2020-10-30 10:47:37,UNH,301.83,5,ASK
2020-10-30 10:47:37,UNH,301.52,3,BID
2020-10-30 10:47:37,UNH,301.69,2,ASK
2020-10-30 10:47:38,UNH,301.52,3,BID
2020-10-30 10:47:38,UNH,301.69,3,ASK
2020-10-30 10:47:40,UNH,301.52,3,BID
2020-10-30 10:47:37,UNH,301.69,3,ASK
2020-10-30 10:47:40,UNH,301.52,3,BID
2020-10-30 10:47:37,UNH,301.69,3,ASK
2020-10-30 10:47:40,UNH,301.52,3,BID
2020-10-30 10:47:37,UNH,301.69,3,ASK
2020-10-30 10:47:42,UNH,301.52,3,BID
2020-10-30 10:47:37,UNH,301.69,3,ASK
2020-10-30 10:47:42,UNH,301.52,3,BID
2020-10-30 10:47:37,UNH,301.69,3,ASK
2020-10-30 10:47:42,UNH,301.52,3,BID
2020-10-30 10:47:37,UNH,301.69,3,ASK
2020-10-30 10:47:42,UNH,301.52,3,BID
2020-10-30 10:47:37,UNH,301.69,3,ASK
2020-10-30 10:47:42,UNH,301.52,3,BID
2020-10-30 10:47:37,UNH,301.69,3,ASK
2020-10-30 10:47:47,UNH,301.52,3,BID
2020-10-30 10:47:37,UNH,301.69,3,ASK
2020-10-30 10:47:48,UNH,301.52,2,BID
2020-10-30 10:47:48,UNH,301.6,6,ASK
2020-10-30 10:47:49,UNH,301.44,1,BID
2020-10-30 10:47:49,UNH,301.6,4,ASK
2020-10-30 10:47:50,UNH,301.41,3,BID
2020-10-30 10:47:50,UNH,301.59,3,ASK
2020-10-30 10:47:51,UNH,301.25,3,BID
2020-10-30 10:47:51,UNH,301.57,1,ASK
2020-10-30 10:47:52,UNH,301.21,1,BID
2020-10-30 10:47:52,UNH,301.5,5,ASK
2020-10-30 10:47:52,UNH,301.2,4,BID
2020-10-30 10:47:52,UNH,301.49,7,ASK
2020-10-30 10:47:53,UNH,301.2,4,BID
2020-10-30 10:47:53,UNH,301.47,8,ASK
2020-10-30 10:47:54,UNH,301.25,1,BID
2020-10-30 10:47:54,UNH,301.47,6,ASK
2020-10-30 10:47:55,UNH,301.25,1,BID
2020-10-30 10:47:55,UNH,301.47,6,ASK
2020-10-30 10:47:56,UNH,301.2,4,BID
2020-10-30 10:47:56,UNH,301.47,6,ASK
2020-10-30 10:47:57,UNH,301.2,4,BID
2020-10-30 10:47:57,UNH,301.46,1,ASK
2020-10-30 10:47:58,UNH,301.2,5,BID
2020-10-30 10:47:58,UNH,301.35,2,ASK
2020-10-30 10:47:58,UNH,301.1,1,BID
2020-10-30 10:47:58,UNH,301.26,3,ASK
2020-10-30 10:48:00,UNH,301.03,1,BID
2020-10-30 10:48:00,UNH,301.17,1,ASK
2020-10-30 10:48:00,UNH,301.04,2,BID
2020-10-30 10:48:00,UNH,301.17,2,ASK
2020-10-30 10:48:00,UNH,301.16,1,BID
2020-10-30 10:48:00,UNH,301.25,4,ASK
2020-10-30 10:48:02,UNH,301.05,2,BID
2020-10-30 10:48:02,UNH,301.44,2,ASK
2020-10-30 10:48:03,UNH,301.05,2,BID
2020-10-30 10:48:03,UNH,301.44,4,ASK
2020-10-30 10:48:01,UNH,301.04,3,BID
2020-10-30 10:48:04,UNH,301.41,3,ASK
2020-10-30 10:48:05,UNH,301.1,1,BID
2020-10-30 10:48:05,UNH,301.4,8,ASK
2020-10-30 10:48:06,UNH,301.1,1,BID
2020-10-30 10:48:06,UNH,301.37,3,ASK
2020-10-30 10:48:08,UNH,301.11,5,BID
2020-10-30 10:48:07,UNH,301.37,5,ASK
2020-10-30 10:48:09,UNH,301.12,2,BID
2020-10-30 10:48:07,UNH,301.37,5,ASK
2020-10-30 10:48:10,UNH,301.19,5,BID
2020-10-30 10:48:10,UNH,301.6,3,ASK
2020-10-30 10:48:11,UNH,301.19,5,BID
2020-10-30 10:48:11,UNH,301.57,2,ASK
2020-10-30 10:48:11,UNH,301.19,5,BID
2020-10-30 10:48:11,UNH,301.57,4,ASK
2020-10-30 10:48:11,UNH,301.19,5,BID
2020-10-30 10:48:11,UNH,301.57,4,ASK
2020-10-30 10:48:15,UNH,301.22,2,BID
2020-10-30 10:48:15,UNH,301.57,6,ASK
2020-10-30 10:48:15,UNH,301.22,2,BID
2020-10-30 10:48:15,UNH,301.57,6,ASK
2020-10-30 10:48:15,UNH,301.22,2,BID
2020-10-30 10:48:15,UNH,301.57,6,ASK
2020-10-30 10:48:15,UNH,301.22,2,BID
2020-10-30 10:48:15,UNH,301.57,6,ASK
2020-10-30 10:48:19,UNH,301.22,3,BID
2020-10-30 10:48:19,UNH,301.57,6,ASK
2020-10-30 10:48:20,UNH,301.24,3,BID
2020-10-30 10:48:20,UNH,301.57,6,ASK
2020-10-30 10:48:20,UNH,301.24,3,BID
2020-10-30 10:48:20,UNH,301.57,6,ASK
2020-10-30 10:48:20,UNH,301.24,3,BID
2020-10-30 10:48:20,UNH,301.57,6,ASK
2020-10-30 10:48:20,UNH,301.24,3,BID
2020-10-30 10:48:24,UNH,301.57,6,ASK
2020-10-30 10:48:24,UNH,301.25,3,BID
2020-10-30 10:48:24,UNH,301.57,6,ASK
2020-10-30 10:48:26,UNH,301.25,3,BID
2020-10-30 10:48:26,UNH,301.57,6,ASK
2020-10-30 10:48:27,UNH,301.28,1,BID
2020-10-30 10:48:27,UNH,301.63,1,ASK
2020-10-30 10:48:27,UNH,301.27,2,BID
2020-10-30 10:48:27,UNH,301.64,3,ASK
2020-10-30 10:48:30,UNH,301.27,2,BID
2020-10-30 10:48:30,UNH,301.64,3,ASK
2020-10-30 10:48:31,UNH,301.27,4,BID
2020-10-30 10:48:31,UNH,301.64,6,ASK
2020-10-30 10:48:32,UNH,301.28,3,BID
2020-10-30 10:48:31,UNH,301.64,6,ASK
2020-10-30 10:48:32,UNH,301.28,3,BID
2020-10-30 10:48:31,UNH,301.64,6,ASK
2020-10-30 10:48:32,UNH,301.28,3,BID
2020-10-30 10:48:31,UNH,301.64,6,ASK
2020-10-30 10:48:32,UNH,301.28,3,BID
2020-10-30 10:48:31,UNH,301.64,6,ASK
2020-10-30 10:48:39,UNH,301.28,3,BID
2020-10-30 10:48:31,UNH,301.64,6,ASK
2020-10-30 10:48:41,UNH,301.28,3,BID
2020-10-30 10:48:41,UNH,301.63,1,ASK
2020-10-30 10:48:41,UNH,301.28,3,BID
2020-10-30 10:48:41,UNH,301.63,1,ASK
2020-10-30 10:48:43,UNH,301.28,3,BID
2020-10-30 10:48:43,UNH,301.63,3,ASK
2020-10-30 10:48:44,UNH,301.28,3,BID
2020-10-30 10:48:44,UNH,301.56,1,ASK
2020-10-30 10:48:44,UNH,301.28,3,BID
2020-10-30 10:48:44,UNH,301.56,1,ASK
2020-10-30 10:48:48,UNH,301.42,3,BID
2020-10-30 10:48:48,UNH,301.65,1,ASK
2020-10-30 10:48:50,UNH,301.58,1,BID
2020-10-30 10:48:50,UNH,301.76,2,ASK
2020-10-30 10:48:51,UNH,301.76,3,BID
2020-10-30 10:48:51,UNH,302.0,2,ASK
2020-10-30 10:48:53,UNH,301.76,5,BID
2020-10-30 10:48:53,UNH,302.0,5,ASK
2020-10-30 10:48:54,UNH,301.76,5,BID
2020-10-30 10:48:54,UNH,302.0,5,ASK
2020-10-30 10:48:54,UNH,301.76,5,BID
2020-10-30 10:48:54,UNH,302.0,5,ASK
2020-10-30 10:48:57,UNH,301.53,2,BID
2020-10-30 10:48:57,UNH,301.87,7,ASK
2020-10-30 10:48:58,UNH,301.55,5,BID
2020-10-30 10:48:58,UNH,301.89,3,ASK
2020-10-30 10:48:58,UNH,301.55,5,BID
2020-10-30 10:48:58,UNH,301.89,3,ASK
2020-10-30 10:49:00,UNH,301.55,5,BID
2020-10-30 10:49:00,UNH,301.89,3,ASK
2020-10-30 10:49:00,UNH,301.55,5,BID
2020-10-30 10:49:00,UNH,301.89,3,ASK
2020-10-30 10:49:00,UNH,301.55,5,BID
2020-10-30 10:49:00,UNH,301.89,3,ASK
2020-10-30 10:49:00,UNH,301.55,5,BID
2020-10-30 10:49:00,UNH,301.89,3,ASK
2020-10-30 10:49:00,UNH,301.55,5,BID
2020-10-30 10:49:00,UNH,301.89,3,ASK
2020-10-30 10:49:00,UNH,301.55,5,BID
2020-10-30 10:49:00,UNH,301.89,3,ASK
2020-10-30 10:49:00,UNH,301.55,5,BID
2020-10-30 10:49:00,UNH,301.89,3,ASK
2020-10-30 10:49:00,UNH,301.55,5,BID
2020-10-30 10:49:00,UNH,301.89,3,ASK
2020-10-30 10:49:00,UNH,301.55,5,BID
2020-10-30 10:49:00,UNH,301.89,3,ASK
2020-10-30 10:49:00,UNH,301.55,5,BID
2020-10-30 10:49:00,UNH,301.89,3,ASK
2020-10-30 10:49:00,UNH,301.55,5,BID
2020-10-30 10:49:00,UNH,301.89,3,ASK
2020-10-30 10:49:00,UNH,301.55,5,BID
2020-10-30 10:49:00,UNH,301.89,3,ASK
2020-10-30 10:49:00,UNH,301.55,5,BID
2020-10-30 10:49:00,UNH,301.89,3,ASK
2020-10-30 10:49:00,UNH,301.55,5,BID
2020-10-30 10:49:00,UNH,301.89,3,ASK
2020-10-30 10:49:00,UNH,301.55,5,BID
2020-10-30 10:49:00,UNH,301.89,3,ASK
2020-10-30 10:49:00,UNH,301.55,5,BID
2020-10-30 10:49:00,UNH,301.89,3,ASK
2020-10-30 10:49:00,UNH,301.55,5,BID
2020-10-30 10:49:00,UNH,301.89,3,ASK
2020-10-30 10:49:00,UNH,301.55,5,BID
2020-10-30 10:49:00,UNH,301.89,3,ASK
2020-10-30 10:49:00,UNH,301.55,5,BID
2020-10-30 10:49:00,UNH,301.89,3,ASK
2020-10-30 10:49:00,UNH,301.55,5,BID
2020-10-30 10:49:00,UNH,301.89,3,ASK
2020-10-30 10:49:00,UNH,301.55,5,BID
2020-10-30 10:49:00,UNH,301.89,3,ASK
2020-10-30 10:49:00,UNH,301.55,5,BID
2020-10-30 10:49:00,UNH,301.89,3,ASK
2020-10-30 10:49:00,UNH,301.55,5,BID
2020-10-30 10:49:00,UNH,301.89,3,ASK
2020-10-30 10:49:00,UNH,301.55,5,BID
2020-10-30 10:49:00,UNH,301.89,3,ASK
2020-10-30 10:49:00,UNH,301.55,5,BID
2020-10-30 10:49:00,UNH,301.89,3,ASK
2020-10-30 10:49:00,UNH,301.55,5,BID
2020-10-30 10:49:00,UNH,301.89,3,ASK
2020-10-30 10:49:00,UNH,301.55,5,BID
2020-10-30 10:49:00,UNH,301.89,3,ASK
2020-10-30 10:49:00,UNH,301.55,5,BID
2020-10-30 10:49:00,UNH,301.89,3,ASK
2020-10-30 10:49:09,UNH,301.73,1,BID
2020-10-30 10:49:09,UNH,302.01,3,ASK
2020-10-30 10:49:09,UNH,301.73,1,BID
2020-10-30 10:49:09,UNH,302.01,3,ASK
2020-10-30 10:49:12,UNH,301.89,1,BID
2020-10-30 10:49:12,UNH,302.24,3,ASK
2020-10-30 10:49:13,UNH,301.85,2,BID
2020-10-30 10:49:13,UNH,302.24,6,ASK
2020-10-30 10:49:13,UNH,301.85,2,BID
2020-10-30 10:49:13,UNH,302.24,4,ASK
2020-10-30 10:49:14,UNH,301.85,2,BID
2020-10-30 10:49:13,UNH,302.24,4,ASK
2020-10-30 10:49:14,UNH,301.85,2,BID
2020-10-30 10:49:13,UNH,302.24,4,ASK
2020-10-30 10:49:14,UNH,301.85,2,BID
2020-10-30 10:49:13,UNH,302.24,4,ASK
2020-10-30 10:49:14,UNH,301.85,2,BID
2020-10-30 10:49:13,UNH,302.24,4,ASK
2020-10-30 10:49:14,UNH,301.85,2,BID
2020-10-30 10:49:13,UNH,302.24,4,ASK
2020-10-30 10:49:14,UNH,301.85,2,BID
2020-10-30 10:49:13,UNH,302.24,4,ASK
2020-10-30 10:49:14,UNH,301.85,2,BID
2020-10-30 10:49:13,UNH,302.24,4,ASK
2020-10-30 10:49:14,UNH,301.85,2,BID
2020-10-30 10:49:13,UNH,302.24,4,ASK
2020-10-30 10:49:23,UNH,301.85,2,BID
2020-10-30 10:49:23,UNH,302.24,4,ASK
2020-10-30 10:49:25,UNH,301.85,2,BID
2020-10-30 10:49:24,UNH,302.22,4,ASK
2020-10-30 10:49:26,UNH,301.85,2,BID
2020-10-30 10:49:26,UNH,302.21,8,ASK
2020-10-30 10:49:28,UNH,301.85,6,BID
2020-10-30 10:49:28,UNH,302.2,3,ASK
2020-10-30 10:49:30,UNH,301.85,6,BID
2020-10-30 10:49:27,UNH,302.21,10,ASK
2020-10-30 10:49:31,UNH,302.0,1,BID
2020-10-30 10:49:27,UNH,302.21,10,ASK
2020-10-30 10:49:32,UNH,301.89,3,BID
2020-10-30 10:49:32,UNH,302.2,9,ASK
2020-10-30 10:49:32,UNH,301.89,3,BID
2020-10-30 10:49:32,UNH,302.19,2,ASK
2020-10-30 10:49:32,UNH,301.89,3,BID
2020-10-30 10:49:32,UNH,302.19,2,ASK
2020-10-30 10:49:32,UNH,301.89,3,BID
2020-10-30 10:49:32,UNH,302.19,2,ASK
2020-10-30 10:49:32,UNH,301.89,3,BID
2020-10-30 10:49:32,UNH,302.19,2,ASK
2020-10-30 10:49:32,UNH,301.89,3,BID
2020-10-30 10:49:32,UNH,302.19,2,ASK
2020-10-30 10:49:32,UNH,301.89,3,BID
2020-10-30 10:49:32,UNH,302.19,2,ASK
2020-10-30 10:49:32,UNH,301.85,4,BID
2020-10-30 10:49:37,UNH,302.15,10,ASK
2020-10-30 10:49:32,UNH,301.85,4,BID
2020-10-30 10:49:37,UNH,302.15,10,ASK
2020-10-30 10:49:32,UNH,301.85,4,BID
2020-10-30 10:49:38,UNH,302.15,11,ASK
2020-10-30 10:49:32,UNH,301.85,4,BID
2020-10-30 10:49:38,UNH,302.15,11,ASK
2020-10-30 10:49:40,UNH,301.75,1,BID
2020-10-30 10:49:40,UNH,301.99,6,ASK
2020-10-30 10:49:41,UNH,301.46,2,BID
2020-10-30 10:49:41,UNH,301.99,2,ASK
2020-10-30 10:49:43,UNH,301.46,2,BID
2020-10-30 10:49:43,UNH,301.99,5,ASK
2020-10-30 10:49:44,UNH,301.46,3,BID
2020-10-30 10:49:44,UNH,301.98,5,ASK
2020-10-30 10:49:46,UNH,301.46,4,BID
2020-10-30 10:49:47,UNH,301.96,5,ASK
2020-10-30 10:49:49,UNH,301.62,1,BID
2020-10-30 10:49:49,UNH,301.96,5,ASK
2020-10-30 10:49:49,UNH,301.62,1,BID
2020-10-30 10:49:49,UNH,301.96,5,ASK
2020-10-30 10:49:50,UNH,301.62,1,BID
2020-10-30 10:49:50,UNH,301.96,5,ASK
2020-10-30 10:49:51,UNH,301.63,1,BID
2020-10-30 10:49:51,UNH,301.96,5,ASK
2020-10-30 10:49:52,UNH,301.63,2,BID
2020-10-30 10:49:52,UNH,301.94,7,ASK
2020-10-30 10:49:53,UNH,301.62,2,BID
2020-10-30 10:49:53,UNH,301.94,7,ASK
2020-10-30 10:49:54,UNH,301.62,6,BID
2020-10-30 10:49:55,UNH,301.94,7,ASK
2020-10-30 10:49:57,UNH,301.48,1,BID
2020-10-30 10:49:57,UNH,301.91,4,ASK
2020-10-30 10:49:58,UNH,301.49,2,BID
2020-10-30 10:49:58,UNH,301.9,3,ASK
2020-10-30 10:50:00,UNH,301.59,1,BID
2020-10-30 10:50:00,UNH,301.89,2,ASK
2020-10-30 10:50:00,UNH,301.49,2,BID
2020-10-30 10:50:00,UNH,301.9,9,ASK
2020-10-30 10:50:01,UNH,301.51,1,BID
2020-10-30 10:50:01,UNH,301.89,1,ASK
2020-10-30 10:50:02,UNH,301.51,1,BID
2020-10-30 10:50:02,UNH,301.89,2,ASK
2020-10-30 10:50:03,UNH,301.51,4,BID
2020-10-30 10:50:03,UNH,301.88,2,ASK
2020-10-30 10:50:03,UNH,301.5,1,BID
2020-10-30 10:50:03,UNH,301.88,2,ASK
2020-10-30 10:50:04,UNH,301.43,5,BID
2020-10-30 10:50:04,UNH,301.87,6,ASK
2020-10-30 10:50:05,UNH,301.43,6,BID
2020-10-30 10:50:05,UNH,301.69,1,ASK
2020-10-30 10:50:06,UNH,301.42,1,BID
2020-10-30 10:50:06,UNH,301.81,2,ASK
2020-10-30 10:50:07,UNH,301.42,1,BID
2020-10-30 10:50:07,UNH,301.8,3,ASK
2020-10-30 10:50:08,UNH,301.42,2,BID
2020-10-30 10:50:08,UNH,301.8,5,ASK
2020-10-30 10:50:08,UNH,301.42,2,BID
2020-10-30 10:50:08,UNH,301.79,7,ASK
2020-10-30 10:50:08,UNH,301.42,2,BID
2020-10-30 10:50:08,UNH,301.79,7,ASK
2020-10-30 10:50:10,UNH,301.43,2,BID
2020-10-30 10:50:09,UNH,301.78,4,ASK
2020-10-30 10:50:11,UNH,301.44,2,BID
2020-10-30 10:50:11,UNH,301.78,7,ASK
2020-10-30 10:50:13,UNH,301.41,2,BID
2020-10-30 10:50:13,UNH,301.77,3,ASK
2020-10-30 10:50:13,UNH,301.41,2,BID
2020-10-30 10:50:14,UNH,301.75,1,ASK
2020-10-30 10:50:14,UNH,301.42,1,BID
2020-10-30 10:50:14,UNH,301.75,2,ASK
2020-10-30 10:50:16,UNH,301.44,2,BID
2020-10-30 10:50:16,UNH,301.76,3,ASK
2020-10-30 10:50:16,UNH,301.44,3,BID
2020-10-30 10:50:16,UNH,301.76,3,ASK
2020-10-30 10:50:16,UNH,301.44,3,BID
2020-10-30 10:50:16,UNH,301.76,3,ASK
2020-10-30 10:50:18,UNH,301.55,4,BID
2020-10-30 10:50:18,UNH,301.75,1,ASK
2020-10-30 10:50:20,UNH,301.55,4,BID
2020-10-30 10:50:20,UNH,301.76,5,ASK
2020-10-30 10:50:22,UNH,301.36,1,BID
2020-10-30 10:50:22,UNH,301.74,6,ASK
2020-10-30 10:50:23,UNH,301.36,1,BID
2020-10-30 10:50:23,UNH,301.74,6,ASK
2020-10-30 10:50:24,UNH,301.36,3,BID
2020-10-30 10:50:25,UNH,301.71,1,ASK
2020-10-30 10:50:25,UNH,301.36,2,BID
2020-10-30 10:50:26,UNH,301.71,1,ASK
2020-10-30 10:50:25,UNH,301.36,3,BID
2020-10-30 10:50:26,UNH,301.71,1,ASK
2020-10-30 10:50:28,UNH,301.36,3,BID
2020-10-30 10:50:28,UNH,301.7,4,ASK
2020-10-30 10:50:29,UNH,301.32,1,BID
2020-10-30 10:50:29,UNH,301.6,1,ASK
2020-10-30 10:50:31,UNH,301.32,1,BID
2020-10-30 10:50:31,UNH,301.6,1,ASK
2020-10-30 10:50:31,UNH,301.33,2,BID
2020-10-30 10:50:31,UNH,301.6,2,ASK
2020-10-30 10:50:33,UNH,301.33,3,BID
2020-10-30 10:50:33,UNH,301.6,2,ASK
2020-10-30 10:50:34,UNH,301.31,1,BID
2020-10-30 10:50:33,UNH,301.6,3,ASK
2020-10-30 10:50:34,UNH,301.31,1,BID
2020-10-30 10:50:33,UNH,301.6,3,ASK
2020-10-30 10:50:34,UNH,301.31,1,BID
2020-10-30 10:50:33,UNH,301.6,3,ASK
2020-10-30 10:50:36,UNH,301.33,3,BID
2020-10-30 10:50:33,UNH,301.6,3,ASK
2020-10-30 10:50:37,UNH,301.31,1,BID
2020-10-30 10:50:33,UNH,301.6,3,ASK
2020-10-30 10:50:38,UNH,301.31,2,BID
2020-10-30 10:50:33,UNH,301.6,3,ASK
2020-10-30 10:50:40,UNH,301.31,2,BID
2020-10-30 10:50:33,UNH,301.6,3,ASK
2020-10-30 10:50:41,UNH,301.31,2,BID
2020-10-30 10:50:33,UNH,301.6,3,ASK
2020-10-30 10:50:43,UNH,301.32,4,BID
2020-10-30 10:50:33,UNH,301.6,3,ASK
2020-10-30 10:50:43,UNH,301.32,4,BID
2020-10-30 10:50:33,UNH,301.6,3,ASK
2020-10-30 10:50:46,UNH,301.32,3,BID
2020-10-30 10:50:46,UNH,301.59,1,ASK
2020-10-30 10:50:49,UNH,301.32,3,BID
2020-10-30 10:50:49,UNH,301.56,1,ASK
2020-10-30 10:50:28,UNH,301.24,3,BID
2020-10-30 10:50:50,UNH,301.55,3,ASK
2020-10-30 10:50:52,UNH,301.25,2,BID
2020-10-30 10:50:52,UNH,301.53,2,ASK
2020-10-30 10:50:54,UNH,301.18,3,BID
2020-10-30 10:50:54,UNH,301.45,1,ASK
2020-10-30 10:50:55,UNH,301.18,4,BID
2020-10-30 10:50:56,UNH,301.45,1,ASK
2020-10-30 10:50:55,UNH,301.18,4,BID
2020-10-30 10:50:56,UNH,301.45,2,ASK
2020-10-30 10:50:57,UNH,301.25,1,BID
2020-10-30 10:50:57,UNH,301.45,2,ASK
2020-10-30 10:50:57,UNH,301.25,1,BID
2020-10-30 10:50:57,UNH,301.45,2,ASK
2020-10-30 10:50:57,UNH,301.25,1,BID
2020-10-30 10:50:57,UNH,301.45,2,ASK
2020-10-30 10:51:00,UNH,301.25,1,BID
2020-10-30 10:51:00,UNH,301.45,2,ASK
2020-10-30 10:51:00,UNH,301.25,4,BID
2020-10-30 10:51:00,UNH,301.45,2,ASK
2020-10-30 10:51:01,UNH,301.25,4,BID
2020-10-30 10:51:01,UNH,301.45,2,ASK
2020-10-30 10:51:03,UNH,301.26,1,BID
2020-10-30 10:51:03,UNH,301.54,3,ASK
2020-10-30 10:51:03,UNH,301.43,2,BID
2020-10-30 10:51:03,UNH,302.01,1,ASK
2020-10-30 10:51:04,UNH,301.48,4,BID
2020-10-30 10:51:04,UNH,302.0,2,ASK
2020-10-30 10:51:04,UNH,301.48,4,BID
2020-10-30 10:51:04,UNH,302.0,2,ASK
2020-10-30 10:51:05,UNH,301.4,4,BID
2020-10-30 10:51:05,UNH,301.97,1,ASK
2020-10-30 10:51:05,UNH,301.4,5,BID
2020-10-30 10:51:05,UNH,301.72,1,ASK
2020-10-30 10:51:07,UNH,301.4,5,BID
2020-10-30 10:51:07,UNH,301.72,1,ASK
2020-10-30 10:51:09,UNH,301.4,6,BID
2020-10-30 10:51:09,UNH,301.69,2,ASK
2020-10-30 10:51:10,UNH,301.4,6,BID
2020-10-30 10:51:10,UNH,301.69,3,ASK
2020-10-30 10:51:11,UNH,301.4,6,BID
2020-10-30 10:51:11,UNH,301.69,4,ASK
2020-10-30 10:51:14,UNH,301.25,6,BID
2020-10-30 10:51:14,UNH,301.5,3,ASK
2020-10-30 10:51:14,UNH,301.28,1,BID
2020-10-30 10:51:14,UNH,301.5,3,ASK
2020-10-30 10:51:17,UNH,301.28,2,BID
2020-10-30 10:51:17,UNH,301.5,3,ASK
2020-10-30 10:51:18,UNH,301.31,1,BID
2020-10-30 10:51:18,UNH,301.5,1,ASK
2020-10-30 10:51:19,UNH,301.41,1,BID
2020-10-30 10:51:19,UNH,301.69,3,ASK
2020-10-30 10:51:19,UNH,301.41,1,BID
2020-10-30 10:51:19,UNH,301.69,3,ASK
2020-10-30 10:51:20,UNH,301.41,1,BID
2020-10-30 10:51:20,UNH,301.69,5,ASK
2020-10-30 10:51:20,UNH,301.42,3,BID
2020-10-30 10:51:20,UNH,301.69,5,ASK
2020-10-30 10:51:20,UNH,301.42,3,BID
2020-10-30 10:51:20,UNH,301.69,5,ASK
2020-10-30 10:51:21,UNH,301.42,3,BID
2020-10-30 10:51:21,UNH,301.69,5,ASK
2020-10-30 10:51:21,UNH,301.42,3,BID
2020-10-30 10:51:21,UNH,301.69,5,ASK
2020-10-30 10:51:21,UNH,301.42,3,BID
2020-10-30 10:51:21,UNH,301.69,5,ASK
2020-10-30 10:51:23,UNH,301.43,3,BID
2020-10-30 10:51:23,UNH,301.69,5,ASK
2020-10-30 10:51:23,UNH,301.43,3,BID
