timestamp,ticker,price,volume,bid_ask
2020-10-30 10:31:26,V,181.32,2,BID
2020-10-30 10:31:25,V,181.39,22,ASK
2020-10-30 10:31:26,V,181.32,2,BID
2020-10-30 10:31:25,V,181.39,22,ASK
2020-10-30 10:31:29,V,181.26,5,BID
2020-10-30 10:31:29,V,181.35,1,ASK
2020-10-30 10:31:29,V,181.25,5,BID
2020-10-30 10:31:29,V,181.37,3,ASK
2020-10-30 10:31:31,V,181.25,1,BID
2020-10-30 10:31:31,V,181.35,2,ASK
2020-10-30 10:31:31,V,181.25,2,BID
2020-10-30 10:31:31,V,181.35,4,ASK
2020-10-30 10:31:18,V,181.21,2,BID
2020-10-30 10:31:32,V,181.3,3,ASK
2020-10-30 10:31:33,V,181.16,1,BID
2020-10-30 10:31:33,V,181.27,3,ASK
2020-10-30 10:31:34,V,181.16,2,BID
2020-10-30 10:31:34,V,181.27,3,ASK
2020-10-30 10:31:34,V,181.16,2,BID
2020-10-30 10:31:35,V,181.31,6,ASK
2020-10-30 10:31:37,V,181.19,4,BID
2020-10-30 10:31:37,V,181.27,2,ASK
2020-10-30 10:31:38,V,181.19,3,BID
2020-10-30 10:31:38,V,181.28,10,ASK
2020-10-30 10:31:38,V,181.19,4,BID
2020-10-30 10:31:38,V,181.28,12,ASK
2020-10-30 10:31:38,V,181.19,3,BID
2020-10-30 10:31:40,V,181.26,3,ASK
2020-10-30 10:31:38,V,181.19,3,BID
2020-10-30 10:31:41,V,181.27,6,ASK
2020-10-30 10:31:42,V,181.19,4,BID
2020-10-30 10:31:42,V,181.27,6,ASK
2020-10-30 10:31:43,V,181.19,5,BID
2020-10-30 10:31:43,V,181.27,8,ASK
2020-10-30 10:31:43,V,181.19,6,BID
2020-10-30 10:31:43,V,181.27,8,ASK
2020-10-30 10:31:43,V,181.19,5,BID
2020-10-30 10:31:44,V,181.27,8,ASK
2020-10-30 10:31:43,V,181.19,5,BID
2020-10-30 10:31:44,V,181.27,8,ASK
2020-10-30 10:31:47,V,181.01,1,BID
2020-10-30 10:31:47,V,181.11,2,ASK
2020-10-30 10:31:47,V,181.01,2,BID
2020-10-30 10:31:47,V,181.1,5,ASK
2020-10-30 10:31:47,V,181.01,2,BID
2020-10-30 10:31:47,V,181.07,2,ASK
2020-10-30 10:31:49,V,180.94,1,BID
2020-10-30 10:31:49,V,181.0,4,ASK
2020-10-30 10:31:50,V,181.02,1,BID
2020-10-30 10:31:50,V,181.07,5,ASK
2020-10-30 10:31:51,V,181.02,3,BID
2020-10-30 10:31:51,V,181.11,1,ASK
2020-10-30 10:31:51,V,181.02,3,BID
2020-10-30 10:31:52,V,181.11,1,ASK
2020-10-30 10:31:53,V,181.03,2,BID
2020-10-30 10:31:53,V,181.11,3,ASK
2020-10-30 10:31:54,V,181.03,3,BID
2020-10-30 10:31:54,V,181.11,3,ASK
2020-10-30 10:31:54,V,181.03,3,BID
2020-10-30 10:31:54,V,181.11,3,ASK
2020-10-30 10:31:54,V,181.03,3,BID
2020-10-30 10:31:54,V,181.11,3,ASK
2020-10-30 10:31:54,V,181.03,3,BID
2020-10-30 10:31:54,V,181.11,3,ASK
2020-10-30 10:31:54,V,181.03,3,BID
2020-10-30 10:31:54,V,181.11,3,ASK
2020-10-30 10:32:00,V,180.88,1,BID
2020-10-30 10:32:00,V,180.99,3,ASK
2020-10-30 10:32:00,V,180.87,1,BID
2020-10-30 10:32:00,V,180.94,1,ASK
2020-10-30 10:32:00,V,180.9,2,BID
2020-10-30 10:32:00,V,180.94,2,ASK
2020-10-30 10:32:00,V,180.87,2,BID
2020-10-30 10:32:00,V,180.92,1,ASK
2020-10-30 10:32:01,V,180.87,1,BID
2020-10-30 10:32:01,V,180.92,4,ASK
2020-10-30 10:32:01,V,180.87,1,BID
2020-10-30 10:32:01,V,180.92,6,ASK
2020-10-30 10:32:02,V,180.87,1,BID
2020-10-30 10:32:01,V,180.92,6,ASK
2020-10-30 10:32:03,V,180.87,2,BID
2020-10-30 10:32:01,V,180.92,6,ASK
2020-10-30 10:32:03,V,180.87,2,BID
2020-10-30 10:32:03,V,180.92,6,ASK
2020-10-30 10:32:03,V,180.87,2,BID
2020-10-30 10:32:03,V,180.92,6,ASK
2020-10-30 10:32:03,V,180.87,2,BID
2020-10-30 10:32:03,V,180.92,6,ASK
2020-10-30 10:32:03,V,180.87,2,BID
2020-10-30 10:32:03,V,180.92,6,ASK
2020-10-30 10:32:07,V,180.87,3,BID
2020-10-30 10:32:08,V,180.92,8,ASK
2020-10-30 10:32:07,V,180.87,3,BID
2020-10-30 10:32:09,V,180.92,8,ASK
2020-10-30 10:32:09,V,180.8,5,BID
2020-10-30 10:32:09,V,180.92,8,ASK
2020-10-30 10:32:10,V,180.85,1,BID
2020-10-30 10:32:10,V,180.91,4,ASK
2020-10-30 10:32:12,V,180.8,3,BID
2020-10-30 10:32:12,V,180.9,3,ASK
2020-10-30 10:32:12,V,180.81,3,BID
2020-10-30 10:32:11,V,180.91,6,ASK
2020-10-30 10:32:13,V,180.84,2,BID
2020-10-30 10:32:13,V,180.91,6,ASK
2020-10-30 10:32:15,V,180.84,2,BID
2020-10-30 10:32:15,V,180.88,2,ASK
2020-10-30 10:32:16,V,180.8,2,BID
2020-10-30 10:32:16,V,180.91,10,ASK
2020-10-30 10:32:17,V,180.8,1,BID
2020-10-30 10:32:17,V,180.87,2,ASK
2020-10-30 10:32:19,V,180.78,3,BID
2020-10-30 10:32:19,V,180.85,3,ASK
2020-10-30 10:32:19,V,180.72,5,BID
2020-10-30 10:32:19,V,180.81,3,ASK
2020-10-30 10:32:20,V,180.72,6,BID
2020-10-30 10:32:20,V,180.79,1,ASK
2020-10-30 10:32:20,V,180.72,6,BID
2020-10-30 10:32:20,V,180.79,1,ASK
2020-10-30 10:32:20,V,180.72,6,BID
2020-10-30 10:32:20,V,180.79,1,ASK
2020-10-30 10:32:21,V,180.65,1,BID
2020-10-30 10:32:21,V,180.74,2,ASK
2020-10-30 10:32:21,V,180.66,2,BID
2020-10-30 10:32:21,V,180.74,4,ASK
2020-10-30 10:32:23,V,180.66,2,BID
2020-10-30 10:32:23,V,180.74,12,ASK
2020-10-30 10:32:23,V,180.66,2,BID
2020-10-30 10:32:23,V,180.74,12,ASK
2020-10-30 10:32:23,V,180.7,2,BID
2020-10-30 10:32:23,V,180.79,3,ASK
2020-10-30 10:32:24,V,180.59,1,BID
2020-10-30 10:32:24,V,180.77,6,ASK
2020-10-30 10:32:24,V,180.59,1,BID
2020-10-30 10:32:24,V,180.75,3,ASK
2020-10-30 10:32:24,V,180.59,1,BID
2020-10-30 10:32:24,V,180.75,3,ASK
2020-10-30 10:32:25,V,180.59,2,BID
2020-10-30 10:32:25,V,180.75,11,ASK
2020-10-30 10:32:25,V,180.64,1,BID
2020-10-30 10:32:25,V,180.75,11,ASK
2020-10-30 10:32:25,V,180.64,2,BID
2020-10-30 10:32:25,V,180.75,11,ASK
2020-10-30 10:32:25,V,180.59,2,BID
2020-10-30 10:32:26,V,180.72,7,ASK
2020-10-30 10:32:27,V,180.6,1,BID
2020-10-30 10:32:27,V,180.72,7,ASK
2020-10-30 10:32:27,V,180.6,1,BID
2020-10-30 10:32:27,V,180.72,7,ASK
2020-10-30 10:32:27,V,180.59,2,BID
2020-10-30 10:32:27,V,180.7,2,ASK
2020-10-30 10:32:27,V,180.59,2,BID
2020-10-30 10:32:28,V,180.7,6,ASK
2020-10-30 10:32:29,V,180.62,3,BID
2020-10-30 10:32:29,V,180.7,6,ASK
2020-10-30 10:32:30,V,180.62,6,BID
2020-10-30 10:32:31,V,180.7,6,ASK
2020-10-30 10:32:30,V,180.62,6,BID
2020-10-30 10:32:31,V,180.7,6,ASK
2020-10-30 10:32:31,V,180.62,6,BID
2020-10-30 10:32:31,V,180.7,6,ASK
2020-10-30 10:32:31,V,180.62,6,BID
2020-10-30 10:32:31,V,180.7,6,ASK
2020-10-30 10:32:31,V,180.62,6,BID
2020-10-30 10:32:31,V,180.7,6,ASK
2020-10-30 10:32:33,V,180.71,7,BID
2020-10-30 10:32:33,V,180.83,3,ASK
2020-10-30 10:32:33,V,180.71,7,BID
2020-10-30 10:32:34,V,180.84,3,ASK
2020-10-30 10:32:34,V,180.71,8,BID
2020-10-30 10:32:35,V,180.82,5,ASK
2020-10-30 10:32:36,V,180.71,8,BID
2020-10-30 10:32:36,V,180.8,3,ASK
2020-10-30 10:32:37,V,180.71,8,BID
2020-10-30 10:32:37,V,180.8,3,ASK
2020-10-30 10:32:38,V,180.62,7,BID
2020-10-30 10:32:38,V,180.76,3,ASK
2020-10-30 10:32:39,V,180.62,8,BID
2020-10-30 10:32:39,V,180.74,3,ASK
2020-10-30 10:32:39,V,180.65,2,BID
2020-10-30 10:32:39,V,180.76,3,ASK
2020-10-30 10:32:40,V,180.66,3,BID
2020-10-30 10:32:40,V,180.76,3,ASK
2020-10-30 10:32:39,V,180.62,9,BID
2020-10-30 10:32:42,V,180.74,3,ASK
2020-10-30 10:32:39,V,180.62,9,BID
2020-10-30 10:32:43,V,180.74,5,ASK
2020-10-30 10:32:39,V,180.62,9,BID
2020-10-30 10:32:44,V,180.73,3,ASK
2020-10-30 10:32:39,V,180.62,9,BID
2020-10-30 10:32:44,V,180.73,3,ASK
2020-10-30 10:32:39,V,180.62,9,BID
2020-10-30 10:32:44,V,180.72,3,ASK
2020-10-30 10:32:45,V,180.67,1,BID
2020-10-30 10:32:45,V,180.72,6,ASK
2020-10-30 10:32:45,V,180.67,1,BID
2020-10-30 10:32:45,V,180.72,6,ASK
2020-10-30 10:32:48,V,180.68,1,BID
2020-10-30 10:32:45,V,180.72,5,ASK
2020-10-30 10:32:48,V,180.65,5,BID
2020-10-30 10:32:48,V,180.73,4,ASK
2020-10-30 10:32:48,V,180.65,5,BID
2020-10-30 10:32:48,V,180.73,4,ASK
2020-10-30 10:32:50,V,180.65,5,BID
2020-10-30 10:32:50,V,180.73,6,ASK
2020-10-30 10:32:54,V,180.65,5,BID
2020-10-30 10:32:54,V,180.72,3,ASK
2020-10-30 10:32:54,V,180.65,8,BID
2020-10-30 10:32:56,V,180.72,7,ASK
2020-10-30 10:32:54,V,180.65,8,BID
2020-10-30 10:32:56,V,180.72,6,ASK
2020-10-30 10:32:54,V,180.65,8,BID
2020-10-30 10:32:57,V,180.72,6,ASK
2020-10-30 10:32:54,V,180.65,8,BID
2020-10-30 10:32:57,V,180.72,6,ASK
2020-10-30 10:32:58,V,180.64,5,BID
2020-10-30 10:32:58,V,180.73,2,ASK
2020-10-30 10:32:59,V,180.57,1,BID
2020-10-30 10:32:59,V,180.64,1,ASK
2020-10-30 10:33:00,V,180.53,6,BID
2020-10-30 10:33:00,V,180.64,8,ASK
2020-10-30 10:33:01,V,180.56,4,BID
2020-10-30 10:33:01,V,180.64,8,ASK
2020-10-30 10:33:02,V,180.57,3,BID
2020-10-30 10:33:02,V,180.7,3,ASK
2020-10-30 10:33:00,V,180.53,6,BID
2020-10-30 10:33:02,V,180.7,4,ASK
2020-10-30 10:33:00,V,180.53,7,BID
2020-10-30 10:33:03,V,180.7,6,ASK
2020-10-30 10:33:04,V,180.54,3,BID
2020-10-30 10:33:04,V,180.7,6,ASK
2020-10-30 10:33:05,V,180.54,3,BID
2020-10-30 10:33:05,V,180.69,1,ASK
2020-10-30 10:33:07,V,180.6,2,BID
2020-10-30 10:33:07,V,180.7,6,ASK
2020-10-30 10:33:07,V,180.6,2,BID
2020-10-30 10:33:07,V,180.7,6,ASK
2020-10-30 10:33:08,V,180.6,1,BID
2020-10-30 10:33:08,V,180.7,7,ASK
2020-10-30 10:33:09,V,180.54,4,BID
2020-10-30 10:33:09,V,180.68,5,ASK
2020-10-30 10:33:10,V,180.59,3,BID
2020-10-30 10:33:10,V,180.69,4,ASK
2020-10-30 10:33:10,V,180.54,6,BID
2020-10-30 10:33:11,V,180.68,5,ASK
2020-10-30 10:33:11,V,180.55,4,BID
2020-10-30 10:33:12,V,180.69,6,ASK
2020-10-30 10:33:14,V,180.55,4,BID
2020-10-30 10:33:14,V,180.68,4,ASK
2020-10-30 10:33:14,V,180.55,5,BID
2020-10-30 10:33:14,V,180.68,5,ASK
2020-10-30 10:33:15,V,180.55,5,BID
2020-10-30 10:33:15,V,180.68,9,ASK
2020-10-30 10:33:16,V,180.56,2,BID
2020-10-30 10:33:16,V,180.68,9,ASK
2020-10-30 10:33:18,V,180.56,2,BID
2020-10-30 10:33:18,V,180.68,8,ASK
2020-10-30 10:33:19,V,180.56,2,BID
2020-10-30 10:33:19,V,180.68,8,ASK
2020-10-30 10:33:19,V,180.56,2,BID
2020-10-30 10:33:19,V,180.68,8,ASK
2020-10-30 10:33:20,V,180.58,4,BID
2020-10-30 10:33:20,V,180.71,3,ASK
2020-10-30 10:33:22,V,180.58,4,BID
2020-10-30 10:33:22,V,180.7,3,ASK
2020-10-30 10:33:22,V,180.58,6,BID
2020-10-30 10:33:23,V,180.7,3,ASK
2020-10-30 10:33:23,V,180.58,5,BID
2020-10-30 10:33:24,V,180.68,2,ASK
2020-10-30 10:33:25,V,180.59,2,BID
2020-10-30 10:33:25,V,180.68,2,ASK
2020-10-30 10:33:23,V,180.58,5,BID
2020-10-30 10:33:27,V,180.68,5,ASK
2020-10-30 10:33:28,V,180.59,8,BID
2020-10-30 10:33:28,V,180.68,6,ASK
2020-10-30 10:33:30,V,180.6,3,BID
2020-10-30 10:33:30,V,180.68,9,ASK
2020-10-30 10:33:30,V,180.6,3,BID
2020-10-30 10:33:30,V,180.68,9,ASK
2020-10-30 10:33:32,V,180.6,1,BID
2020-10-30 10:33:32,V,180.68,7,ASK
2020-10-30 10:33:32,V,180.56,6,BID
2020-10-30 10:33:33,V,180.68,7,ASK
2020-10-30 10:33:33,V,180.59,4,BID
2020-10-30 10:33:33,V,180.64,1,ASK
2020-10-30 10:33:34,V,180.63,3,BID
2020-10-30 10:33:34,V,180.67,2,ASK
2020-10-30 10:33:34,V,180.63,3,BID
2020-10-30 10:33:34,V,180.67,4,ASK
2020-10-30 10:33:35,V,180.56,7,BID
2020-10-30 10:33:35,V,180.66,6,ASK
2020-10-30 10:33:37,V,180.54,8,BID
2020-10-30 10:33:37,V,180.66,5,ASK
2020-10-30 10:33:37,V,180.54,7,BID
2020-10-30 10:33:37,V,180.66,5,ASK
2020-10-30 10:33:38,V,180.55,1,BID
2020-10-30 10:33:38,V,180.64,2,ASK
2020-10-30 10:33:38,V,180.54,5,BID
2020-10-30 10:33:39,V,180.64,2,ASK
2020-10-30 10:33:40,V,180.56,3,BID
2020-10-30 10:33:40,V,180.64,6,ASK
2020-10-30 10:33:40,V,180.56,4,BID
2020-10-30 10:33:40,V,180.64,6,ASK
2020-10-30 10:33:43,V,180.54,4,BID
2020-10-30 10:33:43,V,180.63,2,ASK
2020-10-30 10:33:44,V,180.5,5,BID
2020-10-30 10:33:44,V,180.57,1,ASK
2020-10-30 10:33:44,V,180.48,1,BID
2020-10-30 10:33:44,V,180.58,2,ASK
2020-10-30 10:33:45,V,180.49,2,BID
2020-10-30 10:33:45,V,180.58,2,ASK
2020-10-30 10:33:46,V,180.48,3,BID
2020-10-30 10:33:46,V,180.58,2,ASK
2020-10-30 10:33:46,V,180.48,3,BID
2020-10-30 10:33:46,V,180.58,6,ASK
2020-10-30 10:33:48,V,180.54,2,BID
2020-10-30 10:33:48,V,180.63,8,ASK
2020-10-30 10:33:48,V,180.56,2,BID
2020-10-30 10:33:48,V,180.63,8,ASK
2020-10-30 10:33:49,V,180.56,2,BID
2020-10-30 10:33:48,V,180.63,8,ASK
2020-10-30 10:33:49,V,180.56,2,BID
2020-10-30 10:33:48,V,180.63,8,ASK
2020-10-30 10:33:50,V,180.56,2,BID
2020-10-30 10:33:50,V,180.63,10,ASK
2020-10-30 10:33:51,V,180.58,4,BID
2020-10-30 10:33:51,V,180.63,10,ASK
2020-10-30 10:33:52,V,180.58,2,BID
2020-10-30 10:33:52,V,180.63,8,ASK
2020-10-30 10:33:54,V,180.63,9,BID
2020-10-30 10:33:54,V,180.7,7,ASK
2020-10-30 10:33:55,V,180.57,2,BID
2020-10-30 10:33:55,V,180.64,3,ASK
2020-10-30 10:33:57,V,180.57,3,BID
2020-10-30 10:33:57,V,180.64,7,ASK
2020-10-30 10:33:57,V,180.57,3,BID
2020-10-30 10:33:57,V,180.64,7,ASK
2020-10-30 10:34:00,V,180.57,3,BID
2020-10-30 10:34:00,V,180.64,6,ASK
2020-10-30 10:34:00,V,180.62,1,BID
2020-10-30 10:34:00,V,180.77,6,ASK
2020-10-30 10:34:01,V,180.56,3,BID
2020-10-30 10:34:01,V,180.7,2,ASK
2020-10-30 10:34:02,V,180.56,3,BID
2020-10-30 10:34:02,V,180.7,2,ASK
2020-10-30 10:34:02,V,180.56,3,BID
2020-10-30 10:34:02,V,180.7,2,ASK
2020-10-30 10:34:03,V,180.56,3,BID
2020-10-30 10:34:03,V,180.7,2,ASK
2020-10-30 10:34:04,V,180.56,3,BID
2020-10-30 10:34:04,V,180.7,2,ASK
2020-10-30 10:34:05,V,180.56,3,BID
2020-10-30 10:34:05,V,180.7,4,ASK
2020-10-30 10:34:06,V,180.6,5,BID
2020-10-30 10:34:06,V,180.7,5,ASK
2020-10-30 10:34:07,V,180.61,4,BID
2020-10-30 10:34:07,V,180.7,4,ASK
2020-10-30 10:34:08,V,180.6,5,BID
2020-10-30 10:34:08,V,180.7,4,ASK
2020-10-30 10:34:08,V,180.6,5,BID
2020-10-30 10:34:08,V,180.7,4,ASK
2020-10-30 10:34:09,V,180.55,1,BID
2020-10-30 10:34:09,V,180.62,2,ASK
2020-10-30 10:34:10,V,180.54,4,BID
2020-10-30 10:34:10,V,180.62,2,ASK
2020-10-30 10:34:10,V,180.55,1,BID
2020-10-30 10:34:10,V,180.62,2,ASK
2020-10-30 10:34:11,V,180.56,3,BID
2020-10-30 10:34:11,V,180.67,4,ASK
2020-10-30 10:34:12,V,180.56,4,BID
2020-10-30 10:34:12,V,180.69,1,ASK
2020-10-30 10:34:12,V,180.62,2,BID
2020-10-30 10:34:12,V,180.7,3,ASK
2020-10-30 10:34:14,V,180.57,1,BID
2020-10-30 10:34:14,V,180.69,4,ASK
2020-10-30 10:34:14,V,180.57,1,BID
2020-10-30 10:34:14,V,180.67,3,ASK
2020-10-30 10:34:14,V,180.57,3,BID
2020-10-30 10:34:14,V,180.67,4,ASK
2020-10-30 10:34:15,V,180.57,3,BID
2020-10-30 10:34:14,V,180.67,4,ASK
2020-10-30 10:34:16,V,180.57,3,BID
2020-10-30 10:34:16,V,180.66,1,ASK
2020-10-30 10:34:18,V,180.57,8,BID
2020-10-30 10:34:17,V,180.66,3,ASK
2020-10-30 10:34:19,V,180.57,6,BID
2020-10-30 10:34:19,V,180.66,3,ASK
2020-10-30 10:34:19,V,180.57,6,BID
2020-10-30 10:34:19,V,180.66,3,ASK
2020-10-30 10:34:19,V,180.57,6,BID
2020-10-30 10:34:21,V,180.66,4,ASK
2020-10-30 10:34:22,V,180.57,7,BID
2020-10-30 10:34:23,V,180.66,5,ASK
2020-10-30 10:34:22,V,180.57,7,BID
2020-10-30 10:34:23,V,180.66,5,ASK
2020-10-30 10:34:24,V,180.6,1,BID
2020-10-30 10:34:24,V,180.66,5,ASK
2020-10-30 10:34:14,V,180.54,4,BID
2020-10-30 10:34:25,V,180.62,2,ASK
2020-10-30 10:34:26,V,180.54,5,BID
2020-10-30 10:34:26,V,180.63,1,ASK
2020-10-30 10:34:27,V,180.54,4,BID
2020-10-30 10:34:27,V,180.63,3,ASK
2020-10-30 10:34:28,V,180.54,1,BID
2020-10-30 10:34:28,V,180.63,3,ASK
2020-10-30 10:34:31,V,180.54,3,BID
2020-10-30 10:34:31,V,180.66,5,ASK
2020-10-30 10:34:31,V,180.54,4,BID
2020-10-30 10:34:31,V,180.63,2,ASK
2020-10-30 10:34:33,V,180.55,3,BID
2020-10-30 10:34:32,V,180.66,6,ASK
2020-10-30 10:34:31,V,180.54,4,BID
2020-10-30 10:34:34,V,180.63,3,ASK
2020-10-30 10:34:31,V,180.54,4,BID
2020-10-30 10:34:34,V,180.63,3,ASK
2020-10-30 10:34:36,V,180.54,5,BID
2020-10-30 10:34:37,V,180.63,4,ASK
2020-10-30 10:34:36,V,180.54,4,BID
2020-10-30 10:34:39,V,180.63,4,ASK
2020-10-30 10:34:36,V,180.54,4,BID
2020-10-30 10:34:40,V,180.63,6,ASK
2020-10-30 10:34:36,V,180.54,4,BID
2020-10-30 10:34:42,V,180.63,6,ASK
2020-10-30 10:34:42,V,180.54,4,BID
2020-10-30 10:34:44,V,180.63,6,ASK
2020-10-30 10:34:42,V,180.54,4,BID
2020-10-30 10:34:44,V,180.63,6,ASK
2020-10-30 10:34:46,V,180.59,5,BID
2020-10-30 10:34:46,V,180.66,9,ASK
2020-10-30 10:34:48,V,180.66,4,BID
2020-10-30 10:34:48,V,180.75,4,ASK
2020-10-30 10:34:50,V,180.67,3,BID
2020-10-30 10:34:48,V,180.75,4,ASK
2020-10-30 10:34:50,V,180.67,3,BID
2020-10-30 10:34:48,V,180.75,4,ASK
2020-10-30 10:34:50,V,180.67,3,BID
2020-10-30 10:34:48,V,180.75,4,ASK
2020-10-30 10:34:51,V,180.66,4,BID
2020-10-30 10:34:51,V,180.74,3,ASK
2020-10-30 10:34:52,V,180.66,4,BID
2020-10-30 10:34:52,V,180.7,1,ASK
2020-10-30 10:34:52,V,180.59,1,BID
2020-10-30 10:34:52,V,180.7,1,ASK
2020-10-30 10:34:52,V,180.59,1,BID
2020-10-30 10:34:52,V,180.7,1,ASK
2020-10-30 10:34:53,V,180.57,2,BID
2020-10-30 10:34:53,V,180.7,5,ASK
2020-10-30 10:34:53,V,180.57,2,BID
2020-10-30 10:34:53,V,180.7,5,ASK
2020-10-30 10:34:53,V,180.56,4,BID
2020-10-30 10:34:53,V,180.69,3,ASK
2020-10-30 10:34:53,V,180.54,5,BID
2020-10-30 10:34:53,V,180.69,5,ASK
2020-10-30 10:34:53,V,180.54,5,BID
2020-10-30 10:34:53,V,180.69,5,ASK
2020-10-30 10:34:54,V,180.54,5,BID
2020-10-30 10:34:54,V,180.65,4,ASK
2020-10-30 10:34:55,V,180.54,5,BID
2020-10-30 10:34:55,V,180.65,7,ASK
2020-10-30 10:34:57,V,180.55,5,BID
2020-10-30 10:34:58,V,180.64,3,ASK
2020-10-30 10:35:00,V,180.55,6,BID
2020-10-30 10:35:00,V,180.64,4,ASK
2020-10-30 10:33:46,V,180.48,2,BID
2020-10-30 10:35:03,V,180.57,3,ASK
2020-10-30 10:35:04,V,180.46,4,BID
2020-10-30 10:35:04,V,180.57,3,ASK
2020-10-30 10:35:05,V,180.46,4,BID
2020-10-30 10:35:05,V,180.57,5,ASK
2020-10-30 10:35:05,V,180.46,4,BID
2020-10-30 10:35:05,V,180.57,5,ASK
2020-10-30 10:35:05,V,180.46,4,BID
2020-10-30 10:35:05,V,180.57,5,ASK
2020-10-30 10:35:05,V,180.46,4,BID
2020-10-30 10:35:05,V,180.53,2,ASK
2020-10-30 10:35:05,V,180.42,4,BID
2020-10-30 10:35:05,V,180.51,4,ASK
2020-10-30 10:35:05,V,180.42,1,BID
2020-10-30 10:35:05,V,180.51,4,ASK
2020-10-30 10:35:05,V,180.42,1,BID
2020-10-30 10:35:05,V,180.51,4,ASK
2020-10-30 10:35:05,V,180.42,1,BID
2020-10-30 10:35:05,V,180.51,4,ASK
2020-10-30 10:35:05,V,180.42,1,BID
2020-10-30 10:35:05,V,180.51,4,ASK
2020-10-30 10:35:05,V,180.42,1,BID
2020-10-30 10:35:05,V,180.51,4,ASK
2020-10-30 10:35:05,V,180.42,1,BID
2020-10-30 10:35:05,V,180.51,4,ASK
2020-10-30 10:35:05,V,180.4,1,BID
2020-10-30 10:35:05,V,180.51,4,ASK
2020-10-30 10:35:05,V,180.4,1,BID
2020-10-30 10:35:05,V,180.51,4,ASK
2020-10-30 10:35:05,V,180.4,1,BID
2020-10-30 10:35:05,V,180.49,2,ASK
2020-10-30 10:35:08,V,180.37,1,BID
2020-10-30 10:35:08,V,180.45,2,ASK
2020-10-30 10:35:08,V,180.38,2,BID
2020-10-30 10:35:08,V,180.45,1,ASK
2020-10-30 10:35:08,V,180.38,2,BID
2020-10-30 10:35:08,V,180.45,1,ASK
2020-10-30 10:35:08,V,180.38,2,BID
2020-10-30 10:35:08,V,180.45,1,ASK
2020-10-30 10:35:08,V,180.38,2,BID
2020-10-30 10:35:08,V,180.45,1,ASK
2020-10-30 10:35:09,V,180.38,2,BID
2020-10-30 10:35:09,V,180.45,5,ASK
2020-10-30 10:35:11,V,180.42,5,BID
2020-10-30 10:35:11,V,180.54,1,ASK
2020-10-30 10:35:11,V,180.42,5,BID
2020-10-30 10:35:13,V,180.55,4,ASK
2020-10-30 10:35:16,V,180.48,3,BID
2020-10-30 10:35:16,V,180.6,1,ASK
2020-10-30 10:35:19,V,180.48,3,BID
2020-10-30 10:35:19,V,180.6,5,ASK
2020-10-30 10:35:20,V,180.42,7,BID
2020-10-30 10:35:20,V,180.55,1,ASK
2020-10-30 10:35:20,V,180.42,7,BID
2020-10-30 10:35:20,V,180.56,2,ASK
2020-10-30 10:35:20,V,180.42,7,BID
2020-10-30 10:35:20,V,180.56,2,ASK
2020-10-30 10:35:20,V,180.42,7,BID
2020-10-30 10:35:21,V,180.56,2,ASK
2020-10-30 10:35:21,V,180.31,1,BID
2020-10-30 10:35:21,V,180.42,2,ASK
2020-10-30 10:35:21,V,180.33,3,BID
2020-10-30 10:35:21,V,180.42,3,ASK
2020-10-30 10:35:21,V,180.33,3,BID
2020-10-30 10:35:21,V,180.42,3,ASK
2020-10-30 10:35:22,V,180.33,3,BID
2020-10-30 10:35:22,V,180.42,6,ASK
2020-10-30 10:35:22,V,180.35,5,BID
2020-10-30 10:35:22,V,180.43,2,ASK
2020-10-30 10:35:22,V,180.33,6,BID
2020-10-30 10:35:23,V,180.43,6,ASK
2020-10-30 10:35:24,V,180.35,2,BID
2020-10-30 10:35:24,V,180.43,6,ASK
2020-10-30 10:35:22,V,180.33,6,BID
2020-10-30 10:35:24,V,180.43,8,ASK
2020-10-30 10:35:22,V,180.33,6,BID
2020-10-30 10:35:24,V,180.43,8,ASK
2020-10-30 10:35:22,V,180.33,6,BID
2020-10-30 10:35:25,V,180.42,4,ASK
2020-10-30 10:35:22,V,180.33,6,BID
2020-10-30 10:35:25,V,180.42,4,ASK
2020-10-30 10:35:22,V,180.33,6,BID
2020-10-30 10:35:27,V,180.42,5,ASK
2020-10-30 10:35:22,V,180.33,6,BID
2020-10-30 10:35:27,V,180.42,5,ASK
2020-10-30 10:35:22,V,180.33,6,BID
2020-10-30 10:35:29,V,180.42,5,ASK
2020-10-30 10:35:22,V,180.33,6,BID
2020-10-30 10:35:29,V,180.42,5,ASK
2020-10-30 10:35:22,V,180.33,6,BID
2020-10-30 10:35:30,V,180.42,6,ASK
2020-10-30 10:35:30,V,180.2,3,BID
2020-10-30 10:35:30,V,180.32,3,ASK
2020-10-30 10:35:31,V,180.25,2,BID
2020-10-30 10:35:31,V,180.35,1,ASK
2020-10-30 10:35:32,V,180.25,2,BID
2020-10-30 10:35:32,V,180.35,1,ASK
2020-10-30 10:35:32,V,180.31,4,BID
2020-10-30 10:35:30,V,180.39,2,ASK
2020-10-30 10:35:32,V,180.31,4,BID
2020-10-30 10:35:30,V,180.39,2,ASK
2020-10-30 10:35:33,V,180.31,7,BID
2020-10-30 10:35:30,V,180.39,2,ASK
2020-10-30 10:35:34,V,180.26,1,BID
2020-10-30 10:35:34,V,180.39,6,ASK
2020-10-30 10:35:35,V,180.24,2,BID
2020-10-30 10:35:36,V,180.39,6,ASK
2020-10-30 10:35:37,V,180.24,2,BID
2020-10-30 10:35:37,V,180.37,1,ASK
2020-10-30 10:35:39,V,180.24,2,BID
2020-10-30 10:35:38,V,180.37,5,ASK
2020-10-30 10:35:40,V,180.25,1,BID
2020-10-30 10:35:38,V,180.37,5,ASK
2020-10-30 10:35:40,V,180.25,1,BID
2020-10-30 10:35:38,V,180.37,5,ASK
2020-10-30 10:35:42,V,180.26,3,BID
2020-10-30 10:35:38,V,180.37,5,ASK
2020-10-30 10:35:43,V,180.26,3,BID
2020-10-30 10:35:43,V,180.37,5,ASK
2020-10-30 10:35:44,V,180.37,3,BID
2020-10-30 10:35:44,V,180.48,3,ASK
2020-10-30 10:35:44,V,180.43,3,BID
2020-10-30 10:35:44,V,180.56,3,ASK
2020-10-30 10:35:44,V,180.42,4,BID
2020-10-30 10:35:44,V,180.56,7,ASK
2020-10-30 10:35:44,V,180.42,4,BID
2020-10-30 10:35:44,V,180.55,2,ASK
2020-10-30 10:35:44,V,180.42,4,BID
2020-10-30 10:35:44,V,180.55,2,ASK
2020-10-30 10:35:44,V,180.42,4,BID
2020-10-30 10:35:44,V,180.55,2,ASK
2020-10-30 10:35:46,V,180.42,4,BID
2020-10-30 10:35:46,V,180.55,5,ASK
2020-10-30 10:35:47,V,180.42,4,BID
2020-10-30 10:35:46,V,180.55,5,ASK
2020-10-30 10:35:49,V,180.42,6,BID
2020-10-30 10:35:49,V,180.55,9,ASK
2020-10-30 10:35:51,V,180.43,3,BID
2020-10-30 10:35:49,V,180.55,9,ASK
2020-10-30 10:35:51,V,180.43,3,BID
2020-10-30 10:35:49,V,180.55,9,ASK
2020-10-30 10:35:52,V,180.43,4,BID
2020-10-30 10:35:49,V,180.55,9,ASK
2020-10-30 10:35:53,V,180.44,3,BID
2020-10-30 10:35:53,V,180.55,10,ASK
2020-10-30 10:35:55,V,180.44,4,BID
2020-10-30 10:35:54,V,180.55,9,ASK
2020-10-30 10:35:55,V,180.44,4,BID
2020-10-30 10:35:54,V,180.55,9,ASK
2020-10-30 10:35:56,V,180.44,5,BID
2020-10-30 10:35:56,V,180.55,11,ASK
2020-10-30 10:35:57,V,180.44,6,BID
2020-10-30 10:35:57,V,180.55,11,ASK
2020-10-30 10:35:57,V,180.44,6,BID
2020-10-30 10:35:57,V,180.55,11,ASK
2020-10-30 10:35:57,V,180.44,6,BID
2020-10-30 10:35:57,V,180.55,11,ASK
2020-10-30 10:35:57,V,180.44,6,BID
2020-10-30 10:35:57,V,180.55,11,ASK
2020-10-30 10:35:57,V,180.44,6,BID
2020-10-30 10:35:57,V,180.55,11,ASK
2020-10-30 10:35:58,V,180.52,2,BID
2020-10-30 10:35:58,V,180.62,2,ASK
2020-10-30 10:36:01,V,180.49,5,BID
2020-10-30 10:36:01,V,180.57,1,ASK
2020-10-30 10:35:58,V,180.44,9,BID
2020-10-30 10:36:02,V,180.53,1,ASK
2020-10-30 10:35:58,V,180.44,9,BID
2020-10-30 10:36:02,V,180.53,1,ASK
2020-10-30 10:36:04,V,180.46,1,BID
2020-10-30 10:36:04,V,180.53,4,ASK
2020-10-30 10:36:04,V,180.46,3,BID
2020-10-30 10:36:04,V,180.53,4,ASK
2020-10-30 10:36:06,V,180.41,4,BID
2020-10-30 10:36:06,V,180.5,1,ASK
2020-10-30 10:36:06,V,180.4,1,BID
2020-10-30 10:36:06,V,180.5,5,ASK
2020-10-30 10:36:07,V,180.4,1,BID
2020-10-30 10:36:07,V,180.5,7,ASK
2020-10-30 10:36:09,V,180.39,5,BID
2020-10-30 10:36:09,V,180.5,7,ASK
2020-10-30 10:36:11,V,180.39,7,BID
2020-10-30 10:36:10,V,180.5,7,ASK
2020-10-30 10:36:12,V,180.39,8,BID
2020-10-30 10:36:12,V,180.49,4,ASK
2020-10-30 10:36:12,V,180.39,8,BID
2020-10-30 10:36:14,V,180.48,1,ASK
2020-10-30 10:36:14,V,180.37,3,BID
2020-10-30 10:36:14,V,180.46,1,ASK
2020-10-30 10:36:15,V,180.37,3,BID
2020-10-30 10:36:15,V,180.46,5,ASK
2020-10-30 10:36:15,V,180.38,1,BID
2020-10-30 10:36:15,V,180.47,3,ASK
2020-10-30 10:36:16,V,180.38,3,BID
2020-10-30 10:36:16,V,180.47,5,ASK
2020-10-30 10:36:16,V,180.38,3,BID
2020-10-30 10:36:16,V,180.47,5,ASK
2020-10-30 10:36:18,V,180.38,3,BID
2020-10-30 10:36:18,V,180.47,6,ASK
2020-10-30 10:36:19,V,180.38,3,BID
2020-10-30 10:36:18,V,180.47,7,ASK
2020-10-30 10:36:20,V,180.38,4,BID
2020-10-30 10:36:20,V,180.46,2,ASK
2020-10-30 10:36:20,V,180.38,4,BID
2020-10-30 10:36:20,V,180.46,4,ASK
2020-10-30 10:36:21,V,180.33,2,BID
2020-10-30 10:36:21,V,180.44,2,ASK
2020-10-30 10:36:22,V,180.33,3,BID
2020-10-30 10:36:22,V,180.44,2,ASK
2020-10-30 10:36:22,V,180.33,3,BID
2020-10-30 10:36:22,V,180.44,3,ASK
2020-10-30 10:36:23,V,180.33,4,BID
2020-10-30 10:36:23,V,180.44,4,ASK
2020-10-30 10:36:23,V,180.33,4,BID
2020-10-30 10:36:23,V,180.44,7,ASK
2020-10-30 10:36:23,V,180.33,4,BID
2020-10-30 10:36:24,V,180.44,7,ASK
2020-10-30 10:36:25,V,180.39,2,BID
2020-10-30 10:36:18,V,180.47,8,ASK
2020-10-30 10:36:27,V,180.39,2,BID
2020-10-30 10:36:27,V,180.46,1,ASK
2020-10-30 10:36:28,V,180.39,3,BID
2020-10-30 10:36:28,V,180.45,4,ASK
2020-10-30 10:36:28,V,180.39,3,BID
2020-10-30 10:36:28,V,180.45,4,ASK
2020-10-30 10:36:28,V,180.39,2,BID
2020-10-30 10:36:28,V,180.45,4,ASK
2020-10-30 10:36:28,V,180.39,2,BID
2020-10-30 10:36:30,V,180.48,1,ASK
2020-10-30 10:36:31,V,180.39,3,BID
2020-10-30 10:36:31,V,180.48,3,ASK
2020-10-30 10:36:31,V,180.39,3,BID
2020-10-30 10:36:31,V,180.48,3,ASK
2020-10-30 10:36:31,V,180.39,3,BID
2020-10-30 10:36:31,V,180.48,5,ASK
2020-10-30 10:36:32,V,180.36,4,BID
2020-10-30 10:36:32,V,180.45,2,ASK
2020-10-30 10:36:33,V,180.36,4,BID
2020-10-30 10:36:33,V,180.46,5,ASK
2020-10-30 10:36:34,V,180.36,5,BID
2020-10-30 10:36:34,V,180.45,3,ASK
2020-10-30 10:36:36,V,180.34,3,BID
2020-10-30 10:36:36,V,180.45,7,ASK
2020-10-30 10:36:37,V,180.34,3,BID
2020-10-30 10:36:37,V,180.44,4,ASK
2020-10-30 10:36:38,V,180.36,2,BID
2020-10-30 10:36:36,V,180.45,6,ASK
2020-10-30 10:36:39,V,180.36,4,BID
2020-10-30 10:36:36,V,180.45,7,ASK
2020-10-30 10:36:40,V,180.37,3,BID
2020-10-30 10:36:36,V,180.45,4,ASK
2020-10-30 10:36:41,V,180.42,1,BID
2020-10-30 10:36:41,V,180.47,1,ASK
2020-10-30 10:36:42,V,180.41,3,BID
2020-10-30 10:36:42,V,180.47,3,ASK
2020-10-30 10:36:44,V,180.41,5,BID
2020-10-30 10:36:42,V,180.47,4,ASK
2020-10-30 10:36:41,V,180.37,5,BID
2020-10-30 10:36:44,V,180.46,3,ASK
2020-10-30 10:36:41,V,180.37,5,BID
2020-10-30 10:36:44,V,180.46,3,ASK
2020-10-30 10:36:46,V,180.25,5,BID
2020-10-30 10:36:46,V,180.37,18,ASK
2020-10-30 10:36:46,V,180.25,5,BID
2020-10-30 10:36:46,V,180.37,18,ASK
2020-10-30 10:36:47,V,180.25,5,BID
2020-10-30 10:36:47,V,180.37,18,ASK
2020-10-30 10:36:47,V,180.25,5,BID
2020-10-30 10:36:47,V,180.37,18,ASK
2020-10-30 10:36:48,V,180.26,3,BID
2020-10-30 10:36:48,V,180.37,18,ASK
2020-10-30 10:36:48,V,180.26,3,BID
2020-10-30 10:36:48,V,180.37,18,ASK
2020-10-30 10:36:50,V,180.38,3,BID
2020-10-30 10:36:51,V,180.47,6,ASK
2020-10-30 10:36:51,V,180.38,5,BID
2020-10-30 10:36:51,V,180.48,4,ASK
2020-10-30 10:36:52,V,180.38,5,BID
2020-10-30 10:36:52,V,180.48,5,ASK
2020-10-30 10:36:52,V,180.38,6,BID
2020-10-30 10:36:52,V,180.48,6,ASK
2020-10-30 10:36:53,V,180.38,7,BID
2020-10-30 10:36:52,V,180.48,6,ASK
2020-10-30 10:36:54,V,180.38,6,BID
2020-10-30 10:36:52,V,180.48,6,ASK
2020-10-30 10:36:55,V,180.4,2,BID
2020-10-30 10:36:55,V,180.48,1,ASK
2020-10-30 10:36:55,V,180.4,4,BID
2020-10-30 10:36:55,V,180.48,1,ASK
2020-10-30 10:36:55,V,180.4,4,BID
2020-10-30 10:36:55,V,180.48,1,ASK
2020-10-30 10:36:56,V,180.4,4,BID
2020-10-30 10:36:56,V,180.49,1,ASK
2020-10-30 10:36:57,V,180.4,4,BID
2020-10-30 10:36:57,V,180.52,6,ASK
2020-10-30 10:36:58,V,180.4,4,BID
2020-10-30 10:36:58,V,180.52,9,ASK
2020-10-30 10:37:00,V,180.4,4,BID
2020-10-30 10:36:58,V,180.52,10,ASK
2020-10-30 10:37:00,V,180.4,4,BID
2020-10-30 10:36:58,V,180.52,10,ASK
2020-10-30 10:37:00,V,180.4,4,BID
2020-10-30 10:36:58,V,180.52,10,ASK
2020-10-30 10:37:02,V,180.42,3,BID
2020-10-30 10:37:02,V,180.52,9,ASK
2020-10-30 10:37:03,V,180.4,4,BID
2020-10-30 10:37:03,V,180.52,9,ASK
2020-10-30 10:37:04,V,180.4,4,BID
2020-10-30 10:37:03,V,180.52,9,ASK
2020-10-30 10:37:05,V,180.4,4,BID
2020-10-30 10:37:03,V,180.52,9,ASK
2020-10-30 10:37:05,V,180.4,4,BID
2020-10-30 10:37:03,V,180.52,9,ASK
2020-10-30 10:37:06,V,180.4,5,BID
2020-10-30 10:37:03,V,180.52,9,ASK
2020-10-30 10:37:07,V,180.4,5,BID
2020-10-30 10:37:07,V,180.5,2,ASK
2020-10-30 10:37:08,V,180.41,3,BID
2020-10-30 10:37:08,V,180.52,10,ASK
2020-10-30 10:37:08,V,180.41,3,BID
2020-10-30 10:37:08,V,180.52,10,ASK
2020-10-30 10:37:10,V,180.41,5,BID
2020-10-30 10:37:10,V,180.52,10,ASK
2020-10-30 10:37:11,V,180.41,5,BID
2020-10-30 10:37:11,V,180.52,10,ASK
2020-10-30 10:37:12,V,180.41,5,BID
2020-10-30 10:37:11,V,180.52,10,ASK
2020-10-30 10:37:13,V,180.47,1,BID
2020-10-30 10:37:13,V,180.54,2,ASK
2020-10-30 10:37:14,V,180.5,3,BID
2020-10-30 10:36:00,V,180.61,3,ASK
2020-10-30 10:37:15,V,180.56,2,BID
2020-10-30 10:37:15,V,180.61,8,ASK
2020-10-30 10:37:15,V,180.6,3,BID
2020-10-30 10:37:15,V,180.67,1,ASK
2020-10-30 10:37:16,V,180.67,1,BID
2020-10-30 10:37:16,V,180.76,2,ASK
2020-10-30 10:37:17,V,180.67,1,BID
2020-10-30 10:37:17,V,180.76,2,ASK
2020-10-30 10:37:18,V,180.67,3,BID
2020-10-30 10:37:18,V,180.76,5,ASK
2020-10-30 10:37:20,V,180.66,6,BID
2020-10-30 10:37:19,V,180.76,6,ASK
2020-10-30 10:37:21,V,180.66,2,BID
2020-10-30 10:37:21,V,180.74,2,ASK
2020-10-30 10:37:21,V,180.66,4,BID
2020-10-30 10:37:21,V,180.74,7,ASK
2020-10-30 10:37:21,V,180.66,4,BID
2020-10-30 10:37:21,V,180.74,7,ASK
2020-10-30 10:37:21,V,180.66,4,BID
2020-10-30 10:37:21,V,180.74,7,ASK
2020-10-30 10:37:21,V,180.66,4,BID
2020-10-30 10:37:21,V,180.74,7,ASK
2020-10-30 10:37:25,V,180.7,6,BID
2020-10-30 10:37:24,V,180.81,3,ASK
2020-10-30 10:37:25,V,180.7,8,BID
2020-10-30 10:37:26,V,180.81,10,ASK
2020-10-30 10:37:26,V,180.71,3,BID
2020-10-30 10:37:26,V,180.8,4,ASK
2020-10-30 10:37:27,V,180.73,3,BID
2020-10-30 10:37:26,V,180.81,10,ASK
2020-10-30 10:37:28,V,180.73,3,BID
2020-10-30 10:37:28,V,180.81,9,ASK
2020-10-30 10:37:30,V,180.73,3,BID
2020-10-30 10:37:30,V,180.81,10,ASK
2020-10-30 10:37:30,V,180.74,3,BID
2020-10-30 10:37:30,V,180.82,6,ASK
2020-10-30 10:37:31,V,180.78,5,BID
2020-10-30 10:37:31,V,180.9,4,ASK
2020-10-30 10:37:31,V,180.78,5,BID
2020-10-30 10:37:31,V,180.91,1,ASK
2020-10-30 10:37:31,V,180.78,5,BID
2020-10-30 10:37:32,V,180.87,3,ASK
2020-10-30 10:37:33,V,180.82,2,BID
2020-10-30 10:37:33,V,180.89,1,ASK
2020-10-30 10:37:34,V,180.87,2,BID
2020-10-30 10:37:34,V,180.94,1,ASK
2020-10-30 10:37:35,V,180.87,6,BID
2020-10-30 10:37:35,V,180.94,1,ASK
2020-10-30 10:37:35,V,180.9,2,BID
2020-10-30 10:37:35,V,180.97,2,ASK
2020-10-30 10:37:35,V,180.9,2,BID
2020-10-30 10:37:35,V,180.97,2,ASK
2020-10-30 10:37:37,V,180.93,5,BID
2020-10-30 10:37:37,V,181.04,5,ASK
2020-10-30 10:37:37,V,180.93,5,BID
2020-10-30 10:37:37,V,181.04,7,ASK
2020-10-30 10:37:38,V,180.88,3,BID
2020-10-30 10:37:38,V,181.01,5,ASK
2020-10-30 10:37:39,V,180.93,3,BID
2020-10-30 10:37:39,V,181.01,3,ASK
2020-10-30 10:37:39,V,180.88,3,BID
2020-10-30 10:37:39,V,181.01,6,ASK
2020-10-30 10:37:39,V,180.88,3,BID
2020-10-30 10:37:40,V,180.97,2,ASK
2020-10-30 10:37:40,V,180.88,3,BID
2020-10-30 10:37:40,V,180.97,3,ASK
2020-10-30 10:37:42,V,180.89,3,BID
2020-10-30 10:37:42,V,180.97,5,ASK
2020-10-30 10:37:38,V,180.87,5,BID
2020-10-30 10:37:43,V,180.97,6,ASK
2020-10-30 10:37:38,V,180.87,5,BID
2020-10-30 10:37:44,V,180.97,6,ASK
2020-10-30 10:37:45,V,180.82,5,BID
2020-10-30 10:37:45,V,180.93,5,ASK
2020-10-30 10:37:46,V,180.82,5,BID
2020-10-30 10:37:46,V,180.93,6,ASK
2020-10-30 10:37:46,V,180.82,5,BID
2020-10-30 10:37:47,V,180.93,8,ASK
2020-10-30 10:37:47,V,180.83,1,BID
2020-10-30 10:37:47,V,180.93,8,ASK
2020-10-30 10:37:46,V,180.82,5,BID
2020-10-30 10:37:44,V,180.97,8,ASK
2020-10-30 10:37:49,V,180.83,1,BID
2020-10-30 10:37:49,V,180.97,10,ASK
2020-10-30 10:37:48,V,180.82,7,BID
2020-10-30 10:37:49,V,180.97,11,ASK
2020-10-30 10:37:48,V,180.82,7,BID
2020-10-30 10:37:49,V,180.97,11,ASK
2020-10-30 10:37:48,V,180.82,7,BID
2020-10-30 10:37:51,V,180.93,6,ASK
2020-10-30 10:37:48,V,180.82,7,BID
2020-10-30 10:37:52,V,180.93,6,ASK
2020-10-30 10:37:48,V,180.82,7,BID
2020-10-30 10:37:52,V,180.93,6,ASK
2020-10-30 10:37:48,V,180.82,7,BID
2020-10-30 10:37:52,V,180.93,6,ASK
2020-10-30 10:37:48,V,180.82,7,BID
2020-10-30 10:37:52,V,180.93,6,ASK
2020-10-30 10:37:48,V,180.82,7,BID
2020-10-30 10:37:52,V,180.93,6,ASK
2020-10-30 10:37:48,V,180.82,7,BID
2020-10-30 10:37:55,V,180.93,6,ASK
2020-10-30 10:37:48,V,180.82,7,BID
2020-10-30 10:37:55,V,180.93,6,ASK
2020-10-30 10:37:48,V,180.82,7,BID
2020-10-30 10:37:56,V,180.93,6,ASK
2020-10-30 10:37:57,V,180.83,3,BID
2020-10-30 10:37:57,V,180.93,6,ASK
2020-10-30 10:37:57,V,180.83,3,BID
2020-10-30 10:37:57,V,180.93,6,ASK
2020-10-30 10:37:59,V,180.82,4,BID
2020-10-30 10:38:00,V,180.93,6,ASK
2020-10-30 10:37:59,V,180.82,4,BID
2020-10-30 10:38:00,V,180.93,6,ASK
2020-10-30 10:37:59,V,180.82,4,BID
2020-10-30 10:38:00,V,180.93,6,ASK
2020-10-30 10:37:59,V,180.82,4,BID
2020-10-30 10:38:00,V,180.93,6,ASK
2020-10-30 10:37:59,V,180.82,4,BID
2020-10-30 10:38:02,V,180.93,6,ASK
2020-10-30 10:37:59,V,180.82,4,BID
2020-10-30 10:38:02,V,180.93,6,ASK
2020-10-30 10:37:59,V,180.82,4,BID
2020-10-30 10:38:02,V,180.93,6,ASK
2020-10-30 10:37:59,V,180.82,4,BID
2020-10-30 10:38:04,V,180.93,6,ASK
2020-10-30 10:37:59,V,180.82,4,BID
2020-10-30 10:38:04,V,180.93,6,ASK
2020-10-30 10:37:59,V,180.82,4,BID
2020-10-30 10:38:06,V,180.93,6,ASK
2020-10-30 10:37:59,V,180.82,4,BID
2020-10-30 10:38:06,V,180.93,6,ASK
2020-10-30 10:38:07,V,180.82,4,BID
2020-10-30 10:38:07,V,180.93,6,ASK
2020-10-30 10:38:07,V,180.82,4,BID
2020-10-30 10:38:07,V,180.93,6,ASK
2020-10-30 10:38:10,V,180.86,2,BID
2020-10-30 10:38:10,V,180.93,6,ASK
2020-10-30 10:38:12,V,180.87,1,BID
2020-10-30 10:38:12,V,180.93,6,ASK
2020-10-30 10:38:12,V,180.83,1,BID
2020-10-30 10:38:12,V,180.9,3,ASK
2020-10-30 10:38:13,V,180.77,3,BID
2020-10-30 10:38:13,V,180.87,2,ASK
2020-10-30 10:38:13,V,180.77,3,BID
2020-10-30 10:38:13,V,180.87,2,ASK
2020-10-30 10:38:13,V,180.77,3,BID
2020-10-30 10:38:15,V,180.87,4,ASK
2020-10-30 10:38:16,V,180.78,1,BID
2020-10-30 10:38:16,V,180.9,5,ASK
2020-10-30 10:38:16,V,180.77,5,BID
2020-10-30 10:38:16,V,180.86,1,ASK
2020-10-30 10:38:18,V,180.73,4,BID
2020-10-30 10:38:18,V,180.84,3,ASK
2020-10-30 10:38:18,V,180.7,2,BID
2020-10-30 10:38:18,V,180.8,1,ASK
2020-10-30 10:38:19,V,180.7,4,BID
2020-10-30 10:38:19,V,180.8,1,ASK
2020-10-30 10:38:21,V,180.7,5,BID
2020-10-30 10:38:21,V,180.79,5,ASK
2020-10-30 10:38:21,V,180.71,1,BID
2020-10-30 10:38:21,V,180.79,6,ASK
2020-10-30 10:38:22,V,180.74,2,BID
2020-10-30 10:38:22,V,180.8,3,ASK
2020-10-30 10:38:23,V,180.74,2,BID
2020-10-30 10:38:23,V,180.8,5,ASK
2020-10-30 10:38:23,V,180.74,2,BID
2020-10-30 10:38:23,V,180.8,5,ASK
2020-10-30 10:38:27,V,180.74,2,BID
2020-10-30 10:38:27,V,180.8,6,ASK
2020-10-30 10:38:28,V,180.71,6,BID
2020-10-30 10:38:28,V,180.8,6,ASK
2020-10-30 10:38:29,V,180.72,1,BID
2020-10-30 10:38:29,V,180.8,6,ASK
2020-10-30 10:38:30,V,180.72,1,BID
2020-10-30 10:38:30,V,180.8,6,ASK
2020-10-30 10:38:32,V,180.72,5,BID
2020-10-30 10:38:32,V,180.83,3,ASK
2020-10-30 10:38:33,V,180.73,2,BID
2020-10-30 10:38:33,V,180.85,1,ASK
2020-10-30 10:38:34,V,180.74,2,BID
2020-10-30 10:38:34,V,180.84,1,ASK
2020-10-30 10:38:35,V,180.71,8,BID
2020-10-30 10:38:35,V,180.84,3,ASK
2020-10-30 10:38:35,V,180.71,8,BID
2020-10-30 10:38:36,V,180.82,3,ASK
2020-10-30 10:38:35,V,180.71,8,BID
2020-10-30 10:38:37,V,180.82,2,ASK
2020-10-30 10:38:35,V,180.71,8,BID
2020-10-30 10:38:37,V,180.83,5,ASK
2020-10-30 10:38:35,V,180.71,8,BID
2020-10-30 10:38:37,V,180.83,5,ASK
2020-10-30 10:38:35,V,180.71,8,BID
2020-10-30 10:38:37,V,180.83,5,ASK
2020-10-30 10:38:40,V,180.75,2,BID
2020-10-30 10:38:40,V,180.83,6,ASK
2020-10-30 10:38:40,V,180.79,3,BID
2020-10-30 10:38:40,V,180.93,6,ASK
2020-10-30 10:38:41,V,180.86,4,BID
2020-10-30 10:38:41,V,180.93,6,ASK
2020-10-30 10:38:41,V,180.86,4,BID
2020-10-30 10:38:41,V,180.93,6,ASK
2020-10-30 10:38:44,V,180.88,3,BID
2020-10-30 10:37:49,V,180.97,9,ASK
2020-10-30 10:38:45,V,180.88,3,BID
2020-10-30 10:37:49,V,180.97,10,ASK
2020-10-30 10:38:45,V,180.88,3,BID
2020-10-30 10:37:49,V,180.97,10,ASK
2020-10-30 10:38:45,V,180.88,3,BID
2020-10-30 10:37:49,V,180.97,10,ASK
2020-10-30 10:38:45,V,180.88,3,BID
2020-10-30 10:37:49,V,180.97,10,ASK
2020-10-30 10:38:50,V,180.89,3,BID
2020-10-30 10:37:49,V,180.97,10,ASK
2020-10-30 10:38:50,V,180.89,3,BID
2020-10-30 10:37:49,V,180.97,10,ASK
2020-10-30 10:38:51,V,180.94,2,BID
2020-10-30 10:38:51,V,181.03,11,ASK
2020-10-30 10:38:51,V,180.9,4,BID
2020-10-30 10:38:51,V,181.01,1,ASK
2020-10-30 10:38:51,V,180.91,4,BID
2020-10-30 10:38:51,V,181.02,4,ASK
2020-10-30 10:38:53,V,180.92,2,BID
2020-10-30 10:38:53,V,181.02,7,ASK
2020-10-30 10:38:53,V,180.91,3,BID
2020-10-30 10:38:53,V,181.0,2,ASK
2020-10-30 10:38:54,V,180.91,3,BID
2020-10-30 10:38:54,V,181.0,2,ASK
2020-10-30 10:38:55,V,180.91,3,BID
2020-10-30 10:38:55,V,180.97,2,ASK
2020-10-30 10:38:55,V,180.91,4,BID
2020-10-30 10:38:55,V,180.97,2,ASK
2020-10-30 10:38:57,V,180.92,6,BID
2020-10-30 10:38:57,V,181.02,2,ASK
2020-10-30 10:38:59,V,180.92,6,BID
2020-10-30 10:38:59,V,181.0,3,ASK
2020-10-30 10:38:51,V,180.9,3,BID
2020-10-30 10:39:00,V,180.97,4,ASK
2020-10-30 10:39:01,V,180.91,1,BID
2020-10-30 10:39:00,V,180.97,5,ASK
2020-10-30 10:39:02,V,180.88,4,BID
2020-10-30 10:39:00,V,180.97,5,ASK
2020-10-30 10:39:02,V,180.88,4,BID
2020-10-30 10:39:00,V,180.97,5,ASK
2020-10-30 10:39:02,V,180.88,4,BID
2020-10-30 10:39:00,V,180.97,5,ASK
2020-10-30 10:39:02,V,180.88,4,BID
2020-10-30 10:39:00,V,180.97,5,ASK
2020-10-30 10:39:04,V,180.88,5,BID
2020-10-30 10:39:00,V,180.97,5,ASK
2020-10-30 10:39:04,V,180.88,6,BID
2020-10-30 10:39:00,V,180.97,5,ASK
2020-10-30 10:39:05,V,180.9,2,BID
2020-10-30 10:39:05,V,181.0,9,ASK
2020-10-30 10:39:08,V,180.9,5,BID
2020-10-30 10:39:08,V,181.0,10,ASK
2020-10-30 10:39:10,V,181.03,2,BID
2020-10-30 10:39:09,V,181.12,6,ASK
2020-10-30 10:39:10,V,181.03,2,BID
2020-10-30 10:39:10,V,181.14,6,ASK
2020-10-30 10:39:10,V,181.03,2,BID
2020-10-30 10:39:10,V,181.14,6,ASK
2020-10-30 10:39:10,V,181.03,4,BID
2020-10-30 10:39:10,V,181.14,6,ASK
2020-10-30 10:39:10,V,181.03,4,BID
2020-10-30 10:39:11,V,181.09,2,ASK
2020-10-30 10:39:10,V,181.03,4,BID
2020-10-30 10:39:11,V,181.09,2,ASK
2020-10-30 10:39:10,V,181.03,4,BID
2020-10-30 10:39:11,V,181.09,2,ASK
2020-10-30 10:39:15,V,181.03,6,BID
2020-10-30 10:39:15,V,181.13,1,ASK
2020-10-30 10:39:17,V,181.03,6,BID
2020-10-30 10:39:17,V,181.08,2,ASK
2020-10-30 10:39:08,V,181.0,6,BID
2020-10-30 10:39:20,V,181.05,1,ASK
2020-10-30 10:39:08,V,181.0,6,BID
2020-10-30 10:39:22,V,181.05,3,ASK
2020-10-30 10:39:08,V,181.0,6,BID
2020-10-30 10:39:23,V,181.09,2,ASK
2020-10-30 10:39:08,V,181.0,6,BID
2020-10-30 10:39:24,V,181.09,2,ASK
2020-10-30 10:39:26,V,181.02,2,BID
2020-10-30 10:39:26,V,181.09,2,ASK
2020-10-30 10:39:08,V,181.0,6,BID
2020-10-30 10:39:28,V,181.09,2,ASK
2020-10-30 10:39:29,V,181.03,2,BID
2020-10-30 10:39:29,V,181.09,2,ASK
2020-10-30 10:39:30,V,181.03,2,BID
2020-10-30 10:39:30,V,181.09,2,ASK
2020-10-30 10:39:31,V,181.04,2,BID
2020-10-30 10:39:31,V,181.09,2,ASK
2020-10-30 10:39:32,V,181.04,2,BID
2020-10-30 10:39:32,V,181.09,4,ASK
2020-10-30 10:39:32,V,181.04,2,BID
2020-10-30 10:39:32,V,181.09,4,ASK
2020-10-30 10:39:08,V,181.0,7,BID
2020-10-30 10:39:33,V,181.05,1,ASK
2020-10-30 10:39:35,V,180.95,4,BID
2020-10-30 10:39:36,V,181.01,2,ASK
2020-10-30 10:39:35,V,180.95,4,BID
2020-10-30 10:39:36,V,181.01,2,ASK
2020-10-30 10:39:35,V,180.95,6,BID
2020-10-30 10:39:38,V,181.01,2,ASK
2020-10-30 10:39:35,V,180.95,5,BID
2020-10-30 10:39:39,V,181.06,4,ASK
2020-10-30 10:39:41,V,180.96,3,BID
2020-10-30 10:39:41,V,181.01,2,ASK
2020-10-30 10:39:41,V,180.96,3,BID
2020-10-30 10:39:41,V,181.01,2,ASK
2020-10-30 10:39:41,V,180.96,3,BID
2020-10-30 10:39:41,V,181.01,2,ASK
2020-10-30 10:39:45,V,180.96,3,BID
2020-10-30 10:39:45,V,181.05,7,ASK
2020-10-30 10:39:46,V,180.97,2,BID
2020-10-30 10:39:46,V,181.09,3,ASK
2020-10-30 10:39:46,V,181.0,2,BID
2020-10-30 10:39:46,V,181.09,3,ASK
2020-10-30 10:39:47,V,181.0,2,BID
2020-10-30 10:39:47,V,181.09,3,ASK
2020-10-30 10:39:47,V,181.0,2,BID
2020-10-30 10:39:47,V,181.09,3,ASK
2020-10-30 10:39:47,V,181.0,2,BID
2020-10-30 10:39:47,V,181.09,3,ASK
2020-10-30 10:39:49,V,181.0,3,BID
2020-10-30 10:39:49,V,181.05,2,ASK
2020-10-30 10:39:51,V,181.02,2,BID
2020-10-30 10:39:51,V,181.09,4,ASK
2020-10-30 10:39:53,V,181.05,1,BID
2020-10-30 10:39:53,V,181.16,2,ASK
2020-10-30 10:39:55,V,181.05,4,BID
2020-10-30 10:39:55,V,181.17,4,ASK
2020-10-30 10:39:56,V,181.05,4,BID
2020-10-30 10:39:56,V,181.16,2,ASK
2020-10-30 10:39:57,V,181.06,5,BID
2020-10-30 10:39:58,V,181.18,3,ASK
2020-10-30 10:39:57,V,181.06,5,BID
2020-10-30 10:39:59,V,181.17,3,ASK
2020-10-30 10:40:00,V,181.06,4,BID
2020-10-30 10:40:00,V,181.19,3,ASK
2020-10-30 10:40:00,V,181.06,4,BID
2020-10-30 10:40:00,V,181.19,3,ASK
2020-10-30 10:40:00,V,181.06,4,BID
2020-10-30 10:40:00,V,181.19,3,ASK
2020-10-30 10:40:00,V,181.06,4,BID
2020-10-30 10:40:00,V,181.19,3,ASK
2020-10-30 10:40:00,V,181.06,4,BID
2020-10-30 10:40:00,V,181.19,3,ASK
2020-10-30 10:40:00,V,181.07,1,BID
2020-10-30 10:40:00,V,181.19,3,ASK
2020-10-30 10:40:00,V,181.06,4,BID
2020-10-30 10:40:00,V,181.19,3,ASK
2020-10-30 10:40:00,V,181.06,4,BID
2020-10-30 10:40:00,V,181.19,3,ASK
2020-10-30 10:40:00,V,181.06,4,BID
2020-10-30 10:40:00,V,181.19,3,ASK
2020-10-30 10:40:01,V,181.06,5,BID
2020-10-30 10:40:01,V,181.19,3,ASK
2020-10-30 10:40:02,V,181.02,3,BID
2020-10-30 10:40:02,V,181.15,6,ASK
2020-10-30 10:40:03,V,180.95,6,BID
2020-10-30 10:40:03,V,181.01,2,ASK
2020-10-30 10:40:03,V,180.91,1,BID
2020-10-30 10:40:03,V,181.01,4,ASK
2020-10-30 10:40:04,V,180.91,3,BID
2020-10-30 10:40:04,V,181.01,6,ASK
2020-10-30 10:40:06,V,180.91,6,BID
2020-10-30 10:40:06,V,180.97,2,ASK
2020-10-30 10:40:06,V,180.91,6,BID
2020-10-30 10:40:06,V,180.97,2,ASK
2020-10-30 10:40:06,V,180.91,6,BID
2020-10-30 10:40:06,V,180.97,2,ASK
2020-10-30 10:40:09,V,180.92,3,BID
2020-10-30 10:40:09,V,180.97,4,ASK
2020-10-30 10:40:10,V,180.92,3,BID
2020-10-30 10:40:09,V,180.97,4,ASK
2020-10-30 10:40:10,V,180.92,3,BID
2020-10-30 10:40:09,V,180.97,4,ASK
2020-10-30 10:40:10,V,180.92,3,BID
2020-10-30 10:40:09,V,180.97,4,ASK
2020-10-30 10:40:13,V,180.88,5,BID
2020-10-30 10:40:13,V,180.93,2,ASK
2020-10-30 10:40:13,V,180.85,2,BID
2020-10-30 10:40:13,V,180.92,3,ASK
2020-10-30 10:40:14,V,180.74,1,BID
2020-10-30 10:40:14,V,180.91,5,ASK
2020-10-30 10:40:14,V,180.73,1,BID
2020-10-30 10:40:14,V,180.86,1,ASK
2020-10-30 10:40:17,V,180.79,1,BID
2020-10-30 10:40:17,V,180.88,4,ASK
2020-10-30 10:40:17,V,180.79,1,BID
2020-10-30 10:40:17,V,180.88,4,ASK
2020-10-30 10:40:17,V,180.79,1,BID
2020-10-30 10:40:17,V,180.88,4,ASK
2020-10-30 10:40:18,V,180.79,1,BID
2020-10-30 10:40:18,V,180.85,3,ASK
2020-10-30 10:40:18,V,180.79,1,BID
2020-10-30 10:40:18,V,180.85,3,ASK
2020-10-30 10:40:18,V,180.79,1,BID
2020-10-30 10:40:18,V,180.85,3,ASK
2020-10-30 10:40:18,V,180.79,1,BID
2020-10-30 10:40:18,V,180.85,3,ASK
2020-10-30 10:40:18,V,180.79,1,BID
2020-10-30 10:40:18,V,180.85,3,ASK
2020-10-30 10:40:19,V,180.79,3,BID
2020-10-30 10:40:19,V,180.85,4,ASK
2020-10-30 10:40:19,V,180.77,1,BID
2020-10-30 10:40:19,V,180.85,4,ASK
2020-10-30 10:40:28,V,180.84,4,BID
2020-10-30 10:40:28,V,180.95,7,ASK
2020-10-30 10:40:28,V,180.84,6,BID
2020-10-30 10:40:30,V,180.95,6,ASK
2020-10-30 10:40:31,V,180.84,6,BID
2020-10-30 10:40:31,V,180.94,2,ASK
2020-10-30 10:40:32,V,180.84,8,BID
2020-10-30 10:40:32,V,180.94,6,ASK
2020-10-30 10:40:32,V,180.84,9,BID
2020-10-30 10:40:32,V,180.92,1,ASK
2020-10-30 10:40:32,V,180.84,9,BID
2020-10-30 10:40:33,V,180.92,1,ASK
2020-10-30 10:40:34,V,180.73,4,BID
2020-10-30 10:40:34,V,180.85,2,ASK
2020-10-30 10:40:35,V,180.73,5,BID
2020-10-30 10:40:35,V,180.85,7,ASK
2020-10-30 10:40:35,V,180.74,3,BID
2020-10-30 10:40:35,V,180.85,5,ASK
2020-10-30 10:40:35,V,180.74,3,BID
2020-10-30 10:40:35,V,180.85,5,ASK
2020-10-30 10:40:38,V,180.78,2,BID
2020-10-30 10:40:37,V,180.91,8,ASK
2020-10-30 10:40:40,V,180.78,2,BID
2020-10-30 10:40:40,V,180.91,10,ASK
2020-10-30 10:40:40,V,180.78,2,BID
2020-10-30 10:40:41,V,180.91,10,ASK
2020-10-30 10:40:42,V,180.78,2,BID
2020-10-30 10:40:42,V,180.91,10,ASK
2020-10-30 10:40:43,V,180.78,2,BID
2020-10-30 10:40:43,V,180.91,10,ASK
2020-10-30 10:40:45,V,180.78,2,BID
2020-10-30 10:40:45,V,180.9,1,ASK
2020-10-30 10:40:45,V,180.78,2,BID
2020-10-30 10:40:45,V,180.9,1,ASK
2020-10-30 10:40:47,V,180.78,2,BID
2020-10-30 10:40:47,V,180.9,3,ASK
2020-10-30 10:40:48,V,180.78,2,BID
2020-10-30 10:40:47,V,180.9,3,ASK
2020-10-30 10:40:49,V,180.85,4,BID
2020-10-30 10:40:13,V,180.97,7,ASK
2020-10-30 10:40:50,V,180.85,6,BID
2020-10-30 10:40:13,V,180.97,6,ASK
2020-10-30 10:40:50,V,180.85,6,BID
2020-10-30 10:40:13,V,180.97,6,ASK
2020-10-30 10:40:50,V,180.85,6,BID
2020-10-30 10:40:13,V,180.97,6,ASK
2020-10-30 10:40:53,V,180.86,4,BID
2020-10-30 10:40:13,V,180.97,6,ASK
2020-10-30 10:40:55,V,180.96,8,BID
2020-10-30 10:40:55,V,181.08,3,ASK
2020-10-30 10:40:55,V,180.96,8,BID
2020-10-30 10:40:55,V,181.08,3,ASK
2020-10-30 10:40:56,V,180.96,8,BID
2020-10-30 10:40:56,V,181.06,3,ASK
2020-10-30 10:40:57,V,180.96,8,BID
2020-10-30 10:40:57,V,181.05,3,ASK
2020-10-30 10:40:58,V,181.0,2,BID
2020-10-30 10:40:58,V,181.05,4,ASK
2020-10-30 10:40:59,V,180.96,8,BID
2020-10-30 10:40:59,V,181.03,3,ASK
2020-10-30 10:40:59,V,180.96,8,BID
2020-10-30 10:41:00,V,181.03,3,ASK
2020-10-30 10:41:02,V,180.98,2,BID
2020-10-30 10:41:02,V,181.06,2,ASK
2020-10-30 10:41:02,V,180.99,3,BID
2020-10-30 10:41:02,V,181.06,4,ASK
2020-10-30 10:41:04,V,181.03,1,BID
2020-10-30 10:41:04,V,181.12,5,ASK
2020-10-30 10:41:04,V,181.03,1,BID
2020-10-30 10:41:04,V,181.12,5,ASK
2020-10-30 10:41:05,V,181.03,1,BID
2020-10-30 10:41:05,V,181.13,2,ASK
2020-10-30 10:41:06,V,181.03,2,BID
2020-10-30 10:41:06,V,181.1,4,ASK
2020-10-30 10:41:07,V,181.03,3,BID
2020-10-30 10:41:07,V,181.1,3,ASK
2020-10-30 10:41:08,V,181.06,3,BID
2020-10-30 10:41:08,V,181.1,2,ASK
2020-10-30 10:41:09,V,181.06,5,BID
2020-10-30 10:41:09,V,181.11,2,ASK
2020-10-30 10:41:10,V,180.98,5,BID
2020-10-30 10:41:10,V,181.09,2,ASK
2020-10-30 10:41:12,V,180.99,3,BID
2020-10-30 10:41:12,V,181.04,2,ASK
2020-10-30 10:41:10,V,180.98,5,BID
2020-10-30 10:41:12,V,181.04,3,ASK
2020-10-30 10:41:14,V,180.98,5,BID
2020-10-30 10:41:14,V,181.04,3,ASK
2020-10-30 10:41:16,V,180.96,10,BID
2020-10-30 10:41:16,V,181.03,1,ASK
2020-10-30 10:41:16,V,180.99,1,BID
2020-10-30 10:41:16,V,181.02,2,ASK
2020-10-30 10:41:17,V,180.99,1,BID
2020-10-30 10:41:17,V,181.04,5,ASK
2020-10-30 10:41:17,V,180.96,10,BID
2020-10-30 10:41:18,V,181.04,5,ASK
2020-10-30 10:41:19,V,180.9,3,BID
2020-10-30 10:41:19,V,180.99,1,ASK
2020-10-30 10:41:20,V,180.9,3,BID
2020-10-30 10:41:20,V,180.99,3,ASK
2020-10-30 10:41:21,V,180.91,3,BID
2020-10-30 10:41:21,V,181.0,4,ASK
2020-10-30 10:41:22,V,180.79,6,BID
2020-10-30 10:41:22,V,180.91,2,ASK
2020-10-30 10:41:22,V,180.81,3,BID
2020-10-30 10:41:22,V,180.93,1,ASK
2020-10-30 10:41:22,V,180.81,3,BID
2020-10-30 10:41:22,V,180.93,4,ASK
2020-10-30 10:41:22,V,180.81,4,BID
2020-10-30 10:41:23,V,180.92,8,ASK
2020-10-30 10:41:22,V,180.81,4,BID
2020-10-30 10:41:23,V,180.92,8,ASK
2020-10-30 10:41:22,V,180.81,4,BID
2020-10-30 10:41:22,V,180.93,2,ASK
2020-10-30 10:41:22,V,180.81,4,BID
2020-10-30 10:41:24,V,180.93,3,ASK
2020-10-30 10:41:22,V,180.81,4,BID
2020-10-30 10:41:25,V,180.91,2,ASK
2020-10-30 10:41:22,V,180.81,4,BID
2020-10-30 10:41:25,V,180.91,2,ASK
2020-10-30 10:41:27,V,180.84,4,BID
2020-10-30 10:41:27,V,180.95,1,ASK
2020-10-30 10:41:28,V,180.84,4,BID
2020-10-30 10:41:28,V,180.93,2,ASK
2020-10-30 10:41:28,V,180.84,5,BID
2020-10-30 10:41:28,V,180.95,1,ASK
2020-10-30 10:41:28,V,180.84,5,BID
2020-10-30 10:41:30,V,180.95,1,ASK
2020-10-30 10:41:28,V,180.84,5,BID
2020-10-30 10:41:31,V,180.92,2,ASK
2020-10-30 10:41:28,V,180.84,5,BID
2020-10-30 10:41:32,V,180.94,1,ASK
2020-10-30 10:41:28,V,180.84,6,BID
2020-10-30 10:41:34,V,180.9,4,ASK
2020-10-30 10:41:35,V,180.79,6,BID
2020-10-30 10:41:35,V,180.9,4,ASK
2020-10-30 10:41:36,V,180.79,6,BID
2020-10-30 10:41:36,V,180.88,3,ASK
2020-10-30 10:41:37,V,180.79,6,BID
2020-10-30 10:41:37,V,180.87,2,ASK
2020-10-30 10:41:37,V,180.79,6,BID
2020-10-30 10:41:37,V,180.87,1,ASK
2020-10-30 10:41:38,V,180.79,6,BID
2020-10-30 10:41:38,V,180.87,2,ASK
2020-10-30 10:41:41,V,180.78,3,BID
2020-10-30 10:41:41,V,180.87,5,ASK
2020-10-30 10:41:41,V,180.78,3,BID
2020-10-30 10:41:41,V,180.87,7,ASK
2020-10-30 10:41:42,V,180.78,4,BID
2020-10-30 10:41:42,V,180.86,2,ASK
2020-10-30 10:41:42,V,180.79,4,BID
2020-10-30 10:41:42,V,180.9,3,ASK
2020-10-30 10:41:43,V,180.79,4,BID
2020-10-30 10:41:43,V,180.91,2,ASK
2020-10-30 10:41:44,V,180.8,4,BID
2020-10-30 10:41:45,V,180.95,3,ASK
2020-10-30 10:41:44,V,180.8,4,BID
2020-10-30 10:41:45,V,180.95,3,ASK
2020-10-30 10:41:44,V,180.8,4,BID
2020-10-30 10:41:45,V,180.95,3,ASK
2020-10-30 10:41:47,V,180.9,2,BID
2020-10-30 10:41:27,V,180.97,4,ASK
2020-10-30 10:41:48,V,180.9,1,BID
2020-10-30 10:41:48,V,181.01,3,ASK
2020-10-30 10:41:49,V,180.9,2,BID
2020-10-30 10:41:49,V,181.02,2,ASK
2020-10-30 10:41:50,V,180.92,3,BID
2020-10-30 10:41:50,V,181.06,3,ASK
2020-10-30 10:41:50,V,180.92,1,BID
2020-10-30 10:41:50,V,181.04,4,ASK
2020-10-30 10:41:50,V,180.92,1,BID
2020-10-30 10:41:50,V,181.04,4,ASK
2020-10-30 10:41:50,V,180.92,1,BID
2020-10-30 10:41:50,V,181.04,4,ASK
2020-10-30 10:41:50,V,180.92,1,BID
2020-10-30 10:41:50,V,181.04,4,ASK
2020-10-30 10:41:52,V,180.9,3,BID
2020-10-30 10:41:52,V,181.03,3,ASK
2020-10-30 10:41:54,V,180.9,3,BID
2020-10-30 10:41:54,V,181.03,4,ASK
2020-10-30 10:41:54,V,180.9,8,BID
2020-10-30 10:41:54,V,181.03,4,ASK
2020-10-30 10:41:55,V,180.9,8,BID
2020-10-30 10:41:55,V,181.03,4,ASK
2020-10-30 10:41:57,V,180.9,8,BID
2020-10-30 10:41:57,V,181.03,5,ASK
2020-10-30 10:41:57,V,180.9,7,BID
2020-10-30 10:41:58,V,181.03,5,ASK
2020-10-30 10:41:57,V,180.9,7,BID
2020-10-30 10:41:58,V,181.03,5,ASK
2020-10-30 10:41:59,V,180.91,3,BID
2020-10-30 10:41:59,V,181.03,5,ASK
2020-10-30 10:42:00,V,180.83,1,BID
2020-10-30 10:42:00,V,180.96,3,ASK
2020-10-30 10:42:00,V,180.85,7,BID
2020-10-30 10:42:00,V,180.96,3,ASK
2020-10-30 10:42:01,V,180.86,3,BID
2020-10-30 10:42:01,V,180.97,2,ASK
2020-10-30 10:42:01,V,180.85,7,BID
2020-10-30 10:42:02,V,180.98,3,ASK
2020-10-30 10:42:01,V,180.85,7,BID
2020-10-30 10:42:02,V,180.97,2,ASK
2020-10-30 10:42:01,V,180.85,7,BID
2020-10-30 10:42:03,V,180.98,4,ASK
2020-10-30 10:42:04,V,180.8,5,BID
2020-10-30 10:42:04,V,180.93,1,ASK
2020-10-30 10:42:04,V,180.8,6,BID
2020-10-30 10:42:04,V,180.9,3,ASK
2020-10-30 10:42:04,V,180.8,6,BID
2020-10-30 10:42:04,V,180.9,3,ASK
2020-10-30 10:42:05,V,180.78,2,BID
2020-10-30 10:42:05,V,180.9,3,ASK
2020-10-30 10:42:05,V,180.78,2,BID
2020-10-30 10:42:05,V,180.9,3,ASK
2020-10-30 10:42:06,V,180.78,2,BID
2020-10-30 10:42:06,V,180.9,3,ASK
2020-10-30 10:42:08,V,180.78,3,BID
2020-10-30 10:42:08,V,180.9,6,ASK
2020-10-30 10:42:09,V,180.78,5,BID
2020-10-30 10:42:09,V,180.9,6,ASK
2020-10-30 10:42:10,V,180.78,5,BID
2020-10-30 10:42:11,V,180.9,5,ASK
2020-10-30 10:42:10,V,180.78,5,BID
2020-10-30 10:42:11,V,180.9,5,ASK
2020-10-30 10:42:12,V,180.79,3,BID
2020-10-30 10:42:12,V,180.9,5,ASK
2020-10-30 10:42:13,V,180.8,1,BID
2020-10-30 10:42:13,V,180.96,2,ASK
2020-10-30 10:42:14,V,180.79,4,BID
2020-10-30 10:42:14,V,180.95,4,ASK
2020-10-30 10:42:15,V,180.79,4,BID
2020-10-30 10:42:15,V,180.95,5,ASK
2020-10-30 10:42:16,V,180.79,4,BID
2020-10-30 10:42:16,V,180.95,5,ASK
2020-10-30 10:42:17,V,180.8,3,BID
2020-10-30 10:42:17,V,180.95,1,ASK
2020-10-30 10:42:18,V,180.8,3,BID
2020-10-30 10:42:18,V,180.95,2,ASK
2020-10-30 10:42:18,V,180.8,3,BID
2020-10-30 10:42:18,V,180.95,2,ASK
2020-10-30 10:42:19,V,180.8,3,BID
2020-10-30 10:42:19,V,180.92,1,ASK
2020-10-30 10:42:21,V,180.8,3,BID
2020-10-30 10:42:21,V,180.92,1,ASK
2020-10-30 10:42:21,V,180.88,5,BID
2020-10-30 10:42:22,V,180.96,1,ASK
2020-10-30 10:42:21,V,180.88,5,BID
2020-10-30 10:42:24,V,180.97,1,ASK
2020-10-30 10:42:21,V,180.88,5,BID
2020-10-30 10:42:25,V,180.99,5,ASK
2020-10-30 10:42:21,V,180.88,5,BID
2020-10-30 10:42:26,V,180.99,5,ASK
2020-10-30 10:42:27,V,180.92,4,BID
2020-10-30 10:42:27,V,181.0,1,ASK
2020-10-30 10:42:28,V,180.95,4,BID
2020-10-30 10:42:28,V,181.04,5,ASK
2020-10-30 10:42:26,V,180.88,8,BID
2020-10-30 10:42:29,V,181.0,2,ASK
2020-10-30 10:42:31,V,180.83,3,BID
2020-10-30 10:42:31,V,180.97,2,ASK
2020-10-30 10:42:32,V,180.83,3,BID
2020-10-30 10:42:32,V,180.97,2,ASK
2020-10-30 10:42:34,V,180.83,3,BID
2020-10-30 10:42:34,V,180.95,4,ASK
2020-10-30 10:42:34,V,180.83,3,BID
2020-10-30 10:42:34,V,180.95,4,ASK
2020-10-30 10:42:35,V,180.83,4,BID
2020-10-30 10:42:34,V,180.95,4,ASK
2020-10-30 10:42:37,V,180.83,4,BID
2020-10-30 10:42:37,V,180.95,6,ASK
2020-10-30 10:42:38,V,180.83,4,BID
2020-10-30 10:42:38,V,180.95,4,ASK
2020-10-30 10:42:38,V,180.83,4,BID
2020-10-30 10:42:38,V,180.95,4,ASK
2020-10-30 10:42:38,V,180.83,4,BID
2020-10-30 10:42:38,V,180.95,4,ASK
2020-10-30 10:42:41,V,180.8,6,BID
2020-10-30 10:42:41,V,180.89,6,ASK
2020-10-30 10:42:42,V,180.75,3,BID
2020-10-30 10:42:42,V,180.83,1,ASK
2020-10-30 10:42:42,V,180.75,3,BID
2020-10-30 10:42:42,V,180.83,1,ASK
2020-10-30 10:42:44,V,180.75,3,BID
2020-10-30 10:42:44,V,180.83,1,ASK
2020-10-30 10:42:45,V,180.75,5,BID
2020-10-30 10:42:45,V,180.91,6,ASK
2020-10-30 10:42:46,V,180.75,6,BID
2020-10-30 10:42:46,V,180.89,3,ASK
2020-10-30 10:42:46,V,180.75,6,BID
2020-10-30 10:42:48,V,180.89,6,ASK
2020-10-30 10:42:50,V,180.76,2,BID
2020-10-30 10:42:50,V,180.88,4,ASK
2020-10-30 10:42:49,V,180.75,4,BID
2020-10-30 10:42:50,V,180.88,4,ASK
2020-10-30 10:42:49,V,180.75,4,BID
2020-10-30 10:42:50,V,180.88,4,ASK
2020-10-30 10:42:52,V,180.77,1,BID
2020-10-30 10:42:52,V,180.88,9,ASK
2020-10-30 10:42:53,V,180.75,3,BID
2020-10-30 10:42:53,V,180.86,1,ASK
2020-10-30 10:42:54,V,180.75,2,BID
2020-10-30 10:42:54,V,180.86,2,ASK
2020-10-30 10:42:54,V,180.75,2,BID
2020-10-30 10:42:54,V,180.85,1,ASK
2020-10-30 10:42:54,V,180.75,2,BID
2020-10-30 10:42:54,V,180.85,1,ASK
2020-10-30 10:42:56,V,180.76,3,BID
2020-10-30 10:42:56,V,180.85,3,ASK
2020-10-30 10:42:57,V,180.76,3,BID
2020-10-30 10:42:57,V,180.85,5,ASK
2020-10-30 10:42:58,V,180.77,3,BID
2020-10-30 10:42:58,V,180.85,5,ASK
2020-10-30 10:42:59,V,180.77,3,BID
2020-10-30 10:42:58,V,180.85,5,ASK
2020-10-30 10:43:00,V,180.77,4,BID
2020-10-30 10:42:58,V,180.85,5,ASK
2020-10-30 10:43:00,V,180.79,3,BID
2020-10-30 10:42:32,V,180.97,3,ASK
2020-10-30 10:43:00,V,180.79,3,BID
2020-10-30 10:42:32,V,180.97,3,ASK
2020-10-30 10:43:01,V,180.8,2,BID
2020-10-30 10:43:01,V,180.96,4,ASK
2020-10-30 10:43:01,V,180.86,4,BID
2020-10-30 10:43:01,V,180.96,7,ASK
2020-10-30 10:43:01,V,180.91,2,BID
2020-10-30 10:43:01,V,181.01,3,ASK
2020-10-30 10:43:02,V,180.91,2,BID
2020-10-30 10:43:02,V,181.01,4,ASK
2020-10-30 10:43:02,V,180.91,2,BID
2020-10-30 10:43:02,V,181.01,4,ASK
2020-10-30 10:43:03,V,180.94,2,BID
2020-10-30 10:43:03,V,181.05,1,ASK
2020-10-30 10:43:03,V,180.94,2,BID
2020-10-30 10:43:03,V,181.04,1,ASK
2020-10-30 10:43:03,V,180.94,2,BID
2020-10-30 10:43:03,V,181.05,1,ASK
2020-10-30 10:43:04,V,180.94,2,BID
2020-10-30 10:43:04,V,181.05,1,ASK
2020-10-30 10:43:04,V,180.94,2,BID
2020-10-30 10:43:04,V,181.05,1,ASK
2020-10-30 10:43:05,V,180.89,2,BID
2020-10-30 10:43:05,V,181.02,1,ASK
2020-10-30 10:43:05,V,180.89,2,BID
2020-10-30 10:43:05,V,181.03,3,ASK
2020-10-30 10:43:05,V,180.89,2,BID
2020-10-30 10:43:05,V,181.03,3,ASK
2020-10-30 10:43:06,V,180.89,2,BID
2020-10-30 10:43:06,V,181.04,2,ASK
2020-10-30 10:43:07,V,180.86,1,BID
2020-10-30 10:43:07,V,181.01,2,ASK
2020-10-30 10:43:07,V,180.84,2,BID
2020-10-30 10:43:07,V,180.99,1,ASK
2020-10-30 10:43:08,V,180.82,3,BID
2020-10-30 10:43:08,V,180.99,2,ASK
2020-10-30 10:43:09,V,180.82,3,BID
2020-10-30 10:43:09,V,180.96,2,ASK
2020-10-30 10:43:10,V,180.82,3,BID
2020-10-30 10:43:10,V,180.96,2,ASK
2020-10-30 10:43:10,V,180.82,2,BID
2020-10-30 10:43:10,V,180.95,4,ASK
2020-10-30 10:43:11,V,180.84,1,BID
2020-10-30 10:43:11,V,180.95,4,ASK
2020-10-30 10:43:12,V,180.82,2,BID
2020-10-30 10:43:12,V,180.95,4,ASK
2020-10-30 10:43:13,V,180.84,2,BID
2020-10-30 10:43:13,V,180.96,2,ASK
2020-10-30 10:43:14,V,180.82,2,BID
2020-10-30 10:43:14,V,180.95,4,ASK
2020-10-30 10:43:15,V,180.88,1,BID
2020-10-30 10:43:15,V,181.03,1,ASK
2020-10-30 10:43:15,V,180.9,1,BID
2020-10-30 10:43:15,V,181.04,5,ASK
2020-10-30 10:43:16,V,180.88,2,BID
2020-10-30 10:43:15,V,181.04,5,ASK
2020-10-30 10:43:17,V,180.88,2,BID
2020-10-30 10:43:15,V,181.04,5,ASK
2020-10-30 10:43:18,V,180.89,1,BID
2020-10-30 10:43:18,V,181.02,2,ASK
2020-10-30 10:43:18,V,180.88,3,BID
2020-10-30 10:43:18,V,181.01,4,ASK
2020-10-30 10:43:19,V,180.88,3,BID
2020-10-30 10:43:19,V,180.99,2,ASK
2020-10-30 10:43:19,V,180.88,3,BID
2020-10-30 10:43:19,V,180.99,2,ASK
2020-10-30 10:43:21,V,180.83,2,BID
2020-10-30 10:43:21,V,180.92,2,ASK
2020-10-30 10:43:21,V,180.78,3,BID
2020-10-30 10:43:21,V,180.92,3,ASK
2020-10-30 10:43:21,V,180.78,3,BID
2020-10-30 10:43:21,V,180.92,3,ASK
2020-10-30 10:43:00,V,180.77,2,BID
2020-10-30 10:43:22,V,180.92,3,ASK
2020-10-30 10:43:22,V,180.78,1,BID
2020-10-30 10:43:22,V,180.92,3,ASK
2020-10-30 10:43:23,V,180.69,4,BID
2020-10-30 10:43:23,V,180.83,5,ASK
2020-10-30 10:43:23,V,180.69,1,BID
2020-10-30 10:43:23,V,180.83,6,ASK
2020-10-30 10:43:24,V,180.69,1,BID
2020-10-30 10:43:24,V,180.84,5,ASK
2020-10-30 10:43:24,V,180.69,1,BID
2020-10-30 10:43:24,V,180.84,5,ASK
2020-10-30 10:43:24,V,180.71,1,BID
2020-10-30 10:43:24,V,180.84,5,ASK
2020-10-30 10:43:25,V,180.69,2,BID
2020-10-30 10:43:25,V,180.83,1,ASK
2020-10-30 10:43:26,V,180.72,2,BID
2020-10-30 10:43:26,V,180.84,8,ASK
2020-10-30 10:43:27,V,180.72,4,BID
2020-10-30 10:43:27,V,180.83,4,ASK
2020-10-30 10:43:28,V,180.72,4,BID
2020-10-30 10:43:28,V,180.83,2,ASK
2020-10-30 10:43:30,V,180.72,5,BID
2020-10-30 10:43:30,V,180.82,1,ASK
2020-10-30 10:43:31,V,180.73,1,BID
2020-10-30 10:43:31,V,180.83,2,ASK
2020-10-30 10:43:31,V,180.73,3,BID
2020-10-30 10:43:32,V,180.83,1,ASK
2020-10-30 10:43:32,V,180.73,5,BID
2020-10-30 10:43:32,V,180.84,8,ASK
2020-10-30 10:43:33,V,180.73,5,BID
2020-10-30 10:43:33,V,180.84,8,ASK
2020-10-30 10:43:34,V,180.73,5,BID
2020-10-30 10:43:34,V,180.84,8,ASK
2020-10-30 10:43:35,V,180.73,5,BID
2020-10-30 10:43:35,V,180.83,1,ASK
2020-10-30 10:43:37,V,180.73,6,BID
2020-10-30 10:43:37,V,180.82,5,ASK
2020-10-30 10:43:38,V,180.73,7,BID
2020-10-30 10:43:38,V,180.82,6,ASK
2020-10-30 10:43:38,V,180.73,7,BID
2020-10-30 10:43:38,V,180.81,1,ASK
2020-10-30 10:43:30,V,180.72,5,BID
2020-10-30 10:43:40,V,180.81,1,ASK
2020-10-30 10:43:30,V,180.72,5,BID
2020-10-30 10:43:40,V,180.81,1,ASK
2020-10-30 10:43:30,V,180.72,5,BID
2020-10-30 10:43:41,V,180.81,1,ASK
2020-10-30 10:43:30,V,180.72,5,BID
2020-10-30 10:43:43,V,180.79,2,ASK
2020-10-30 10:43:30,V,180.72,4,BID
2020-10-30 10:43:44,V,180.79,4,ASK
2020-10-30 10:43:46,V,180.63,1,BID
2020-10-30 10:43:46,V,180.75,3,ASK
2020-10-30 10:43:46,V,180.63,1,BID
2020-10-30 10:43:46,V,180.71,1,ASK
2020-10-30 10:43:46,V,180.61,5,BID
2020-10-30 10:43:46,V,180.73,3,ASK
2020-10-30 10:43:47,V,180.61,1,BID
2020-10-30 10:43:47,V,180.72,4,ASK
2020-10-30 10:43:47,V,180.56,5,BID
2020-10-30 10:43:47,V,180.68,1,ASK
2020-10-30 10:43:47,V,180.57,1,BID
2020-10-30 10:43:47,V,180.7,5,ASK
2020-10-30 10:43:47,V,180.56,9,BID
2020-10-30 10:43:48,V,180.66,1,ASK
2020-10-30 10:43:47,V,180.56,9,BID
2020-10-30 10:43:48,V,180.63,2,ASK
2020-10-30 10:43:48,V,180.53,2,BID
2020-10-30 10:43:49,V,180.64,2,ASK
2020-10-30 10:43:48,V,180.53,2,BID
2020-10-30 10:43:49,V,180.64,2,ASK
2020-10-30 10:43:49,V,180.53,3,BID
2020-10-30 10:43:49,V,180.64,4,ASK
2020-10-30 10:43:50,V,180.5,4,BID
2020-10-30 10:43:50,V,180.59,2,ASK
2020-10-30 10:43:50,V,180.5,4,BID
2020-10-30 10:43:50,V,180.62,3,ASK
2020-10-30 10:43:50,V,180.5,5,BID
2020-10-30 10:43:50,V,180.62,3,ASK
2020-10-30 10:43:50,V,180.35,1,BID
2020-10-30 10:43:50,V,180.47,1,ASK
2020-10-30 10:43:51,V,180.4,1,BID
2020-10-30 10:43:51,V,180.55,1,ASK
2020-10-30 10:43:51,V,180.42,1,BID
2020-10-30 10:43:51,V,180.6,2,ASK
2020-10-30 10:43:51,V,180.39,1,BID
2020-10-30 10:43:51,V,180.56,5,ASK
2020-10-30 10:43:52,V,180.41,3,BID
2020-10-30 10:43:51,V,180.57,3,ASK
2020-10-30 10:43:52,V,180.49,5,BID
2020-10-30 10:43:52,V,180.62,6,ASK
2020-10-30 10:43:52,V,180.56,3,BID
2020-10-30 10:43:52,V,180.63,1,ASK
2020-10-30 10:43:53,V,180.57,8,BID
2020-10-30 10:43:53,V,180.67,4,ASK
2020-10-30 10:43:53,V,180.57,8,BID
2020-10-30 10:43:53,V,180.67,6,ASK
2020-10-30 10:43:53,V,180.57,8,BID
2020-10-30 10:43:53,V,180.67,6,ASK
2020-10-30 10:43:53,V,180.57,8,BID
2020-10-30 10:43:53,V,180.67,6,ASK
2020-10-30 10:43:54,V,180.57,8,BID
2020-10-30 10:43:54,V,180.67,6,ASK
2020-10-30 10:43:55,V,180.57,8,BID
2020-10-30 10:43:55,V,180.66,3,ASK
2020-10-30 10:43:55,V,180.57,8,BID
2020-10-30 10:43:55,V,180.66,3,ASK
2020-10-30 10:43:55,V,180.57,8,BID
2020-10-30 10:43:55,V,180.66,3,ASK
2020-10-30 10:43:55,V,180.57,8,BID
2020-10-30 10:43:55,V,180.65,1,ASK
2020-10-30 10:43:56,V,180.56,6,BID
2020-10-30 10:43:56,V,180.64,3,ASK
2020-10-30 10:43:56,V,180.56,6,BID
2020-10-30 10:43:56,V,180.64,9,ASK
2020-10-30 10:43:56,V,180.59,3,BID
2020-10-30 10:43:56,V,180.69,1,ASK
2020-10-30 10:43:57,V,180.56,8,BID
2020-10-30 10:43:57,V,180.61,2,ASK
2020-10-30 10:43:57,V,180.56,2,BID
2020-10-30 10:43:57,V,180.63,1,ASK
2020-10-30 10:43:58,V,180.56,2,BID
2020-10-30 10:43:58,V,180.64,3,ASK
2020-10-30 10:43:59,V,180.56,5,BID
2020-10-30 10:43:58,V,180.68,2,ASK
2020-10-30 10:43:59,V,180.58,4,BID
2020-10-30 10:43:59,V,180.67,1,ASK
2020-10-30 10:44:00,V,180.59,3,BID
2020-10-30 10:44:00,V,180.73,3,ASK
2020-10-30 10:44:01,V,180.59,5,BID
2020-10-30 10:44:00,V,180.71,4,ASK
2020-10-30 10:44:01,V,180.65,4,BID
2020-10-30 10:44:01,V,180.76,1,ASK
2020-10-30 10:44:02,V,180.72,7,BID
2020-10-30 10:44:02,V,180.83,3,ASK
2020-10-30 10:44:02,V,180.72,7,BID
2020-10-30 10:44:02,V,180.82,2,ASK
2020-10-30 10:44:03,V,180.72,7,BID
2020-10-30 10:44:03,V,180.86,7,ASK
2020-10-30 10:44:04,V,180.73,3,BID
2020-10-30 10:44:04,V,180.85,1,ASK
2020-10-30 10:44:04,V,180.73,3,BID
2020-10-30 10:44:04,V,180.84,2,ASK
2020-10-30 10:44:04,V,180.72,7,BID
2020-10-30 10:44:04,V,180.84,2,ASK
2020-10-30 10:44:04,V,180.72,7,BID
2020-10-30 10:44:04,V,180.84,2,ASK
2020-10-30 10:44:05,V,180.72,1,BID
2020-10-30 10:44:05,V,180.79,1,ASK
2020-10-30 10:44:06,V,180.68,3,BID
2020-10-30 10:44:06,V,180.8,5,ASK
2020-10-30 10:44:06,V,180.68,3,BID
2020-10-30 10:44:06,V,180.79,1,ASK
2020-10-30 10:44:06,V,180.7,6,BID
2020-10-30 10:44:06,V,180.83,3,ASK
2020-10-30 10:44:07,V,180.7,6,BID
2020-10-30 10:44:07,V,180.84,6,ASK
2020-10-30 10:44:08,V,180.71,4,BID
2020-10-30 10:44:08,V,180.84,6,ASK
2020-10-30 10:44:08,V,180.71,4,BID
2020-10-30 10:44:08,V,180.84,6,ASK
2020-10-30 10:44:09,V,180.71,4,BID
2020-10-30 10:44:09,V,180.81,1,ASK
2020-10-30 10:44:10,V,180.71,4,BID
2020-10-30 10:44:10,V,180.79,2,ASK
2020-10-30 10:44:07,V,180.7,4,BID
2020-10-30 10:44:11,V,180.79,4,ASK
2020-10-30 10:44:12,V,180.59,8,BID
2020-10-30 10:44:11,V,180.73,4,ASK
2020-10-30 10:44:12,V,180.62,4,BID
2020-10-30 10:44:12,V,180.73,5,ASK
2020-10-30 10:44:12,V,180.63,3,BID
2020-10-30 10:44:12,V,180.73,5,ASK
2020-10-30 10:44:14,V,180.61,2,BID
2020-10-30 10:44:14,V,180.71,1,ASK
2020-10-30 10:44:15,V,180.61,2,BID
2020-10-30 10:44:14,V,180.72,5,ASK
2020-10-30 10:44:17,V,180.61,2,BID
2020-10-30 10:44:14,V,180.72,6,ASK
2020-10-30 10:44:19,V,180.61,2,BID
2020-10-30 10:44:19,V,180.71,3,ASK
2020-10-30 10:44:20,V,180.62,1,BID
2020-10-30 10:44:20,V,180.71,3,ASK
2020-10-30 10:44:21,V,180.66,3,BID
2020-10-30 10:44:14,V,180.72,6,ASK
2020-10-30 10:44:23,V,180.63,3,BID
2020-10-30 10:44:14,V,180.72,7,ASK
2020-10-30 10:44:23,V,180.63,1,BID
2020-10-30 10:44:23,V,180.71,3,ASK
2020-10-30 10:44:22,V,180.61,3,BID
2020-10-30 10:44:24,V,180.71,3,ASK
2020-10-30 10:44:25,V,180.68,4,BID
2020-10-30 10:44:11,V,180.77,4,ASK
2020-10-30 10:44:26,V,180.69,3,BID
2020-10-30 10:44:26,V,180.78,2,ASK
2020-10-30 10:44:26,V,180.72,2,BID
2020-10-30 10:44:26,V,180.83,3,ASK
2020-10-30 10:44:28,V,180.73,1,BID
2020-10-30 10:44:28,V,180.83,2,ASK
2020-10-30 10:44:30,V,180.74,2,BID
2020-10-30 10:44:28,V,180.83,2,ASK
2020-10-30 10:44:31,V,180.74,1,BID
2020-10-30 10:44:31,V,180.83,2,ASK
2020-10-30 10:44:32,V,180.74,3,BID
2020-10-30 10:44:32,V,180.83,4,ASK
2020-10-30 10:44:34,V,180.86,3,BID
2020-10-30 10:44:34,V,180.98,3,ASK
2020-10-30 10:44:35,V,180.87,5,BID
2020-10-30 10:44:34,V,180.98,3,ASK
2020-10-30 10:44:36,V,180.88,6,BID
2020-10-30 10:44:36,V,180.99,2,ASK
2020-10-30 10:44:38,V,180.91,5,BID
2020-10-30 10:44:37,V,181.0,6,ASK
2020-10-30 10:44:39,V,180.85,8,BID
2020-10-30 10:44:39,V,180.92,2,ASK
2020-10-30 10:44:40,V,180.68,6,BID
2020-10-30 10:44:40,V,180.82,2,ASK
2020-10-30 10:44:40,V,180.68,7,BID
2020-10-30 10:44:40,V,180.82,6,ASK
2020-10-30 10:44:40,V,180.68,7,BID
2020-10-30 10:44:40,V,180.8,3,ASK
2020-10-30 10:44:40,V,180.68,7,BID
2020-10-30 10:44:40,V,180.8,3,ASK
2020-10-30 10:44:40,V,180.68,7,BID
2020-10-30 10:44:40,V,180.8,3,ASK
2020-10-30 10:44:42,V,180.68,10,BID
2020-10-30 10:44:42,V,180.78,3,ASK
2020-10-30 10:44:43,V,180.62,2,BID
2020-10-30 10:44:43,V,180.76,3,ASK
2020-10-30 10:44:44,V,180.67,3,BID
2020-10-30 10:44:44,V,180.78,1,ASK
2020-10-30 10:44:44,V,180.67,3,BID
2020-10-30 10:44:44,V,180.79,6,ASK
2020-10-30 10:44:47,V,180.67,3,BID
2020-10-30 10:44:44,V,180.79,6,ASK
2020-10-30 10:44:48,V,180.65,2,BID
2020-10-30 10:44:48,V,180.75,1,ASK
2020-10-30 10:44:48,V,180.65,2,BID
2020-10-30 10:44:48,V,180.75,5,ASK
2020-10-30 10:44:48,V,180.65,2,BID
2020-10-30 10:44:48,V,180.75,5,ASK
2020-10-30 10:44:49,V,180.65,2,BID
2020-10-30 10:44:49,V,180.75,6,ASK
2020-10-30 10:44:49,V,180.65,2,BID
2020-10-30 10:44:49,V,180.75,6,ASK
2020-10-30 10:44:51,V,180.65,2,BID
2020-10-30 10:44:51,V,180.72,1,ASK
2020-10-30 10:44:52,V,180.63,3,BID
2020-10-30 10:44:52,V,180.72,4,ASK
2020-10-30 10:44:52,V,180.62,4,BID
2020-10-30 10:44:52,V,180.71,1,ASK
2020-10-30 10:44:54,V,180.56,3,BID
2020-10-30 10:44:54,V,180.69,3,ASK
2020-10-30 10:44:54,V,180.55,4,BID
2020-10-30 10:44:54,V,180.65,3,ASK
2020-10-30 10:44:54,V,180.55,4,BID
2020-10-30 10:44:54,V,180.65,3,ASK
2020-10-30 10:44:55,V,180.55,4,BID
2020-10-30 10:44:54,V,180.67,3,ASK
2020-10-30 10:44:55,V,180.55,4,BID
2020-10-30 10:44:54,V,180.67,3,ASK
2020-10-30 10:44:55,V,180.55,4,BID
2020-10-30 10:44:54,V,180.67,3,ASK
2020-10-30 10:44:55,V,180.55,4,BID
2020-10-30 10:44:54,V,180.67,3,ASK
2020-10-30 10:44:55,V,180.55,4,BID
2020-10-30 10:44:54,V,180.67,3,ASK
2020-10-30 10:44:55,V,180.55,4,BID
2020-10-30 10:44:54,V,180.67,3,ASK
2020-10-30 10:44:55,V,180.55,4,BID
2020-10-30 10:44:54,V,180.67,3,ASK
2020-10-30 10:44:55,V,180.55,4,BID
2020-10-30 10:44:54,V,180.67,3,ASK
2020-10-30 10:44:56,V,180.55,4,BID
2020-10-30 10:44:56,V,180.66,2,ASK
2020-10-30 10:44:56,V,180.55,4,BID
2020-10-30 10:44:56,V,180.66,6,ASK
2020-10-30 10:44:59,V,180.57,4,BID
2020-10-30 10:44:59,V,180.66,9,ASK
2020-10-30 10:45:00,V,180.69,4,BID
2020-10-30 10:45:00,V,180.78,3,ASK
2020-10-30 10:45:01,V,180.69,5,BID
2020-10-30 10:45:01,V,180.83,6,ASK
2020-10-30 10:45:01,V,180.75,1,BID
2020-10-30 10:45:01,V,180.83,6,ASK
2020-10-30 10:45:01,V,180.75,2,BID
2020-10-30 10:45:01,V,180.83,5,ASK
2020-10-30 10:45:02,V,180.69,3,BID
2020-10-30 10:45:01,V,180.83,5,ASK
2020-10-30 10:45:02,V,180.75,1,BID
2020-10-30 10:45:02,V,180.83,7,ASK
2020-10-30 10:45:03,V,180.66,4,BID
2020-10-30 10:45:03,V,180.79,4,ASK
2020-10-30 10:45:03,V,180.6,4,BID
2020-10-30 10:45:03,V,180.74,2,ASK
2020-10-30 10:45:03,V,180.6,5,BID
2020-10-30 10:45:03,V,180.73,4,ASK
2020-10-30 10:45:04,V,180.6,5,BID
2020-10-30 10:45:04,V,180.72,4,ASK
2020-10-30 10:45:04,V,180.61,1,BID
2020-10-30 10:45:04,V,180.72,3,ASK
2020-10-30 10:45:05,V,180.67,2,BID
2020-10-30 10:45:05,V,180.71,1,ASK
2020-10-30 10:45:06,V,180.61,2,BID
2020-10-30 10:45:06,V,180.71,1,ASK
2020-10-30 10:45:07,V,180.65,3,BID
2020-10-30 10:45:06,V,180.82,9,ASK
2020-10-30 10:45:07,V,180.65,3,BID
2020-10-30 10:45:06,V,180.82,9,ASK
2020-10-30 10:45:08,V,180.65,3,BID
2020-10-30 10:45:08,V,180.8,2,ASK
2020-10-30 10:45:10,V,180.69,3,BID
2020-10-30 10:45:02,V,180.83,5,ASK
2020-10-30 10:45:10,V,180.76,1,BID
2020-10-30 10:45:10,V,180.87,2,ASK
2020-10-30 10:45:11,V,180.75,2,BID
2020-10-30 10:45:11,V,180.87,2,ASK
2020-10-30 10:45:12,V,180.77,6,BID
2020-10-30 10:45:12,V,180.93,2,ASK
2020-10-30 10:45:12,V,180.92,1,BID
2020-10-30 10:43:21,V,181.0,8,ASK
2020-10-30 10:45:14,V,180.93,1,BID
2020-10-30 10:43:21,V,181.0,8,ASK
2020-10-30 10:45:15,V,180.93,1,BID
2020-10-30 10:45:15,V,181.0,2,ASK
2020-10-30 10:45:16,V,180.86,4,BID
2020-10-30 10:45:16,V,180.97,2,ASK
2020-10-30 10:45:16,V,180.86,4,BID
2020-10-30 10:45:16,V,180.99,3,ASK
2020-10-30 10:45:16,V,180.86,4,BID
2020-10-30 10:45:16,V,180.99,3,ASK
2020-10-30 10:45:18,V,180.79,3,BID
2020-10-30 10:45:18,V,180.91,3,ASK
2020-10-30 10:45:19,V,180.79,4,BID
2020-10-30 10:45:19,V,180.94,1,ASK
2020-10-30 10:45:20,V,180.8,1,BID
2020-10-30 10:45:20,V,180.89,3,ASK
2020-10-30 10:45:21,V,180.8,1,BID
2020-10-30 10:45:21,V,180.93,5,ASK
2020-10-30 10:45:22,V,180.77,5,BID
2020-10-30 10:45:22,V,180.92,1,ASK
2020-10-30 10:45:22,V,180.77,3,BID
2020-10-30 10:45:22,V,180.89,4,ASK
2020-10-30 10:45:23,V,180.77,5,BID
2020-10-30 10:45:23,V,180.88,2,ASK
2020-10-30 10:45:23,V,180.77,5,BID
2020-10-30 10:45:23,V,180.88,2,ASK
2020-10-30 10:45:24,V,180.8,2,BID
2020-10-30 10:45:24,V,180.94,3,ASK
2020-10-30 10:45:26,V,180.81,1,BID
2020-10-30 10:45:26,V,180.94,3,ASK
2020-10-30 10:45:27,V,180.82,2,BID
2020-10-30 10:45:27,V,180.94,3,ASK
2020-10-30 10:45:27,V,180.86,1,BID
2020-10-30 10:45:27,V,180.94,2,ASK
2020-10-30 10:45:29,V,180.84,1,BID
2020-10-30 10:45:29,V,180.94,2,ASK
2020-10-30 10:45:30,V,180.8,5,BID
2020-10-30 10:45:30,V,180.93,2,ASK
2020-10-30 10:45:32,V,180.83,2,BID
2020-10-30 10:45:32,V,180.93,2,ASK
2020-10-30 10:45:30,V,180.77,5,BID
2020-10-30 10:45:33,V,180.93,5,ASK
2020-10-30 10:45:34,V,180.8,1,BID
2020-10-30 10:45:34,V,180.94,2,ASK
2020-10-30 10:45:35,V,180.81,3,BID
2020-10-30 10:45:35,V,180.93,2,ASK
2020-10-30 10:45:36,V,180.87,2,BID
2020-10-30 10:45:36,V,180.95,2,ASK
2020-10-30 10:45:37,V,180.87,2,BID
2020-10-30 10:45:37,V,180.96,3,ASK
2020-10-30 10:45:38,V,180.87,2,BID
2020-10-30 10:45:38,V,180.94,2,ASK
2020-10-30 10:45:38,V,180.87,2,BID
2020-10-30 10:45:38,V,180.94,2,ASK
2020-10-30 10:45:38,V,180.8,4,BID
2020-10-30 10:45:41,V,180.91,2,ASK
2020-10-30 10:45:42,V,180.81,2,BID
2020-10-30 10:45:42,V,180.94,2,ASK
2020-10-30 10:45:43,V,180.82,2,BID
2020-10-30 10:45:43,V,180.94,2,ASK
2020-10-30 10:45:44,V,180.8,7,BID
2020-10-30 10:45:44,V,180.94,2,ASK
2020-10-30 10:45:45,V,180.81,6,BID
2020-10-30 10:45:45,V,180.94,1,ASK
2020-10-30 10:45:45,V,180.83,5,BID
2020-10-30 10:45:45,V,180.97,1,ASK
2020-10-30 10:45:46,V,180.86,1,BID
2020-10-30 10:45:46,V,180.99,1,ASK
2020-10-30 10:45:46,V,180.86,3,BID
2020-10-30 10:45:46,V,180.99,1,ASK
2020-10-30 10:45:47,V,180.86,3,BID
2020-10-30 10:45:47,V,180.99,1,ASK
2020-10-30 10:45:48,V,180.86,3,BID
2020-10-30 10:45:48,V,180.99,3,ASK
2020-10-30 10:45:50,V,180.86,3,BID
2020-10-30 10:45:50,V,180.99,3,ASK
2020-10-30 10:45:51,V,180.9,3,BID
2020-10-30 10:45:51,V,181.02,3,ASK
2020-10-30 10:45:53,V,180.87,1,BID
2020-10-30 10:45:53,V,181.02,3,ASK
2020-10-30 10:45:55,V,180.87,1,BID
2020-10-30 10:45:55,V,181.02,3,ASK
2020-10-30 10:45:56,V,180.87,4,BID
2020-10-30 10:45:56,V,181.01,2,ASK
2020-10-30 10:45:56,V,180.87,4,BID
2020-10-30 10:45:58,V,181.01,2,ASK
2020-10-30 10:45:56,V,180.87,4,BID
2020-10-30 10:45:59,V,180.98,1,ASK
2020-10-30 10:46:00,V,180.89,2,BID
2020-10-30 10:46:00,V,180.99,3,ASK
2020-10-30 10:46:01,V,180.9,3,BID
2020-10-30 10:46:01,V,180.99,1,ASK
2020-10-30 10:46:03,V,180.95,7,BID
2020-10-30 10:45:59,V,181.01,5,ASK
2020-10-30 10:46:03,V,180.95,6,BID
2020-10-30 10:46:03,V,181.07,1,ASK
2020-10-30 10:46:04,V,180.95,11,BID
2020-10-30 10:46:04,V,181.05,2,ASK
2020-10-30 10:46:06,V,180.95,11,BID
2020-10-30 10:46:06,V,181.04,5,ASK
2020-10-30 10:46:07,V,180.95,11,BID
2020-10-30 10:46:07,V,181.04,2,ASK
2020-10-30 10:46:08,V,180.99,2,BID
2020-10-30 10:46:08,V,181.07,1,ASK
2020-10-30 10:46:08,V,180.99,2,BID
2020-10-30 10:46:09,V,181.08,1,ASK
2020-10-30 10:46:08,V,180.99,2,BID
2020-10-30 10:46:09,V,181.08,1,ASK
2020-10-30 10:46:10,V,181.01,3,BID
2020-10-30 10:46:10,V,181.08,1,ASK
2020-10-30 10:46:12,V,181.04,3,BID
2020-10-30 10:46:12,V,181.11,5,ASK
2020-10-30 10:46:12,V,181.01,7,BID
2020-10-30 10:46:12,V,181.09,1,ASK
2020-10-30 10:46:12,V,181.01,7,BID
2020-10-30 10:46:12,V,181.1,4,ASK
2020-10-30 10:46:14,V,181.01,8,BID
2020-10-30 10:46:14,V,181.13,2,ASK
2020-10-30 10:46:14,V,181.01,8,BID
2020-10-30 10:46:14,V,181.13,2,ASK
2020-10-30 10:46:14,V,181.01,8,BID
2020-10-30 10:46:14,V,181.13,2,ASK
2020-10-30 10:46:17,V,181.07,4,BID
2020-10-30 10:46:17,V,181.16,1,ASK
2020-10-30 10:46:17,V,181.07,4,BID
2020-10-30 10:46:17,V,181.15,1,ASK
2020-10-30 10:46:18,V,181.07,5,BID
2020-10-30 10:46:18,V,181.15,3,ASK
2020-10-30 10:46:19,V,180.99,3,BID
2020-10-30 10:46:19,V,181.12,2,ASK
2020-10-30 10:46:19,V,180.97,4,BID
2020-10-30 10:46:19,V,181.09,1,ASK
2020-10-30 10:46:07,V,180.95,8,BID
2020-10-30 10:46:19,V,180.97,1,ASK
2020-10-30 10:46:19,V,180.96,1,BID
2020-10-30 10:46:19,V,181.04,2,ASK
2020-10-30 10:46:07,V,180.95,8,BID
2020-10-30 10:46:20,V,181.09,1,ASK
2020-10-30 10:46:21,V,180.96,1,BID
2020-10-30 10:46:21,V,181.11,3,ASK
2020-10-30 10:46:07,V,180.95,8,BID
2020-10-30 10:46:21,V,181.09,2,ASK
2020-10-30 10:46:07,V,180.95,8,BID
2020-10-30 10:46:23,V,181.05,2,ASK
2020-10-30 10:46:07,V,180.95,8,BID
2020-10-30 10:46:24,V,181.05,2,ASK
2020-10-30 10:46:25,V,180.87,4,BID
2020-10-30 10:46:25,V,180.99,2,ASK
2020-10-30 10:46:26,V,180.82,5,BID
2020-10-30 10:46:26,V,180.93,2,ASK
2020-10-30 10:46:26,V,180.83,2,BID
2020-10-30 10:46:26,V,180.93,1,ASK
2020-10-30 10:46:26,V,180.83,2,BID
2020-10-30 10:46:26,V,180.93,1,ASK
2020-10-30 10:45:38,V,180.8,6,BID
2020-10-30 10:46:28,V,180.92,3,ASK
2020-10-30 10:46:29,V,180.81,1,BID
2020-10-30 10:46:28,V,180.92,3,ASK
2020-10-30 10:46:30,V,180.81,3,BID
2020-10-30 10:46:30,V,180.92,1,ASK
2020-10-30 10:46:31,V,180.87,1,BID
2020-10-30 10:46:31,V,181.0,1,ASK
2020-10-30 10:46:32,V,180.86,2,BID
2020-10-30 10:46:32,V,181.0,2,ASK
2020-10-30 10:46:34,V,180.9,1,BID
2020-10-30 10:46:34,V,181.0,1,ASK
2020-10-30 10:46:35,V,180.86,3,BID
2020-10-30 10:46:35,V,181.03,1,ASK
2020-10-30 10:46:35,V,180.87,1,BID
2020-10-30 10:46:35,V,181.04,2,ASK
2020-10-30 10:46:37,V,180.87,1,BID
2020-10-30 10:46:37,V,181.04,3,ASK
2020-10-30 10:46:38,V,180.93,1,BID
2020-10-30 10:46:38,V,181.06,5,ASK
2020-10-30 10:46:39,V,180.94,2,BID
2020-10-30 10:46:39,V,181.05,1,ASK
2020-10-30 10:46:40,V,180.94,3,BID
2020-10-30 10:46:40,V,181.04,2,ASK
2020-10-30 10:46:41,V,180.88,5,BID
2020-10-30 10:46:41,V,181.01,1,ASK
2020-10-30 10:46:41,V,180.88,5,BID
2020-10-30 10:46:41,V,181.01,3,ASK
2020-10-30 10:46:41,V,180.88,5,BID
2020-10-30 10:46:43,V,181.0,3,ASK
2020-10-30 10:46:44,V,180.87,4,BID
2020-10-30 10:46:44,V,180.95,1,ASK
2020-10-30 10:46:44,V,180.87,5,BID
2020-10-30 10:46:45,V,180.95,1,ASK
2020-10-30 10:46:44,V,180.87,5,BID
2020-10-30 10:46:45,V,180.99,2,ASK
2020-10-30 10:46:44,V,180.87,5,BID
2020-10-30 10:46:45,V,180.99,2,ASK
2020-10-30 10:46:44,V,180.87,5,BID
2020-10-30 10:46:48,V,180.99,2,ASK
2020-10-30 10:46:44,V,180.87,5,BID
2020-10-30 10:46:49,V,180.98,2,ASK
2020-10-30 10:46:50,V,180.91,2,BID
2020-10-30 10:46:50,V,180.98,1,ASK
2020-10-30 10:46:51,V,180.94,2,BID
2020-10-30 10:46:51,V,181.05,3,ASK
2020-10-30 10:46:51,V,180.94,2,BID
2020-10-30 10:46:51,V,181.05,3,ASK
2020-10-30 10:46:51,V,180.94,2,BID
2020-10-30 10:46:51,V,181.05,3,ASK
2020-10-30 10:46:51,V,180.94,2,BID
2020-10-30 10:46:51,V,181.05,3,ASK
2020-10-30 10:46:51,V,180.94,2,BID
2020-10-30 10:46:51,V,181.05,3,ASK
2020-10-30 10:46:51,V,180.94,2,BID
2020-10-30 10:46:51,V,181.05,3,ASK
2020-10-30 10:46:51,V,180.94,2,BID
2020-10-30 10:46:51,V,181.05,3,ASK
2020-10-30 10:46:51,V,180.94,2,BID
2020-10-30 10:46:51,V,181.05,3,ASK
2020-10-30 10:46:51,V,180.94,2,BID
2020-10-30 10:46:51,V,181.05,3,ASK
2020-10-30 10:46:51,V,180.94,2,BID
2020-10-30 10:46:51,V,181.05,3,ASK
2020-10-30 10:46:51,V,180.94,2,BID
2020-10-30 10:46:51,V,181.05,3,ASK
2020-10-30 10:46:51,V,180.94,2,BID
2020-10-30 10:46:51,V,181.05,3,ASK
2020-10-30 10:46:51,V,180.94,2,BID
2020-10-30 10:46:51,V,181.05,3,ASK
2020-10-30 10:46:51,V,180.94,2,BID
2020-10-30 10:46:51,V,181.05,3,ASK
2020-10-30 10:46:51,V,180.94,2,BID
2020-10-30 10:46:51,V,181.05,3,ASK
2020-10-30 10:46:51,V,180.94,2,BID
2020-10-30 10:46:51,V,181.05,3,ASK
2020-10-30 10:46:51,V,180.94,2,BID
2020-10-30 10:46:51,V,181.05,3,ASK
2020-10-30 10:46:51,V,180.94,2,BID
2020-10-30 10:46:51,V,181.05,3,ASK
2020-10-30 10:46:51,V,180.94,2,BID
2020-10-30 10:46:51,V,181.05,3,ASK
2020-10-30 10:46:51,V,180.94,2,BID
2020-10-30 10:46:51,V,181.05,3,ASK
2020-10-30 10:46:51,V,180.94,2,BID
2020-10-30 10:46:51,V,181.05,3,ASK
2020-10-30 10:46:51,V,180.94,2,BID
2020-10-30 10:46:51,V,181.05,3,ASK
2020-10-30 10:46:51,V,180.94,2,BID
2020-10-30 10:46:51,V,181.05,3,ASK
2020-10-30 10:46:51,V,180.94,2,BID
2020-10-30 10:46:51,V,181.05,3,ASK
2020-10-30 10:46:51,V,180.94,2,BID
2020-10-30 10:46:51,V,181.05,3,ASK
2020-10-30 10:46:51,V,180.94,2,BID
2020-10-30 10:46:51,V,181.05,3,ASK
2020-10-30 10:46:51,V,180.94,2,BID
2020-10-30 10:46:51,V,181.05,3,ASK
2020-10-30 10:46:58,V,180.91,4,BID
2020-10-30 10:46:58,V,181.01,5,ASK
2020-10-30 10:47:00,V,181.02,3,BID
2020-10-30 10:46:59,V,181.15,4,ASK
2020-10-30 10:47:01,V,181.01,5,BID
2020-10-30 10:47:01,V,181.14,3,ASK
2020-10-30 10:47:01,V,181.01,5,BID
2020-10-30 10:47:01,V,181.13,1,ASK
2020-10-30 10:47:01,V,181.01,5,BID
2020-10-30 10:47:02,V,181.12,1,ASK
2020-10-30 10:47:01,V,181.01,5,BID
2020-10-30 10:47:02,V,181.13,1,ASK
2020-10-30 10:47:01,V,181.01,5,BID
2020-10-30 10:47:02,V,181.13,1,ASK
2020-10-30 10:47:01,V,181.01,5,BID
2020-10-30 10:47:02,V,181.13,1,ASK
2020-10-30 10:47:01,V,181.01,5,BID
2020-10-30 10:47:02,V,181.13,1,ASK
2020-10-30 10:47:01,V,181.01,5,BID
2020-10-30 10:47:02,V,181.13,1,ASK
2020-10-30 10:47:02,V,181.01,5,BID
2020-10-30 10:47:02,V,181.13,1,ASK
2020-10-30 10:47:07,V,180.98,3,BID
2020-10-30 10:47:07,V,181.08,1,ASK
2020-10-30 10:47:07,V,180.92,3,BID
2020-10-30 10:47:07,V,181.06,4,ASK
2020-10-30 10:47:07,V,180.92,4,BID
2020-10-30 10:47:07,V,181.04,3,ASK
2020-10-30 10:47:07,V,180.92,4,BID
2020-10-30 10:47:07,V,181.04,3,ASK
2020-10-30 10:47:07,V,180.92,4,BID
2020-10-30 10:47:07,V,181.04,3,ASK
2020-10-30 10:47:07,V,180.92,4,BID
2020-10-30 10:47:07,V,181.04,3,ASK
2020-10-30 10:47:07,V,180.92,4,BID
2020-10-30 10:47:07,V,181.04,3,ASK
2020-10-30 10:47:07,V,180.92,4,BID
2020-10-30 10:47:07,V,181.04,3,ASK
2020-10-30 10:47:09,V,180.93,1,BID
2020-10-30 10:47:09,V,181.03,2,ASK
2020-10-30 10:47:09,V,180.92,5,BID
2020-10-30 10:47:09,V,181.03,6,ASK
2020-10-30 10:47:09,V,180.92,5,BID
2020-10-30 10:47:09,V,181.03,6,ASK
2020-10-30 10:47:09,V,180.93,3,BID
2020-10-30 10:47:09,V,181.02,3,ASK
2020-10-30 10:47:09,V,180.93,3,BID
2020-10-30 10:47:09,V,181.02,3,ASK
2020-10-30 10:47:11,V,180.93,3,BID
2020-10-30 10:47:11,V,181.03,7,ASK
2020-10-30 10:47:12,V,180.93,3,BID
2020-10-30 10:47:12,V,181.03,8,ASK
2020-10-30 10:47:12,V,180.93,3,BID
2020-10-30 10:47:12,V,181.03,8,ASK
2020-10-30 10:47:14,V,181.0,2,BID
2020-10-30 10:47:14,V,181.08,3,ASK
2020-10-30 10:47:14,V,181.0,4,BID
2020-10-30 10:47:14,V,181.08,5,ASK
2020-10-30 10:47:16,V,180.93,5,BID
2020-10-30 10:47:17,V,181.03,4,ASK
2020-10-30 10:47:16,V,180.93,5,BID
2020-10-30 10:47:18,V,181.03,4,ASK
2020-10-30 10:47:16,V,180.93,5,BID
2020-10-30 10:47:18,V,181.03,4,ASK
2020-10-30 10:47:21,V,180.94,5,BID
2020-10-30 10:47:21,V,181.06,3,ASK
2020-10-30 10:47:21,V,180.94,5,BID
2020-10-30 10:47:21,V,181.06,3,ASK
2020-10-30 10:47:21,V,180.94,5,BID
2020-10-30 10:47:21,V,181.06,3,ASK
2020-10-30 10:47:23,V,180.95,2,BID
2020-10-30 10:47:23,V,181.06,3,ASK
2020-10-30 10:47:24,V,180.95,9,BID
2020-10-30 10:47:24,V,181.06,7,ASK
2020-10-30 10:47:24,V,180.95,9,BID
2020-10-30 10:47:24,V,181.06,7,ASK
2020-10-30 10:47:26,V,180.95,9,BID
2020-10-30 10:47:24,V,181.06,8,ASK
2020-10-30 10:47:27,V,180.96,8,BID
2020-10-30 10:47:27,V,181.06,8,ASK
2020-10-30 10:47:29,V,180.96,8,BID
2020-10-30 10:47:29,V,181.04,1,ASK
2020-10-30 10:47:30,V,180.96,8,BID
2020-10-30 10:47:30,V,181.04,1,ASK
2020-10-30 10:47:31,V,180.97,2,BID
2020-10-30 10:47:30,V,181.04,5,ASK
2020-10-30 10:47:31,V,180.96,8,BID
2020-10-30 10:47:30,V,181.04,5,ASK
2020-10-30 10:47:33,V,180.95,10,BID
2020-10-30 10:47:30,V,181.04,7,ASK
2020-10-30 10:47:34,V,180.95,7,BID
2020-10-30 10:47:30,V,181.04,8,ASK
2020-10-30 10:47:36,V,180.86,2,BID
2020-10-30 10:47:36,V,180.88,1,ASK
2020-10-30 10:47:37,V,180.74,3,BID
2020-10-30 10:47:37,V,180.84,2,ASK
2020-10-30 10:47:37,V,180.68,6,BID
2020-10-30 10:47:37,V,180.82,3,ASK
2020-10-30 10:47:38,V,180.68,6,BID
2020-10-30 10:47:38,V,180.8,2,ASK
2020-10-30 10:47:38,V,180.68,6,BID
2020-10-30 10:47:38,V,180.8,2,ASK
2020-10-30 10:47:38,V,180.68,7,BID
2020-10-30 10:47:39,V,180.77,2,ASK
2020-10-30 10:47:41,V,180.7,4,BID
2020-10-30 10:47:39,V,180.8,6,ASK
2020-10-30 10:47:41,V,180.76,8,BID
2020-10-30 10:47:41,V,180.86,6,ASK
2020-10-30 10:47:41,V,180.76,8,BID
2020-10-30 10:47:42,V,180.86,6,ASK
2020-10-30 10:47:41,V,180.76,8,BID
2020-10-30 10:47:42,V,180.86,6,ASK
2020-10-30 10:47:44,V,180.83,4,BID
2020-10-30 10:47:44,V,180.92,6,ASK
2020-10-30 10:47:45,V,180.86,2,BID
2020-10-30 10:47:45,V,180.88,1,ASK
2020-10-30 10:47:46,V,180.83,4,BID
2020-10-30 10:47:46,V,180.9,1,ASK
2020-10-30 10:47:46,V,180.83,3,BID
2020-10-30 10:47:47,V,180.89,2,ASK
2020-10-30 10:47:48,V,180.82,4,BID
2020-10-30 10:47:48,V,180.89,3,ASK
2020-10-30 10:47:49,V,180.76,9,BID
2020-10-30 10:47:49,V,180.84,1,ASK
2020-10-30 10:47:49,V,180.76,9,BID
2020-10-30 10:47:50,V,180.84,2,ASK
2020-10-30 10:47:49,V,180.76,9,BID
2020-10-30 10:47:50,V,180.84,2,ASK
2020-10-30 10:47:52,V,180.76,1,BID
2020-10-30 10:47:52,V,180.83,2,ASK
2020-10-30 10:47:52,V,180.71,2,BID
2020-10-30 10:47:52,V,180.84,7,ASK
2020-10-30 10:47:53,V,180.72,2,BID
2020-10-30 10:47:53,V,180.83,3,ASK
2020-10-30 10:47:53,V,180.72,3,BID
2020-10-30 10:47:53,V,180.83,3,ASK
2020-10-30 10:47:55,V,180.72,3,BID
2020-10-30 10:47:55,V,180.83,3,ASK
2020-10-30 10:47:55,V,180.72,3,BID
2020-10-30 10:47:55,V,180.82,2,ASK
2020-10-30 10:47:55,V,180.72,3,BID
2020-10-30 10:47:55,V,180.82,2,ASK
2020-10-30 10:47:02,V,180.59,3,BID
2020-10-30 10:47:58,V,180.75,2,ASK
2020-10-30 10:47:58,V,180.62,2,BID
2020-10-30 10:47:58,V,180.76,2,ASK
2020-10-30 10:47:58,V,180.62,2,BID
2020-10-30 10:48:00,V,180.71,3,ASK
2020-10-30 10:48:00,V,180.63,3,BID
2020-10-30 10:48:00,V,180.75,4,ASK
2020-10-30 10:48:00,V,180.63,3,BID
2020-10-30 10:48:00,V,180.75,4,ASK
2020-10-30 10:48:01,V,180.62,3,BID
2020-10-30 10:48:01,V,180.73,3,ASK
2020-10-30 10:48:02,V,180.62,3,BID
2020-10-30 10:48:02,V,180.69,3,ASK
2020-10-30 10:48:02,V,180.62,3,BID
2020-10-30 10:48:03,V,180.72,3,ASK
2020-10-30 10:48:04,V,180.62,3,BID
2020-10-30 10:48:04,V,180.71,2,ASK
2020-10-30 10:48:04,V,180.62,3,BID
2020-10-30 10:48:04,V,180.71,2,ASK
2020-10-30 10:48:08,V,180.69,1,BID
2020-10-30 10:48:08,V,180.83,2,ASK
2020-10-30 10:48:09,V,180.69,3,BID
2020-10-30 10:48:09,V,180.82,4,ASK
2020-10-30 10:48:09,V,180.77,5,BID
2020-10-30 10:48:09,V,180.83,7,ASK
2020-10-30 10:48:10,V,180.79,2,BID
2020-10-30 10:48:10,V,180.84,1,ASK
2020-10-30 10:48:10,V,180.79,2,BID
2020-10-30 10:48:10,V,180.84,1,ASK
2020-10-30 10:48:10,V,180.79,2,BID
2020-10-30 10:48:10,V,180.84,1,ASK
2020-10-30 10:48:15,V,180.79,9,BID
2020-10-30 10:48:15,V,180.89,2,ASK
2020-10-30 10:48:15,V,180.79,10,BID
2020-10-30 10:48:15,V,180.89,3,ASK
2020-10-30 10:48:15,V,180.79,10,BID
2020-10-30 10:48:15,V,180.89,3,ASK
2020-10-30 10:48:15,V,180.79,10,BID
2020-10-30 10:48:15,V,180.89,3,ASK
2020-10-30 10:48:15,V,180.79,10,BID
2020-10-30 10:48:19,V,180.88,3,ASK
2020-10-30 10:48:20,V,180.7,4,BID
2020-10-30 10:48:20,V,180.8,1,ASK
2020-10-30 10:48:21,V,180.69,1,BID
2020-10-30 10:48:21,V,180.79,1,ASK
2020-10-30 10:48:22,V,180.69,3,BID
2020-10-30 10:48:22,V,180.8,5,ASK
2020-10-30 10:48:23,V,180.75,3,BID
2020-10-30 10:48:23,V,180.84,4,ASK
2020-10-30 10:48:23,V,180.75,2,BID
2020-10-30 10:48:23,V,180.84,4,ASK
2020-10-30 10:48:26,V,180.75,2,BID
2020-10-30 10:48:23,V,180.85,6,ASK
2020-10-30 10:48:26,V,180.77,2,BID
2020-10-30 10:48:23,V,180.85,6,ASK
2020-10-30 10:48:29,V,180.77,2,BID
2020-10-30 10:48:29,V,180.86,3,ASK
2020-10-30 10:48:30,V,180.77,3,BID
2020-10-30 10:48:30,V,180.86,3,ASK
2020-10-30 10:48:31,V,180.78,1,BID
2020-10-30 10:48:31,V,180.86,1,ASK
2020-10-30 10:48:31,V,180.77,3,BID
2020-10-30 10:48:32,V,180.86,1,ASK
2020-10-30 10:48:31,V,180.77,3,BID
2020-10-30 10:48:34,V,180.86,1,ASK
2020-10-30 10:48:31,V,180.77,3,BID
2020-10-30 10:48:34,V,180.86,1,ASK
2020-10-30 10:48:31,V,180.77,3,BID
2020-10-30 10:48:34,V,180.86,1,ASK
2020-10-30 10:48:40,V,180.77,4,BID
2020-10-30 10:48:39,V,180.84,3,ASK
2020-10-30 10:48:40,V,180.77,5,BID
2020-10-30 10:48:41,V,180.84,3,ASK
2020-10-30 10:48:40,V,180.77,5,BID
2020-10-30 10:48:41,V,180.84,3,ASK
2020-10-30 10:48:40,V,180.77,5,BID
2020-10-30 10:48:43,V,180.82,2,ASK
2020-10-30 10:48:44,V,180.72,4,BID
2020-10-30 10:48:44,V,180.78,2,ASK
2020-10-30 10:48:46,V,180.72,4,BID
2020-10-30 10:48:44,V,180.78,4,ASK
2020-10-30 10:48:46,V,180.72,4,BID
2020-10-30 10:48:44,V,180.78,4,ASK
2020-10-30 10:48:48,V,180.72,4,BID
2020-10-30 10:48:44,V,180.78,4,ASK
2020-10-30 10:48:50,V,180.72,4,BID
2020-10-30 10:48:50,V,180.78,5,ASK
2020-10-30 10:48:52,V,180.72,5,BID
2020-10-30 10:48:52,V,180.78,6,ASK
2020-10-30 10:48:53,V,180.72,5,BID
2020-10-30 10:48:41,V,180.84,3,ASK
2020-10-30 10:48:53,V,180.72,5,BID
2020-10-30 10:48:55,V,180.8,1,ASK
2020-10-30 10:48:56,V,180.72,8,BID
2020-10-30 10:48:57,V,180.8,3,ASK
2020-10-30 10:48:22,V,180.69,3,BID
2020-10-30 10:48:58,V,180.79,4,ASK
2020-10-30 10:48:22,V,180.69,3,BID
2020-10-30 10:48:58,V,180.8,4,ASK
2020-10-30 10:49:00,V,180.64,6,BID
2020-10-30 10:49:00,V,180.69,3,ASK
2020-10-30 10:49:00,V,180.67,3,BID
2020-10-30 10:49:00,V,180.75,3,ASK
2020-10-30 10:49:01,V,180.67,3,BID
2020-10-30 10:49:01,V,180.76,2,ASK
2020-10-30 10:49:01,V,180.67,3,BID
2020-10-30 10:49:01,V,180.76,2,ASK
2020-10-30 10:49:01,V,180.67,3,BID
2020-10-30 10:49:01,V,180.76,2,ASK
2020-10-30 10:49:01,V,180.67,3,BID
2020-10-30 10:49:01,V,180.76,2,ASK
2020-10-30 10:49:01,V,180.67,3,BID
2020-10-30 10:49:01,V,180.76,2,ASK
2020-10-30 10:49:01,V,180.67,3,BID
2020-10-30 10:49:01,V,180.76,2,ASK
2020-10-30 10:49:01,V,180.67,3,BID
2020-10-30 10:49:01,V,180.76,2,ASK
2020-10-30 10:49:01,V,180.67,3,BID
2020-10-30 10:49:01,V,180.76,2,ASK
2020-10-30 10:49:01,V,180.67,3,BID
2020-10-30 10:49:01,V,180.76,2,ASK
2020-10-30 10:49:01,V,180.67,3,BID
2020-10-30 10:49:01,V,180.76,2,ASK
2020-10-30 10:49:01,V,180.67,3,BID
2020-10-30 10:49:01,V,180.76,2,ASK
2020-10-30 10:49:01,V,180.67,3,BID
2020-10-30 10:49:01,V,180.76,2,ASK
2020-10-30 10:49:01,V,180.67,3,BID
2020-10-30 10:49:01,V,180.76,2,ASK
2020-10-30 10:49:01,V,180.67,3,BID
2020-10-30 10:49:01,V,180.76,2,ASK
2020-10-30 10:49:01,V,180.67,3,BID
2020-10-30 10:49:01,V,180.76,2,ASK
2020-10-30 10:49:01,V,180.67,3,BID
2020-10-30 10:49:01,V,180.76,2,ASK
2020-10-30 10:49:01,V,180.67,3,BID
2020-10-30 10:49:01,V,180.76,2,ASK
2020-10-30 10:49:01,V,180.67,3,BID
2020-10-30 10:49:01,V,180.76,2,ASK
2020-10-30 10:49:01,V,180.67,3,BID
2020-10-30 10:49:01,V,180.76,2,ASK
2020-10-30 10:49:01,V,180.67,3,BID
2020-10-30 10:49:01,V,180.76,2,ASK
2020-10-30 10:49:01,V,180.67,3,BID
2020-10-30 10:49:01,V,180.76,2,ASK
2020-10-30 10:49:01,V,180.67,3,BID
2020-10-30 10:49:01,V,180.76,2,ASK
2020-10-30 10:49:01,V,180.67,3,BID
2020-10-30 10:49:01,V,180.76,2,ASK
2020-10-30 10:49:01,V,180.67,3,BID
2020-10-30 10:49:01,V,180.76,2,ASK
2020-10-30 10:49:01,V,180.67,3,BID
2020-10-30 10:49:01,V,180.76,2,ASK
2020-10-30 10:49:01,V,180.67,3,BID
2020-10-30 10:49:01,V,180.76,2,ASK
2020-10-30 10:49:09,V,180.77,3,BID
2020-10-30 10:49:09,V,180.88,1,ASK
2020-10-30 10:49:09,V,180.77,4,BID
2020-10-30 10:49:09,V,180.86,1,ASK
2020-10-30 10:49:11,V,180.77,6,BID
2020-10-30 10:49:11,V,180.86,3,ASK
2020-10-30 10:49:12,V,180.77,6,BID
2020-10-30 10:49:12,V,180.86,1,ASK
2020-10-30 10:49:13,V,180.7,2,BID
2020-10-30 10:49:13,V,180.8,2,ASK
2020-10-30 10:49:14,V,180.69,4,BID
2020-10-30 10:49:13,V,180.8,4,ASK
2020-10-30 10:49:14,V,180.69,4,BID
2020-10-30 10:49:15,V,180.79,4,ASK
2020-10-30 10:49:16,V,180.69,4,BID
2020-10-30 10:49:16,V,180.79,4,ASK
2020-10-30 10:49:17,V,180.64,9,BID
2020-10-30 10:49:17,V,180.72,3,ASK
2020-10-30 10:49:17,V,180.64,9,BID
2020-10-30 10:49:18,V,180.71,1,ASK
2020-10-30 10:49:19,V,180.64,11,BID
2020-10-30 10:49:19,V,180.7,3,ASK
2020-10-30 10:49:19,V,180.64,11,BID
2020-10-30 10:49:19,V,180.7,3,ASK
2020-10-30 10:49:21,V,180.67,3,BID
2020-10-30 10:49:22,V,180.78,2,ASK
2020-10-30 10:49:23,V,180.7,3,BID
2020-10-30 10:49:23,V,180.82,3,ASK
2020-10-30 10:49:24,V,180.67,6,BID
2020-10-30 10:49:24,V,180.76,3,ASK
2020-10-30 10:49:26,V,180.7,2,BID
2020-10-30 10:49:26,V,180.82,2,ASK
2020-10-30 10:49:27,V,180.73,6,BID
2020-10-30 10:49:27,V,180.87,3,ASK
2020-10-30 10:49:29,V,180.76,1,BID
2020-10-30 10:49:27,V,180.89,5,ASK
2020-10-30 10:49:30,V,180.8,7,BID
2020-10-30 10:49:31,V,180.91,2,ASK
2020-10-30 10:49:30,V,180.8,7,BID
2020-10-30 10:47:45,V,180.92,5,ASK
2020-10-30 10:49:30,V,180.8,7,BID
2020-10-30 10:47:45,V,180.92,5,ASK
2020-10-30 10:49:30,V,180.8,7,BID
2020-10-30 10:47:45,V,180.92,5,ASK
2020-10-30 10:49:30,V,180.8,7,BID
2020-10-30 10:49:32,V,180.91,2,ASK
2020-10-30 10:49:30,V,180.8,7,BID
2020-10-30 10:49:32,V,180.91,2,ASK
2020-10-30 10:49:30,V,180.8,7,BID
2020-10-30 10:49:32,V,180.91,2,ASK
2020-10-30 10:49:32,V,180.8,7,BID
2020-10-30 10:49:32,V,180.91,2,ASK
2020-10-30 10:49:32,V,180.8,9,BID
2020-10-30 10:49:37,V,180.91,3,ASK
2020-10-30 10:49:32,V,180.8,8,BID
2020-10-30 10:49:37,V,180.89,2,ASK
2020-10-30 10:49:32,V,180.8,8,BID
2020-10-30 10:49:38,V,180.89,1,ASK
2020-10-30 10:49:32,V,180.8,8,BID
2020-10-30 10:49:38,V,180.89,1,ASK
2020-10-30 10:49:32,V,180.8,8,BID
2020-10-30 10:49:38,V,180.89,1,ASK
2020-10-30 10:49:41,V,180.7,1,BID
2020-10-30 10:49:41,V,180.84,3,ASK
2020-10-30 10:49:42,V,180.7,1,BID
2020-10-30 10:49:42,V,180.83,5,ASK
2020-10-30 10:49:43,V,180.71,2,BID
2020-10-30 10:49:43,V,180.84,4,ASK
2020-10-30 10:49:45,V,180.7,4,BID
2020-10-30 10:49:44,V,180.84,4,ASK
2020-10-30 10:49:48,V,180.83,2,BID
2020-10-30 10:49:48,V,180.91,2,ASK
2020-10-30 10:49:48,V,180.79,4,BID
2020-10-30 10:49:48,V,180.91,5,ASK
2020-10-30 10:49:48,V,180.79,4,BID
2020-10-30 10:49:47,V,180.92,6,ASK
2020-10-30 10:49:48,V,180.79,4,BID
2020-10-30 10:49:47,V,180.92,7,ASK
2020-10-30 10:49:48,V,180.79,4,BID
2020-10-30 10:49:47,V,180.92,7,ASK
2020-10-30 10:49:53,V,180.79,8,BID
2020-10-30 10:49:53,V,180.9,1,ASK
2020-10-30 10:49:54,V,180.81,2,BID
2020-10-30 10:49:47,V,180.92,8,ASK
2020-10-30 10:49:56,V,180.81,3,BID
2020-10-30 10:49:56,V,180.88,2,ASK
2020-10-30 10:49:57,V,180.81,3,BID
2020-10-30 10:49:58,V,180.89,1,ASK
2020-10-30 10:49:57,V,180.81,3,BID
2020-10-30 10:49:58,V,180.89,1,ASK
2020-10-30 10:50:00,V,180.81,5,BID
2020-10-30 10:50:00,V,180.89,6,ASK
2020-10-30 10:50:01,V,180.81,6,BID
2020-10-30 10:50:00,V,180.89,5,ASK
2020-10-30 10:50:01,V,180.86,3,BID
2020-10-30 10:49:47,V,180.92,7,ASK
2020-10-30 10:50:02,V,180.81,7,BID
2020-10-30 10:50:02,V,180.91,3,ASK
2020-10-30 10:50:02,V,180.81,8,BID
2020-10-30 10:50:03,V,180.91,3,ASK
2020-10-30 10:50:04,V,180.76,2,BID
2020-10-30 10:50:04,V,180.85,3,ASK
2020-10-30 10:50:04,V,180.76,2,BID
2020-10-30 10:50:04,V,180.85,3,ASK
2020-10-30 10:50:04,V,180.76,2,BID
2020-10-30 10:50:05,V,180.86,3,ASK
2020-10-30 10:50:04,V,180.76,2,BID
2020-10-30 10:50:05,V,180.86,3,ASK
2020-10-30 10:50:04,V,180.76,2,BID
2020-10-30 10:50:05,V,180.86,3,ASK
2020-10-30 10:50:08,V,180.76,1,BID
2020-10-30 10:50:08,V,180.82,3,ASK
2020-10-30 10:50:08,V,180.76,1,BID
2020-10-30 10:50:08,V,180.82,4,ASK
2020-10-30 10:50:09,V,180.77,2,BID
2020-10-30 10:50:09,V,180.9,3,ASK
2020-10-30 10:50:10,V,180.76,4,BID
2020-10-30 10:50:10,V,180.83,2,ASK
2020-10-30 10:50:12,V,180.76,6,BID
2020-10-30 10:50:12,V,180.88,2,ASK
2020-10-30 10:50:13,V,180.77,3,BID
2020-10-30 10:50:13,V,180.9,8,ASK
2020-10-30 10:50:14,V,180.83,7,BID
2020-10-30 10:49:47,V,180.92,7,ASK
2020-10-30 10:50:14,V,180.86,4,BID
2020-10-30 10:50:14,V,180.96,5,ASK
2020-10-30 10:50:15,V,180.87,2,BID
2020-10-30 10:50:15,V,180.96,5,ASK
2020-10-30 10:50:16,V,180.89,2,BID
2020-10-30 10:50:16,V,180.96,5,ASK
2020-10-30 10:50:17,V,180.89,4,BID
2020-10-30 10:50:17,V,180.98,1,ASK
2020-10-30 10:50:19,V,180.94,2,BID
2020-10-30 10:50:19,V,181.02,1,ASK
2020-10-30 10:50:21,V,180.94,7,BID
2020-10-30 10:50:21,V,181.02,4,ASK
2020-10-30 10:50:17,V,180.89,5,BID
2020-10-30 10:50:23,V,180.97,4,ASK
2020-10-30 10:50:23,V,180.9,1,BID
2020-10-30 10:50:23,V,181.0,2,ASK
2020-10-30 10:50:26,V,180.8,1,BID
2020-10-30 10:50:26,V,180.92,1,ASK
2020-10-30 10:50:12,V,180.76,5,BID
2020-10-30 10:50:26,V,180.88,4,ASK
2020-10-30 10:50:12,V,180.76,5,BID
2020-10-30 10:50:27,V,180.84,5,ASK
2020-10-30 10:50:12,V,180.76,5,BID
2020-10-30 10:50:28,V,180.83,3,ASK
2020-10-30 10:50:12,V,180.76,5,BID
2020-10-30 10:50:30,V,180.83,3,ASK
2020-10-30 10:50:12,V,180.76,5,BID
2020-10-30 10:50:30,V,180.83,3,ASK
2020-10-30 10:50:33,V,180.83,1,BID
2020-10-30 10:50:33,V,180.84,8,ASK
2020-10-30 10:50:33,V,180.88,2,BID
2020-10-30 10:50:33,V,180.96,2,ASK
2020-10-30 10:50:33,V,180.88,2,BID
2020-10-30 10:50:33,V,180.96,2,ASK
2020-10-30 10:50:34,V,180.88,5,BID
2020-10-30 10:50:34,V,180.96,3,ASK
2020-10-30 10:50:34,V,180.88,3,BID
2020-10-30 10:50:34,V,180.96,3,ASK
2020-10-30 10:50:36,V,180.88,5,BID
2020-10-30 10:50:34,V,180.96,3,ASK
2020-10-30 10:50:34,V,180.88,5,BID
2020-10-30 10:50:36,V,180.96,3,ASK
2020-10-30 10:50:40,V,180.89,2,BID
2020-10-30 10:50:26,V,180.99,3,ASK
2020-10-30 10:50:41,V,180.89,2,BID
2020-10-30 10:50:23,V,181.01,5,ASK
2020-10-30 10:50:41,V,180.89,2,BID
2020-10-30 10:50:23,V,181.01,4,ASK
2020-10-30 10:50:43,V,180.89,5,BID
2020-10-30 10:50:43,V,181.01,3,ASK
2020-10-30 10:50:43,V,180.89,5,BID
2020-10-30 10:50:45,V,181.01,3,ASK
2020-10-30 10:50:43,V,180.89,5,BID
2020-10-30 10:50:45,V,181.01,5,ASK
2020-10-30 10:50:43,V,180.89,5,BID
2020-10-30 10:50:49,V,181.01,10,ASK
2020-10-30 10:50:43,V,180.89,5,BID
2020-10-30 10:50:50,V,181.0,1,ASK
2020-10-30 10:50:43,V,180.89,5,BID
2020-10-30 10:50:53,V,181.0,1,ASK
2020-10-30 10:50:43,V,180.89,5,BID
2020-10-30 10:50:53,V,180.97,2,ASK
2020-10-30 10:50:56,V,180.9,3,BID
2020-10-30 10:50:56,V,181.0,2,ASK
2020-10-30 10:50:57,V,180.91,1,BID
2020-10-30 10:50:56,V,181.0,2,ASK
2020-10-30 10:50:57,V,180.91,4,BID
2020-10-30 10:50:56,V,181.0,2,ASK
2020-10-30 10:50:57,V,180.91,4,BID
2020-10-30 10:50:56,V,181.0,2,ASK
2020-10-30 10:50:58,V,180.91,5,BID
2020-10-30 10:50:58,V,181.0,5,ASK
2020-10-30 10:51:00,V,180.94,1,BID
2020-10-30 10:51:00,V,181.01,10,ASK
2020-10-30 10:51:01,V,180.94,4,BID
2020-10-30 10:51:01,V,181.04,3,ASK
2020-10-30 10:51:01,V,180.94,7,BID
2020-10-30 10:51:02,V,181.04,3,ASK
2020-10-30 10:51:01,V,180.94,7,BID
2020-10-30 10:51:03,V,181.04,3,ASK
2020-10-30 10:51:03,V,180.95,3,BID
2020-10-30 10:51:03,V,181.04,3,ASK
2020-10-30 10:51:04,V,180.95,3,BID
2020-10-30 10:51:04,V,181.05,1,ASK
2020-10-30 10:51:05,V,180.95,4,BID
2020-10-30 10:51:05,V,181.05,1,ASK
2020-10-30 10:51:05,V,180.95,4,BID
2020-10-30 10:51:05,V,181.04,1,ASK
2020-10-30 10:51:01,V,180.94,7,BID
2020-10-30 10:51:07,V,181.04,2,ASK
2020-10-30 10:51:01,V,180.94,7,BID
2020-10-30 10:51:07,V,181.04,3,ASK
2020-10-30 10:51:10,V,180.89,4,BID
2020-10-30 10:51:10,V,181.0,4,ASK
2020-10-30 10:51:11,V,180.89,4,BID
2020-10-30 10:51:11,V,180.99,6,ASK
2020-10-30 10:51:13,V,180.89,4,BID
2020-10-30 10:51:13,V,180.98,4,ASK
2020-10-30 10:51:14,V,180.84,3,BID
2020-10-30 10:51:14,V,180.91,2,ASK
2020-10-30 10:51:15,V,180.84,2,BID
2020-10-30 10:51:16,V,180.91,2,ASK
2020-10-30 10:51:17,V,180.78,5,BID
2020-10-30 10:51:18,V,180.88,1,ASK
2020-10-30 10:51:19,V,180.87,5,BID
2020-10-30 10:51:10,V,181.0,4,ASK
2020-10-30 10:51:19,V,180.87,2,BID
2020-10-30 10:51:19,V,180.99,1,ASK
2020-10-30 10:51:20,V,180.87,4,BID
2020-10-30 10:51:20,V,181.02,1,ASK
2020-10-30 10:51:20,V,180.87,6,BID
2020-10-30 10:51:20,V,181.02,3,ASK
2020-10-30 10:51:20,V,180.95,2,BID
2020-10-30 10:51:20,V,181.05,4,ASK
2020-10-30 10:51:20,V,180.95,1,BID
2020-10-30 10:49:32,V,181.08,3,ASK
2020-10-30 10:51:21,V,180.95,1,BID
2020-10-30 10:51:21,V,181.04,1,ASK
2020-10-30 10:51:22,V,180.94,1,BID
2020-10-30 10:51:22,V,181.04,1,ASK
2020-10-30 10:51:22,V,180.95,3,BID
2020-10-30 10:51:22,V,181.04,2,ASK
2020-10-30 10:51:23,V,180.95,4,BID
2020-10-30 10:51:23,V,181.04,2,ASK
2020-10-30 10:51:23,V,180.95,4,BID
2020-10-30 10:51:23,V,181.04,2,ASK
2020-10-30 10:51:23,V,180.95,4,BID
2020-10-30 10:51:23,V,181.04,2,ASK
2020-10-30 10:51:23,V,180.95,4,BID
2020-10-30 10:51:23,V,181.04,2,ASK
2020-10-30 10:51:23,V,180.95,4,BID
2020-10-30 10:51:23,V,181.04,2,ASK
2020-10-30 10:51:23,V,180.95,4,BID
2020-10-30 10:51:23,V,181.04,2,ASK
2020-10-30 10:51:23,V,180.95,4,BID
2020-10-30 10:51:23,V,181.04,2,ASK
2020-10-30 10:51:23,V,180.95,4,BID
2020-10-30 10:51:23,V,181.04,2,ASK
2020-10-30 10:51:23,V,180.95,4,BID
2020-10-30 10:51:23,V,181.04,2,ASK
2020-10-30 10:51:23,V,180.95,4,BID
2020-10-30 10:51:23,V,181.04,2,ASK
2020-10-30 10:51:23,V,180.95,4,BID
2020-10-30 10:51:23,V,181.04,2,ASK
2020-10-30 10:51:23,V,180.95,4,BID
2020-10-30 10:51:23,V,181.04,2,ASK
2020-10-30 10:51:23,V,180.95,4,BID
2020-10-30 10:51:23,V,181.04,2,ASK
2020-10-30 10:51:23,V,180.95,4,BID
2020-10-30 10:51:23,V,181.04,2,ASK
2020-10-30 10:51:23,V,180.95,4,BID
2020-10-30 10:51:23,V,181.04,2,ASK
2020-10-30 10:51:23,V,180.95,4,BID
2020-10-30 10:51:23,V,181.04,2,ASK
2020-10-30 10:51:23,V,180.95,4,BID
2020-10-30 10:51:23,V,181.04,2,ASK
2020-10-30 10:51:23,V,180.95,4,BID
2020-10-30 10:51:23,V,181.04,2,ASK
2020-10-30 10:51:23,V,180.95,4,BID
2020-10-30 10:51:23,V,181.04,2,ASK
2020-10-30 10:51:23,V,180.95,4,BID
2020-10-30 10:51:23,V,181.04,2,ASK
2020-10-30 10:51:23,V,180.95,4,BID
2020-10-30 10:51:23,V,181.04,2,ASK
2020-10-30 10:51:23,V,180.95,4,BID
2020-10-30 10:51:23,V,181.04,2,ASK
2020-10-30 10:51:23,V,180.95,4,BID
2020-10-30 10:51:23,V,181.04,2,ASK
2020-10-30 10:51:23,V,180.95,4,BID
2020-10-30 10:51:23,V,181.04,2,ASK
2020-10-30 10:51:23,V,180.95,4,BID
2020-10-30 10:51:23,V,181.04,2,ASK
2020-10-30 10:51:23,V,180.95,4,BID
2020-10-30 10:51:23,V,181.04,2,ASK
2020-10-30 10:51:23,V,180.95,4,BID
2020-10-30 10:51:23,V,181.04,2,ASK
2020-10-30 10:51:33,V,180.98,4,BID
2020-10-30 10:51:34,V,181.08,5,ASK
2020-10-30 10:51:36,V,180.99,2,BID
2020-10-30 10:51:36,V,181.08,4,ASK
2020-10-30 10:51:38,V,180.99,3,BID
2020-10-30 10:51:38,V,181.08,5,ASK
2020-10-30 10:51:38,V,180.99,3,BID
2020-10-30 10:51:38,V,181.08,5,ASK
2020-10-30 10:51:40,V,180.99,5,BID
2020-10-30 10:51:38,V,181.08,5,ASK
2020-10-30 10:51:40,V,180.99,5,BID
2020-10-30 10:51:40,V,181.09,2,ASK
2020-10-30 10:51:42,V,181.02,2,BID
2020-10-30 10:51:42,V,181.11,1,ASK
2020-10-30 10:51:43,V,181.02,6,BID
2020-10-30 10:51:43,V,181.13,4,ASK
2020-10-30 10:51:44,V,181.06,3,BID
2020-10-30 10:49:32,V,181.17,6,ASK
2020-10-30 10:51:44,V,181.06,3,BID
2020-10-30 10:51:44,V,181.16,2,ASK
2020-10-30 10:51:46,V,181.06,5,BID
2020-10-30 10:51:46,V,181.14,2,ASK
2020-10-30 10:51:46,V,181.06,5,BID
2020-10-30 10:51:47,V,181.14,1,ASK
2020-10-30 10:51:47,V,181.06,6,BID
2020-10-30 10:51:47,V,181.14,1,ASK
2020-10-30 10:51:48,V,181.06,6,BID
2020-10-30 10:51:48,V,181.14,3,ASK
2020-10-30 10:51:49,V,181.06,6,BID
2020-10-30 10:51:49,V,181.14,4,ASK
2020-10-30 10:51:50,V,181.06,6,BID
2020-10-30 10:51:50,V,181.14,4,ASK
2020-10-30 10:51:51,V,181.06,6,BID
2020-10-30 10:51:51,V,181.14,6,ASK
2020-10-30 10:51:54,V,181.03,3,BID
2020-10-30 10:51:54,V,181.14,8,ASK
2020-10-30 10:51:56,V,181.06,2,BID
2020-10-30 10:51:56,V,181.14,9,ASK
2020-10-30 10:51:57,V,181.06,2,BID
2020-10-30 10:51:57,V,181.14,9,ASK
2020-10-30 10:51:57,V,181.06,2,BID
2020-10-30 10:51:57,V,181.14,9,ASK
2020-10-30 10:52:00,V,181.06,4,BID
2020-10-30 10:52:00,V,181.14,9,ASK
2020-10-30 10:52:01,V,181.05,2,BID
2020-10-30 10:52:00,V,181.14,7,ASK
2020-10-30 10:52:02,V,181.05,3,BID
2020-10-30 10:52:00,V,181.14,7,ASK
2020-10-30 10:52:02,V,181.05,3,BID
2020-10-30 10:52:00,V,181.14,7,ASK
2020-10-30 10:52:02,V,181.05,3,BID
2020-10-30 10:52:00,V,181.14,7,ASK
2020-10-30 10:52:02,V,181.05,3,BID
2020-10-30 10:52:00,V,181.14,7,ASK
2020-10-30 10:52:02,V,181.05,3,BID
2020-10-30 10:52:00,V,181.14,7,ASK
2020-10-30 10:52:02,V,181.05,3,BID
2020-10-30 10:52:00,V,181.14,7,ASK
2020-10-30 10:52:02,V,181.05,3,BID
2020-10-30 10:52:00,V,181.14,7,ASK
2020-10-30 10:52:02,V,181.05,3,BID
2020-10-30 10:52:02,V,181.39,18,ASK
2020-10-30 10:52:07,V,181.13,1,BID
2020-10-30 10:52:07,V,181.17,8,ASK
2020-10-30 10:52:07,V,181.1,4,BID
2020-10-30 10:52:07,V,181.18,1,ASK
2020-10-30 10:52:07,V,181.11,4,BID
2020-10-30 10:52:07,V,181.18,1,ASK
2020-10-30 10:52:08,V,181.11,6,BID
2020-10-30 10:52:08,V,181.19,2,ASK
2020-10-30 10:52:08,V,181.11,6,BID
2020-10-30 10:52:08,V,181.19,2,ASK
2020-10-30 10:52:08,V,181.11,5,BID
2020-10-30 10:52:08,V,181.19,2,ASK
2020-10-30 10:52:08,V,181.11,5,BID
2020-10-30 10:52:08,V,181.19,2,ASK
2020-10-30 10:52:08,V,181.11,5,BID
2020-10-30 10:52:08,V,181.19,2,ASK
2020-10-30 10:52:08,V,181.11,5,BID
2020-10-30 10:52:08,V,181.19,2,ASK
2020-10-30 10:52:09,V,181.11,5,BID
2020-10-30 10:52:09,V,181.19,4,ASK
2020-10-30 10:52:09,V,181.11,5,BID
2020-10-30 10:52:09,V,181.19,4,ASK
2020-10-30 10:52:09,V,181.11,5,BID
2020-10-30 10:52:09,V,181.19,4,ASK
2020-10-30 10:52:09,V,181.11,5,BID
2020-10-30 10:52:09,V,181.19,4,ASK
2020-10-30 10:52:09,V,181.11,5,BID
2020-10-30 10:52:09,V,181.19,4,ASK
2020-10-30 10:52:09,V,181.11,5,BID
2020-10-30 10:52:11,V,181.19,4,ASK
2020-10-30 10:52:11,V,181.11,5,BID
2020-10-30 10:52:11,V,181.19,4,ASK
2020-10-30 10:52:13,V,181.15,5,BID
2020-10-30 10:52:13,V,181.25,3,ASK
2020-10-30 10:52:14,V,181.15,4,BID
