timestamp,ticker,price,volume,bid_ask
2020-10-30 10:31:23,VZ,56.6,45,BID
2020-10-30 10:31:26,VZ,56.61,81,ASK
2020-10-30 10:31:23,VZ,56.6,54,BID
2020-10-30 10:31:26,VZ,56.61,81,ASK
2020-10-30 10:31:23,VZ,56.6,59,BID
2020-10-30 10:31:28,VZ,56.61,74,ASK
2020-10-30 10:31:23,VZ,56.6,38,BID
2020-10-30 10:31:28,VZ,56.61,80,ASK
2020-10-30 10:31:23,VZ,56.6,41,BID
2020-10-30 10:31:28,VZ,56.61,80,ASK
2020-10-30 10:31:23,VZ,56.6,45,BID
2020-10-30 10:31:32,VZ,56.61,18,ASK
2020-10-30 10:31:23,VZ,56.6,47,BID
2020-10-30 10:31:32,VZ,56.61,13,ASK
2020-10-30 10:31:23,VZ,56.6,44,BID
2020-10-30 10:31:32,VZ,56.61,13,ASK
2020-10-30 10:31:23,VZ,56.6,52,BID
2020-10-30 10:31:34,VZ,56.61,13,ASK
2020-10-30 10:31:23,VZ,56.6,52,BID
2020-10-30 10:31:34,VZ,56.61,13,ASK
2020-10-30 10:31:23,VZ,56.6,42,BID
2020-10-30 10:31:36,VZ,56.61,16,ASK
2020-10-30 10:31:23,VZ,56.6,41,BID
2020-10-30 10:31:36,VZ,56.61,14,ASK
2020-10-30 10:31:23,VZ,56.6,41,BID
2020-10-30 10:31:36,VZ,56.61,15,ASK
2020-10-30 10:31:23,VZ,56.6,41,BID
2020-10-30 10:31:39,VZ,56.61,12,ASK
2020-10-30 10:31:23,VZ,56.6,44,BID
2020-10-30 10:31:41,VZ,56.61,12,ASK
2020-10-30 10:31:23,VZ,56.6,44,BID
2020-10-30 10:31:41,VZ,56.61,15,ASK
2020-10-30 10:31:23,VZ,56.6,44,BID
2020-10-30 10:31:43,VZ,56.61,15,ASK
2020-10-30 10:31:23,VZ,56.6,44,BID
2020-10-30 10:31:43,VZ,56.61,15,ASK
2020-10-30 10:31:45,VZ,56.61,54,BID
2020-10-30 10:31:44,VZ,56.62,88,ASK
2020-10-30 10:31:45,VZ,56.61,6,BID
2020-10-30 10:31:44,VZ,56.62,65,ASK
2020-10-30 10:31:47,VZ,56.61,7,BID
2020-10-30 10:31:44,VZ,56.62,66,ASK
2020-10-30 10:31:44,VZ,56.6,74,BID
2020-10-30 10:31:47,VZ,56.61,49,ASK
2020-10-30 10:31:48,VZ,56.6,48,BID
2020-10-30 10:31:48,VZ,56.6,20,ASK
2020-10-30 10:31:49,VZ,56.6,29,BID
2020-10-30 10:31:47,VZ,56.61,67,ASK
2020-10-30 10:31:49,VZ,56.6,27,BID
2020-10-30 10:31:47,VZ,56.61,67,ASK
2020-10-30 10:31:49,VZ,56.6,26,BID
2020-10-30 10:31:47,VZ,56.61,67,ASK
2020-10-30 10:31:49,VZ,56.6,49,BID
2020-10-30 10:31:53,VZ,56.61,42,ASK
2020-10-30 10:31:49,VZ,56.6,66,BID
2020-10-30 10:31:53,VZ,56.61,20,ASK
2020-10-30 10:31:49,VZ,56.6,66,BID
2020-10-30 10:31:53,VZ,56.61,19,ASK
2020-10-30 10:31:49,VZ,56.6,58,BID
2020-10-30 10:31:53,VZ,56.61,21,ASK
2020-10-30 10:31:49,VZ,56.6,67,BID
2020-10-30 10:31:56,VZ,56.61,33,ASK
2020-10-30 10:31:49,VZ,56.6,75,BID
2020-10-30 10:31:56,VZ,56.61,32,ASK
2020-10-30 10:31:49,VZ,56.6,77,BID
2020-10-30 10:31:56,VZ,56.61,29,ASK
2020-10-30 10:31:49,VZ,56.6,66,BID
2020-10-30 10:32:00,VZ,56.61,48,ASK
2020-10-30 10:31:15,VZ,56.59,67,BID
2020-10-30 10:32:00,VZ,56.6,27,ASK
2020-10-30 10:32:00,VZ,56.59,27,BID
2020-10-30 10:32:00,VZ,56.6,68,ASK
2020-10-30 10:32:00,VZ,56.59,28,BID
2020-10-30 10:32:00,VZ,56.6,68,ASK
2020-10-30 10:32:01,VZ,56.58,26,BID
2020-10-30 10:32:01,VZ,56.59,46,ASK
2020-10-30 10:31:08,VZ,56.57,55,BID
2020-10-30 10:32:02,VZ,56.58,16,ASK
2020-10-30 10:31:08,VZ,56.57,44,BID
2020-10-30 10:32:02,VZ,56.58,14,ASK
2020-10-30 10:31:08,VZ,56.57,25,BID
2020-10-30 10:32:03,VZ,56.58,44,ASK
2020-10-30 10:32:04,VZ,56.57,1,BID
2020-10-30 10:32:04,VZ,56.57,6,ASK
2020-10-30 10:32:04,VZ,56.56,48,BID
2020-10-30 10:32:04,VZ,56.57,8,ASK
2020-10-30 10:32:04,VZ,56.56,37,BID
2020-10-30 10:32:05,VZ,56.57,32,ASK
2020-10-30 10:32:05,VZ,56.56,40,BID
2020-10-30 10:32:06,VZ,56.57,31,ASK
2020-10-30 10:32:05,VZ,56.56,39,BID
2020-10-30 10:32:08,VZ,56.57,37,ASK
2020-10-30 10:32:05,VZ,56.56,42,BID
2020-10-30 10:32:09,VZ,56.57,32,ASK
2020-10-30 10:32:05,VZ,56.56,39,BID
2020-10-30 10:32:09,VZ,56.57,35,ASK
2020-10-30 10:32:05,VZ,56.56,39,BID
2020-10-30 10:32:09,VZ,56.57,35,ASK
2020-10-30 10:32:11,VZ,56.56,89,BID
2020-10-30 10:32:11,VZ,56.57,30,ASK
2020-10-30 10:32:11,VZ,56.56,97,BID
2020-10-30 10:32:11,VZ,56.57,28,ASK
2020-10-30 10:32:11,VZ,56.56,99,BID
2020-10-30 10:32:13,VZ,56.57,11,ASK
2020-10-30 10:32:15,VZ,56.57,68,BID
2020-10-30 10:32:13,VZ,56.58,47,ASK
2020-10-30 10:32:16,VZ,56.57,24,BID
2020-10-30 10:32:16,VZ,56.58,60,ASK
2020-10-30 10:32:11,VZ,56.56,108,BID
2020-10-30 10:32:17,VZ,56.57,39,ASK
2020-10-30 10:32:11,VZ,56.56,83,BID
2020-10-30 10:32:17,VZ,56.57,52,ASK
2020-10-30 10:32:11,VZ,56.56,82,BID
2020-10-30 10:32:17,VZ,56.57,93,ASK
2020-10-30 10:32:20,VZ,56.54,39,BID
2020-10-30 10:32:20,VZ,56.55,33,ASK
2020-10-30 10:32:20,VZ,56.53,39,BID
2020-10-30 10:32:20,VZ,56.54,31,ASK
2020-10-30 10:32:20,VZ,56.53,37,BID
2020-10-30 10:32:20,VZ,56.54,31,ASK
2020-10-30 10:32:20,VZ,56.53,25,BID
2020-10-30 10:32:20,VZ,56.54,37,ASK
2020-10-30 10:32:21,VZ,56.53,35,BID
2020-10-30 10:32:21,VZ,56.54,35,ASK
2020-10-30 10:32:23,VZ,56.52,30,BID
2020-10-30 10:32:23,VZ,56.53,43,ASK
2020-10-30 10:32:23,VZ,56.52,29,BID
2020-10-30 10:32:23,VZ,56.53,27,ASK
2020-10-30 10:32:23,VZ,56.52,51,BID
2020-10-30 10:32:23,VZ,56.53,23,ASK
2020-10-30 10:32:24,VZ,56.51,28,BID
2020-10-30 10:32:24,VZ,56.52,45,ASK
2020-10-30 10:32:24,VZ,56.51,16,BID
2020-10-30 10:32:24,VZ,56.52,32,ASK
2020-10-30 09:31:19,VZ,56.5,40,BID
2020-10-30 10:32:25,VZ,56.51,18,ASK
2020-10-30 09:31:19,VZ,56.5,45,BID
2020-10-30 10:32:25,VZ,56.51,17,ASK
2020-10-30 09:31:19,VZ,56.5,44,BID
2020-10-30 10:32:25,VZ,56.51,19,ASK
2020-10-30 09:31:19,VZ,56.5,41,BID
2020-10-30 10:32:25,VZ,56.51,28,ASK
2020-10-30 09:31:19,VZ,56.5,30,BID
2020-10-30 10:32:26,VZ,56.51,80,ASK
2020-10-30 10:32:27,VZ,56.48,10,BID
2020-10-30 10:32:27,VZ,56.49,3,ASK
2020-10-30 10:32:27,VZ,56.48,33,BID
2020-10-30 10:32:27,VZ,56.49,17,ASK
2020-10-30 10:32:27,VZ,56.48,31,BID
2020-10-30 10:32:27,VZ,56.49,20,ASK
2020-10-30 10:32:27,VZ,56.48,40,BID
2020-10-30 10:32:28,VZ,56.5,51,ASK
2020-10-30 10:32:29,VZ,56.49,32,BID
2020-10-30 10:32:29,VZ,56.5,37,ASK
2020-10-30 10:32:29,VZ,56.49,33,BID
2020-10-30 10:32:30,VZ,56.5,35,ASK
2020-10-30 10:32:31,VZ,56.5,31,BID
2020-10-30 10:32:31,VZ,56.52,32,ASK
2020-10-30 10:32:31,VZ,56.51,8,BID
2020-10-30 10:32:31,VZ,56.52,39,ASK
2020-10-30 10:32:31,VZ,56.51,8,BID
2020-10-30 10:32:31,VZ,56.52,49,ASK
2020-10-30 10:32:32,VZ,56.51,13,BID
2020-10-30 10:32:31,VZ,56.52,32,ASK
2020-10-30 10:32:33,VZ,56.51,18,BID
2020-10-30 10:32:31,VZ,56.52,30,ASK
2020-10-30 10:32:34,VZ,56.51,31,BID
2020-10-30 10:32:34,VZ,56.52,24,ASK
2020-10-30 10:32:35,VZ,56.51,31,BID
2020-10-30 10:32:34,VZ,56.52,30,ASK
2020-10-30 10:32:36,VZ,56.5,15,BID
2020-10-30 10:32:36,VZ,56.51,58,ASK
2020-10-30 10:32:37,VZ,56.5,22,BID
2020-10-30 10:32:37,VZ,56.51,63,ASK
2020-10-30 10:32:38,VZ,56.5,21,BID
2020-10-30 10:32:37,VZ,56.51,63,ASK
2020-10-30 10:32:38,VZ,56.5,31,BID
2020-10-30 10:32:38,VZ,56.51,59,ASK
2020-10-30 10:32:39,VZ,56.51,27,BID
2020-10-30 10:32:34,VZ,56.52,45,ASK
2020-10-30 10:32:40,VZ,56.5,32,BID
2020-10-30 10:32:34,VZ,56.52,37,ASK
2020-10-30 10:32:42,VZ,56.5,19,BID
2020-10-30 10:32:42,VZ,56.51,33,ASK
2020-10-30 10:32:43,VZ,56.5,31,BID
2020-10-30 10:32:43,VZ,56.51,33,ASK
2020-10-30 10:32:44,VZ,56.5,24,BID
2020-10-30 10:32:43,VZ,56.51,41,ASK
2020-10-30 10:32:29,VZ,56.49,28,BID
2020-10-30 10:32:44,VZ,56.5,42,ASK
2020-10-30 10:32:45,VZ,56.49,36,BID
2020-10-30 10:32:45,VZ,56.5,49,ASK
2020-10-30 10:32:45,VZ,56.5,24,BID
2020-10-30 10:32:43,VZ,56.51,34,ASK
2020-10-30 10:32:46,VZ,56.51,10,BID
2020-10-30 10:32:34,VZ,56.52,50,ASK
2020-10-30 10:32:45,VZ,56.5,36,BID
2020-10-30 10:32:48,VZ,56.51,19,ASK
2020-10-30 10:32:48,VZ,56.51,22,BID
2020-10-30 10:32:34,VZ,56.52,38,ASK
2020-10-30 10:32:50,VZ,56.5,43,BID
2020-10-30 10:32:50,VZ,56.51,16,ASK
2020-10-30 10:32:51,VZ,56.5,40,BID
2020-10-30 10:32:50,VZ,56.51,23,ASK
2020-10-30 10:32:54,VZ,56.5,37,BID
2020-10-30 10:32:54,VZ,56.51,35,ASK
2020-10-30 10:32:55,VZ,56.5,48,BID
2020-10-30 10:32:55,VZ,56.51,29,ASK
2020-10-30 10:32:55,VZ,56.5,47,BID
2020-10-30 10:32:55,VZ,56.51,29,ASK
2020-10-30 10:32:55,VZ,56.5,46,BID
2020-10-30 10:32:55,VZ,56.51,27,ASK
2020-10-30 10:32:58,VZ,56.51,2,BID
2020-10-30 10:32:58,VZ,56.51,3,ASK
2020-10-30 10:32:58,VZ,56.51,2,BID
2020-10-30 10:32:58,VZ,56.51,2,ASK
2020-10-30 10:32:55,VZ,56.5,52,BID
2020-10-30 10:32:59,VZ,56.51,13,ASK
2020-10-30 10:32:55,VZ,56.5,48,BID
2020-10-30 10:32:59,VZ,56.51,35,ASK
2020-10-30 10:33:01,VZ,56.51,26,BID
2020-10-30 10:32:34,VZ,56.52,36,ASK
2020-10-30 10:33:02,VZ,56.52,8,BID
2020-10-30 10:33:02,VZ,56.52,12,ASK
2020-10-30 10:33:02,VZ,56.52,35,BID
2020-10-30 10:33:02,VZ,56.53,30,ASK
2020-10-30 10:33:03,VZ,56.52,29,BID
2020-10-30 10:33:02,VZ,56.53,36,ASK
2020-10-30 10:33:04,VZ,56.52,28,BID
2020-10-30 10:33:04,VZ,56.53,37,ASK
2020-10-30 10:33:02,VZ,56.52,56,BID
2020-10-30 10:33:04,VZ,56.53,37,ASK
2020-10-30 10:33:02,VZ,56.52,56,BID
2020-10-30 10:33:04,VZ,56.53,38,ASK
2020-10-30 10:33:02,VZ,56.52,50,BID
2020-10-30 10:33:04,VZ,56.53,38,ASK
2020-10-30 10:33:08,VZ,56.51,11,BID
2020-10-30 10:33:08,VZ,56.52,35,ASK
2020-10-30 10:32:55,VZ,56.5,29,BID
2020-10-30 10:33:09,VZ,56.51,45,ASK
2020-10-30 10:33:10,VZ,56.51,12,BID
2020-10-30 10:33:10,VZ,56.52,27,ASK
2020-10-30 10:33:11,VZ,56.51,23,BID
2020-10-30 10:33:10,VZ,56.52,27,ASK
2020-10-30 10:33:12,VZ,56.51,30,BID
2020-10-30 10:33:12,VZ,56.52,15,ASK
2020-10-30 10:33:14,VZ,56.51,14,BID
2020-10-30 10:33:14,VZ,56.52,40,ASK
2020-10-30 10:33:15,VZ,56.51,19,BID
2020-10-30 10:33:15,VZ,56.52,42,ASK
2020-10-30 10:33:16,VZ,56.51,19,BID
2020-10-30 10:33:16,VZ,56.52,52,ASK
2020-10-30 10:33:16,VZ,56.51,30,BID
2020-10-30 10:33:16,VZ,56.52,38,ASK
2020-10-30 10:33:18,VZ,56.51,19,BID
2020-10-30 10:33:18,VZ,56.52,48,ASK
2020-10-30 10:33:18,VZ,56.5,26,BID
2020-10-30 10:33:19,VZ,56.51,65,ASK
2020-10-30 10:32:44,VZ,56.49,63,BID
2020-10-30 10:33:20,VZ,56.5,44,ASK
2020-10-30 10:33:21,VZ,56.5,78,BID
2020-10-30 10:33:21,VZ,56.51,31,ASK
2020-10-30 10:33:21,VZ,56.5,71,BID
2020-10-30 10:33:21,VZ,56.51,30,ASK
2020-10-30 10:33:23,VZ,56.5,71,BID
2020-10-30 10:33:22,VZ,56.51,30,ASK
2020-10-30 10:33:24,VZ,56.51,58,BID
2020-10-30 10:33:24,VZ,56.52,25,ASK
2020-10-30 10:33:25,VZ,56.51,12,BID
2020-10-30 10:33:25,VZ,56.52,65,ASK
2020-10-30 10:33:25,VZ,56.5,49,BID
2020-10-30 10:33:26,VZ,56.51,18,ASK
2020-10-30 10:33:25,VZ,56.5,61,BID
2020-10-30 10:33:28,VZ,56.51,22,ASK
2020-10-30 10:33:25,VZ,56.5,59,BID
2020-10-30 10:33:29,VZ,56.51,16,ASK
2020-10-30 10:33:31,VZ,56.51,54,BID
2020-10-30 10:33:25,VZ,56.52,47,ASK
2020-10-30 10:33:32,VZ,56.52,43,BID
2020-10-30 10:33:32,VZ,56.53,41,ASK
2020-10-30 10:33:33,VZ,56.52,76,BID
2020-10-30 10:33:32,VZ,56.53,40,ASK
2020-10-30 10:33:33,VZ,56.52,86,BID
2020-10-30 10:33:32,VZ,56.53,34,ASK
2020-10-30 10:33:34,VZ,56.53,73,BID
2020-10-30 10:33:34,VZ,56.54,54,ASK
2020-10-30 10:33:35,VZ,56.53,44,BID
2020-10-30 10:33:35,VZ,56.54,64,ASK
2020-10-30 10:33:34,VZ,56.52,99,BID
2020-10-30 10:33:35,VZ,56.53,17,ASK
2020-10-30 10:33:37,VZ,56.52,94,BID
2020-10-30 10:33:37,VZ,56.53,12,ASK
2020-10-30 10:33:37,VZ,56.52,87,BID
2020-10-30 10:33:37,VZ,56.53,12,ASK
2020-10-30 10:33:37,VZ,56.52,102,BID
2020-10-30 10:33:38,VZ,56.53,8,ASK
2020-10-30 10:33:39,VZ,56.53,54,BID
2020-10-30 10:33:35,VZ,56.54,86,ASK
2020-10-30 10:33:40,VZ,56.53,56,BID
2020-10-30 10:33:35,VZ,56.54,86,ASK
2020-10-30 10:33:40,VZ,56.53,58,BID
2020-10-30 10:33:35,VZ,56.54,86,ASK
2020-10-30 10:33:43,VZ,56.53,45,BID
2020-10-30 10:33:35,VZ,56.54,86,ASK
2020-10-30 10:33:44,VZ,56.53,29,BID
2020-10-30 10:33:35,VZ,56.54,87,ASK
2020-10-30 10:33:44,VZ,56.53,50,BID
2020-10-30 10:33:35,VZ,56.54,87,ASK
2020-10-30 10:33:45,VZ,56.53,68,BID
2020-10-30 10:33:45,VZ,56.54,55,ASK
2020-10-30 10:33:46,VZ,56.55,9,BID
2020-10-30 10:32:20,VZ,56.56,51,ASK
2020-10-30 10:33:47,VZ,56.55,94,BID
2020-10-30 10:33:46,VZ,56.56,33,ASK
2020-10-30 10:33:48,VZ,56.56,17,BID
2020-10-30 10:33:48,VZ,56.57,56,ASK
2020-10-30 10:33:48,VZ,56.56,103,BID
2020-10-30 10:33:48,VZ,56.57,40,ASK
2020-10-30 10:33:48,VZ,56.56,93,BID
2020-10-30 10:33:49,VZ,56.57,38,ASK
2020-10-30 10:33:48,VZ,56.56,89,BID
2020-10-30 10:33:49,VZ,56.57,40,ASK
2020-10-30 10:33:48,VZ,56.56,81,BID
2020-10-30 10:33:49,VZ,56.57,40,ASK
2020-10-30 10:33:48,VZ,56.56,81,BID
2020-10-30 10:33:49,VZ,56.57,39,ASK
2020-10-30 10:33:48,VZ,56.56,81,BID
2020-10-30 10:33:49,VZ,56.57,39,ASK
2020-10-30 10:33:48,VZ,56.56,81,BID
2020-10-30 10:33:49,VZ,56.57,39,ASK
2020-10-30 10:33:48,VZ,56.56,81,BID
2020-10-30 10:33:49,VZ,56.57,67,ASK
2020-10-30 10:33:48,VZ,56.56,81,BID
2020-10-30 10:33:49,VZ,56.57,66,ASK
2020-10-30 10:33:48,VZ,56.56,81,BID
2020-10-30 10:33:49,VZ,56.57,66,ASK
2020-10-30 10:33:48,VZ,56.56,79,BID
2020-10-30 10:33:49,VZ,56.57,66,ASK
2020-10-30 10:34:01,VZ,56.57,102,BID
2020-10-30 10:34:01,VZ,56.58,13,ASK
2020-10-30 10:34:01,VZ,56.57,82,BID
2020-10-30 10:34:01,VZ,56.58,32,ASK
2020-10-30 10:34:01,VZ,56.57,82,BID
2020-10-30 10:34:01,VZ,56.58,32,ASK
2020-10-30 10:33:48,VZ,56.56,125,BID
2020-10-30 10:34:03,VZ,56.57,57,ASK
2020-10-30 10:33:48,VZ,56.56,73,BID
2020-10-30 10:34:01,VZ,56.58,46,ASK
2020-10-30 10:33:48,VZ,56.56,73,BID
2020-10-30 10:34:01,VZ,56.58,45,ASK
2020-10-30 10:34:05,VZ,56.56,76,BID
2020-10-30 10:34:05,VZ,56.57,11,ASK
2020-10-30 10:34:06,VZ,56.56,76,BID
2020-10-30 10:34:05,VZ,56.57,13,ASK
2020-10-30 10:34:07,VZ,56.56,76,BID
2020-10-30 10:34:05,VZ,56.57,10,ASK
2020-10-30 10:34:08,VZ,56.56,72,BID
2020-10-30 10:34:05,VZ,56.57,12,ASK
2020-10-30 10:34:09,VZ,56.56,72,BID
2020-10-30 10:34:05,VZ,56.57,12,ASK
2020-10-30 10:34:09,VZ,56.56,64,BID
2020-10-30 10:34:09,VZ,56.57,34,ASK
2020-10-30 10:34:10,VZ,56.56,3,BID
2020-10-30 10:34:10,VZ,56.57,67,ASK
2020-10-30 10:34:10,VZ,56.56,21,BID
2020-10-30 10:34:10,VZ,56.57,75,ASK
2020-10-30 10:34:11,VZ,56.56,38,BID
2020-10-30 10:34:10,VZ,56.57,62,ASK
2020-10-30 10:34:12,VZ,56.56,27,BID
2020-10-30 10:34:10,VZ,56.57,76,ASK
2020-10-30 10:34:12,VZ,56.56,27,BID
2020-10-30 10:34:10,VZ,56.57,75,ASK
2020-10-30 10:33:46,VZ,56.55,77,BID
2020-10-30 10:34:14,VZ,56.56,110,ASK
2020-10-30 10:34:14,VZ,56.55,111,BID
2020-10-30 10:34:14,VZ,56.56,67,ASK
2020-10-30 10:34:14,VZ,56.56,47,BID
2020-10-30 10:34:10,VZ,56.57,79,ASK
2020-10-30 10:34:15,VZ,56.56,41,BID
2020-10-30 10:34:10,VZ,56.57,78,ASK
2020-10-30 10:34:16,VZ,56.56,35,BID
2020-10-30 10:34:10,VZ,56.57,76,ASK
2020-10-30 10:34:17,VZ,56.56,61,BID
2020-10-30 10:34:10,VZ,56.57,71,ASK
2020-10-30 10:34:17,VZ,56.56,63,BID
2020-10-30 10:34:10,VZ,56.57,71,ASK
2020-10-30 10:34:17,VZ,56.56,55,BID
2020-10-30 10:34:10,VZ,56.57,71,ASK
2020-10-30 10:34:21,VZ,56.56,46,BID
2020-10-30 10:34:10,VZ,56.57,71,ASK
2020-10-30 10:34:21,VZ,56.56,38,BID
2020-10-30 10:34:10,VZ,56.57,71,ASK
2020-10-30 10:34:23,VZ,56.56,47,BID
2020-10-30 10:34:10,VZ,56.57,71,ASK
2020-10-30 10:34:23,VZ,56.56,57,BID
2020-10-30 10:34:10,VZ,56.57,71,ASK
2020-10-30 10:34:25,VZ,56.57,19,BID
2020-10-30 10:34:00,VZ,56.58,38,ASK
2020-10-30 10:34:26,VZ,56.57,31,BID
2020-10-30 10:34:00,VZ,56.58,37,ASK
2020-10-30 10:34:27,VZ,56.57,13,BID
2020-10-30 10:34:00,VZ,56.58,43,ASK
2020-10-30 10:34:27,VZ,56.57,37,BID
2020-10-30 10:34:00,VZ,56.58,34,ASK
2020-10-30 10:34:27,VZ,56.57,52,BID
2020-10-30 10:34:31,VZ,56.58,35,ASK
2020-10-30 10:34:27,VZ,56.57,47,BID
2020-10-30 10:34:31,VZ,56.59,45,ASK
2020-10-30 10:34:33,VZ,56.58,41,BID
2020-10-30 10:34:31,VZ,56.59,43,ASK
2020-10-30 10:34:33,VZ,56.58,49,BID
2020-10-30 10:34:31,VZ,56.59,42,ASK
2020-10-30 10:34:33,VZ,56.58,61,BID
2020-10-30 10:34:31,VZ,56.59,34,ASK
2020-10-30 10:34:37,VZ,56.59,27,BID
2020-10-30 10:32:00,VZ,56.6,53,ASK
2020-10-30 10:34:39,VZ,56.59,44,BID
2020-10-30 10:32:00,VZ,56.6,47,ASK
2020-10-30 10:34:40,VZ,56.59,39,BID
2020-10-30 10:32:00,VZ,56.6,46,ASK
2020-10-30 10:34:42,VZ,56.59,66,BID
2020-10-30 10:32:00,VZ,56.6,33,ASK
2020-10-30 10:34:44,VZ,56.59,66,BID
2020-10-30 10:32:00,VZ,56.6,40,ASK
2020-10-30 10:34:45,VZ,56.6,30,BID
2020-10-30 10:34:45,VZ,56.61,66,ASK
2020-10-30 10:34:45,VZ,56.6,38,BID
2020-10-30 10:34:45,VZ,56.61,59,ASK
2020-10-30 10:34:49,VZ,56.6,59,BID
2020-10-30 10:34:45,VZ,56.61,46,ASK
2020-10-30 10:34:49,VZ,56.61,23,BID
2020-10-30 10:34:49,VZ,56.62,47,ASK
2020-10-30 10:34:50,VZ,56.62,14,BID
2020-10-30 10:30:49,VZ,56.63,49,ASK
2020-10-30 10:34:50,VZ,56.62,17,BID
2020-10-30 10:30:49,VZ,56.63,39,ASK
2020-10-30 10:34:49,VZ,56.61,68,BID
2020-10-30 10:34:51,VZ,56.62,86,ASK
2020-10-30 10:34:49,VZ,56.61,70,BID
2020-10-30 10:34:52,VZ,56.62,51,ASK
2020-10-30 10:34:49,VZ,56.61,67,BID
2020-10-30 10:34:52,VZ,56.62,56,ASK
2020-10-30 10:34:49,VZ,56.61,67,BID
2020-10-30 10:34:52,VZ,56.62,56,ASK
2020-10-30 10:34:49,VZ,56.61,39,BID
2020-10-30 10:34:52,VZ,56.62,54,ASK
2020-10-30 10:34:49,VZ,56.61,39,BID
2020-10-30 10:34:52,VZ,56.62,54,ASK
2020-10-30 10:34:49,VZ,56.61,22,BID
2020-10-30 10:34:52,VZ,56.62,59,ASK
2020-10-30 10:34:53,VZ,56.61,19,BID
2020-10-30 10:34:53,VZ,56.61,10,ASK
2020-10-30 10:34:53,VZ,56.61,34,BID
2020-10-30 10:34:52,VZ,56.62,53,ASK
2020-10-30 10:34:53,VZ,56.61,17,BID
2020-10-30 10:34:54,VZ,56.61,27,ASK
2020-10-30 10:34:54,VZ,56.61,39,BID
2020-10-30 10:34:52,VZ,56.62,53,ASK
2020-10-30 10:34:54,VZ,56.61,32,BID
2020-10-30 10:34:58,VZ,56.62,49,ASK
2020-10-30 10:35:00,VZ,56.6,37,BID
2020-10-30 10:35:00,VZ,56.61,64,ASK
2020-10-30 10:35:03,VZ,56.59,30,BID
2020-10-30 10:35:03,VZ,56.6,86,ASK
2020-10-30 10:35:04,VZ,56.59,45,BID
2020-10-30 10:35:04,VZ,56.6,84,ASK
2020-10-30 10:35:05,VZ,56.59,34,BID
2020-10-30 10:35:05,VZ,56.6,85,ASK
2020-10-30 10:35:05,VZ,56.59,34,BID
2020-10-30 10:35:05,VZ,56.6,93,ASK
2020-10-30 10:35:05,VZ,56.59,33,BID
2020-10-30 10:35:05,VZ,56.6,93,ASK
2020-10-30 10:35:05,VZ,56.59,32,BID
2020-10-30 10:35:05,VZ,56.6,118,ASK
2020-10-30 10:34:33,VZ,56.58,50,BID
2020-10-30 10:35:05,VZ,56.59,89,ASK
2020-10-30 10:35:05,VZ,56.58,50,BID
2020-10-30 10:35:05,VZ,56.59,87,ASK
2020-10-30 10:35:05,VZ,56.58,50,BID
2020-10-30 10:35:05,VZ,56.59,87,ASK
2020-10-30 10:35:05,VZ,56.58,50,BID
2020-10-30 10:35:05,VZ,56.59,87,ASK
2020-10-30 10:35:05,VZ,56.58,50,BID
2020-10-30 10:35:05,VZ,56.59,87,ASK
2020-10-30 10:35:05,VZ,56.58,50,BID
2020-10-30 10:35:05,VZ,56.59,87,ASK
2020-10-30 10:35:05,VZ,56.58,50,BID
2020-10-30 10:35:05,VZ,56.59,87,ASK
2020-10-30 10:35:05,VZ,56.58,50,BID
2020-10-30 10:35:05,VZ,56.59,87,ASK
2020-10-30 10:35:05,VZ,56.58,50,BID
2020-10-30 10:35:05,VZ,56.58,2,ASK
2020-10-30 10:35:06,VZ,56.57,22,BID
2020-10-30 10:35:06,VZ,56.58,70,ASK
2020-10-30 10:35:08,VZ,56.57,21,BID
2020-10-30 10:35:08,VZ,56.58,77,ASK
2020-10-30 10:35:08,VZ,56.57,30,BID
2020-10-30 10:35:08,VZ,56.58,73,ASK
2020-10-30 10:35:08,VZ,56.57,30,BID
2020-10-30 10:35:08,VZ,56.58,73,ASK
2020-10-30 10:35:08,VZ,56.57,30,BID
2020-10-30 10:35:08,VZ,56.58,73,ASK
2020-10-30 10:35:08,VZ,56.57,29,BID
2020-10-30 10:35:09,VZ,56.58,73,ASK
2020-10-30 10:35:09,VZ,56.58,74,BID
2020-10-30 10:35:05,VZ,56.59,74,ASK
2020-10-30 10:35:09,VZ,56.57,105,BID
2020-10-30 10:35:11,VZ,56.58,13,ASK
2020-10-30 10:35:12,VZ,56.6,34,BID
2020-10-30 10:35:00,VZ,56.61,59,ASK
2020-10-30 10:35:16,VZ,56.61,46,BID
2020-10-30 10:34:56,VZ,56.62,55,ASK
2020-10-30 10:35:19,VZ,56.61,46,BID
2020-10-30 10:34:56,VZ,56.62,56,ASK
2020-10-30 10:35:20,VZ,56.61,34,BID
2020-10-30 10:34:56,VZ,56.62,56,ASK
2020-10-30 10:35:14,VZ,56.6,47,BID
2020-10-30 10:35:20,VZ,56.61,10,ASK
2020-10-30 10:35:14,VZ,56.6,45,BID
2020-10-30 10:35:20,VZ,56.61,12,ASK
2020-10-30 10:35:14,VZ,56.6,45,BID
2020-10-30 10:35:21,VZ,56.61,13,ASK
2020-10-30 10:35:14,VZ,56.6,41,BID
2020-10-30 10:35:21,VZ,56.61,28,ASK
2020-10-30 10:35:12,VZ,56.59,20,BID
2020-10-30 10:35:21,VZ,56.59,3,ASK
2020-10-30 10:35:22,VZ,56.59,5,BID
2020-10-30 10:35:22,VZ,56.6,65,ASK
2020-10-30 10:35:22,VZ,56.59,4,BID
2020-10-30 10:35:22,VZ,56.6,80,ASK
2020-10-30 10:35:22,VZ,56.59,4,BID
2020-10-30 10:35:22,VZ,56.6,75,ASK
2020-10-30 10:35:23,VZ,56.59,8,BID
2020-10-30 10:35:23,VZ,56.6,79,ASK
2020-10-30 10:35:24,VZ,56.59,8,BID
2020-10-30 10:35:24,VZ,56.6,76,ASK
2020-10-30 10:35:22,VZ,56.58,69,BID
2020-10-30 10:35:24,VZ,56.59,35,ASK
2020-10-30 10:35:22,VZ,56.58,72,BID
2020-10-30 10:35:25,VZ,56.59,9,ASK
2020-10-30 10:35:22,VZ,56.58,81,BID
2020-10-30 10:35:25,VZ,56.59,8,ASK
2020-10-30 10:35:22,VZ,56.58,61,BID
2020-10-30 10:35:26,VZ,56.59,42,ASK
2020-10-30 10:35:28,VZ,56.57,105,BID
2020-10-30 10:35:28,VZ,56.58,24,ASK
2020-10-30 10:35:28,VZ,56.57,45,BID
2020-10-30 10:35:29,VZ,56.58,27,ASK
2020-10-30 10:35:28,VZ,56.57,46,BID
2020-10-30 10:35:29,VZ,56.58,27,ASK
2020-10-30 10:35:28,VZ,56.57,46,BID
2020-10-30 10:35:29,VZ,56.58,27,ASK
2020-10-30 10:35:28,VZ,56.57,46,BID
2020-10-30 10:35:30,VZ,56.58,27,ASK
2020-10-30 10:35:30,VZ,56.56,39,BID
2020-10-30 10:35:30,VZ,56.57,45,ASK
2020-10-30 10:35:30,VZ,56.56,44,BID
2020-10-30 10:35:31,VZ,56.57,24,ASK
2020-10-30 10:35:30,VZ,56.56,44,BID
2020-10-30 10:35:31,VZ,56.57,21,ASK
2020-10-30 10:35:32,VZ,56.57,33,BID
2020-10-30 10:35:32,VZ,56.58,44,ASK
2020-10-30 10:35:32,VZ,56.57,34,BID
2020-10-30 10:35:32,VZ,56.58,44,ASK
2020-10-30 10:35:33,VZ,56.57,26,BID
2020-10-30 10:35:33,VZ,56.58,29,ASK
2020-10-30 10:35:34,VZ,56.58,17,BID
2020-10-30 10:35:26,VZ,56.59,43,ASK
2020-10-30 10:35:34,VZ,56.58,17,BID
2020-10-30 10:35:26,VZ,56.59,40,ASK
2020-10-30 10:35:37,VZ,56.58,60,BID
2020-10-30 10:35:36,VZ,56.59,41,ASK
2020-10-30 10:35:39,VZ,56.59,1,BID
2020-10-30 10:35:39,VZ,56.6,76,ASK
2020-10-30 10:35:40,VZ,56.6,85,BID
2020-10-30 10:35:21,VZ,56.61,32,ASK
2020-10-30 10:35:41,VZ,56.6,44,BID
2020-10-30 10:35:21,VZ,56.61,20,ASK
2020-10-30 10:35:42,VZ,56.61,59,BID
2020-10-30 10:34:56,VZ,56.62,58,ASK
2020-10-30 10:35:42,VZ,56.61,59,BID
2020-10-30 10:34:56,VZ,56.62,58,ASK
2020-10-30 10:35:42,VZ,56.61,70,BID
2020-10-30 10:30:49,VZ,56.63,71,ASK
2020-10-30 10:35:44,VZ,56.62,19,BID
2020-10-30 10:35:44,VZ,56.63,45,ASK
2020-10-30 10:35:44,VZ,56.63,14,BID
2020-10-30 10:35:44,VZ,56.64,67,ASK
2020-10-30 10:35:45,VZ,56.63,57,BID
2020-10-30 10:35:45,VZ,56.64,58,ASK
2020-10-30 10:35:45,VZ,56.64,13,BID
2020-10-30 10:29:56,VZ,56.65,49,ASK
2020-10-30 10:35:45,VZ,56.63,60,BID
2020-10-30 10:35:45,VZ,56.64,2,ASK
2020-10-30 10:35:46,VZ,56.64,31,BID
2020-10-30 10:35:46,VZ,56.65,45,ASK
2020-10-30 10:35:46,VZ,56.64,34,BID
2020-10-30 10:35:48,VZ,56.65,21,ASK
2020-10-30 10:35:50,VZ,56.65,53,BID
2020-10-30 10:35:49,VZ,56.66,14,ASK
2020-10-30 10:35:51,VZ,56.66,65,BID
2020-10-30 10:28:40,VZ,56.67,58,ASK
2020-10-30 10:35:51,VZ,56.66,45,BID
2020-10-30 10:35:52,VZ,56.66,2,ASK
2020-10-30 10:35:52,VZ,56.65,56,BID
2020-10-30 10:35:52,VZ,56.66,4,ASK
2020-10-30 10:35:53,VZ,56.65,54,BID
2020-10-30 10:35:53,VZ,56.66,19,ASK
2020-10-30 10:35:54,VZ,56.66,39,BID
2020-10-30 10:28:40,VZ,56.67,60,ASK
2020-10-30 10:35:54,VZ,56.66,50,BID
2020-10-30 10:28:40,VZ,56.67,54,ASK
2020-10-30 10:35:54,VZ,56.66,50,BID
2020-10-30 10:28:40,VZ,56.67,54,ASK
2020-10-30 10:35:54,VZ,56.66,55,BID
2020-10-30 10:28:40,VZ,56.67,54,ASK
2020-10-30 10:35:54,VZ,56.66,55,BID
2020-10-30 10:28:40,VZ,56.67,54,ASK
2020-10-30 10:35:54,VZ,56.66,55,BID
2020-10-30 10:28:40,VZ,56.67,54,ASK
2020-10-30 10:35:54,VZ,56.66,55,BID
2020-10-30 10:28:40,VZ,56.67,54,ASK
2020-10-30 10:35:54,VZ,56.66,55,BID
2020-10-30 10:28:40,VZ,56.67,54,ASK
2020-10-30 10:35:54,VZ,56.66,84,BID
2020-10-30 10:35:58,VZ,56.67,17,ASK
2020-10-30 10:35:46,VZ,56.64,26,BID
2020-10-30 10:36:01,VZ,56.65,10,ASK
2020-10-30 10:36:02,VZ,56.64,17,BID
2020-10-30 10:36:02,VZ,56.65,92,ASK
2020-10-30 10:35:46,VZ,56.63,48,BID
2020-10-30 10:36:03,VZ,56.64,29,ASK
2020-10-30 10:35:46,VZ,56.63,49,BID
2020-10-30 10:36:04,VZ,56.64,30,ASK
2020-10-30 10:36:05,VZ,56.63,61,BID
2020-10-30 10:36:05,VZ,56.64,12,ASK
2020-10-30 10:36:05,VZ,56.63,38,BID
2020-10-30 10:36:06,VZ,56.64,24,ASK
2020-10-30 10:36:06,VZ,56.63,48,BID
2020-10-30 10:36:06,VZ,56.64,16,ASK
2020-10-30 10:36:07,VZ,56.63,50,BID
2020-10-30 10:36:07,VZ,56.64,17,ASK
2020-10-30 10:36:09,VZ,56.62,37,BID
2020-10-30 10:36:09,VZ,56.63,72,ASK
2020-10-30 10:36:09,VZ,56.62,28,BID
2020-10-30 10:36:11,VZ,56.63,72,ASK
2020-10-30 10:36:09,VZ,56.62,28,BID
2020-10-30 10:36:12,VZ,56.63,72,ASK
2020-10-30 10:36:09,VZ,56.62,32,BID
2020-10-30 10:36:14,VZ,56.63,72,ASK
2020-10-30 10:35:42,VZ,56.61,41,BID
2020-10-30 10:36:14,VZ,56.62,49,ASK
2020-10-30 10:35:42,VZ,56.61,39,BID
2020-10-30 10:36:14,VZ,56.62,45,ASK
2020-10-30 10:36:15,VZ,56.61,38,BID
2020-10-30 10:36:14,VZ,56.62,42,ASK
2020-10-30 10:36:15,VZ,56.61,27,BID
2020-10-30 10:36:14,VZ,56.62,43,ASK
2020-10-30 10:36:15,VZ,56.61,25,BID
2020-10-30 10:36:14,VZ,56.62,43,ASK
2020-10-30 10:36:18,VZ,56.61,37,BID
2020-10-30 10:36:14,VZ,56.62,39,ASK
2020-10-30 10:36:18,VZ,56.61,33,BID
2020-10-30 10:36:14,VZ,56.62,39,ASK
2020-10-30 10:36:18,VZ,56.61,33,BID
2020-10-30 10:36:14,VZ,56.62,40,ASK
2020-10-30 10:35:42,VZ,56.6,61,BID
2020-10-30 10:36:21,VZ,56.61,63,ASK
2020-10-30 10:35:42,VZ,56.6,49,BID
2020-10-30 10:36:21,VZ,56.61,63,ASK
2020-10-30 10:35:42,VZ,56.6,49,BID
2020-10-30 10:36:21,VZ,56.61,63,ASK
2020-10-30 10:35:42,VZ,56.6,49,BID
2020-10-30 10:36:22,VZ,56.61,64,ASK
2020-10-30 10:36:23,VZ,56.6,36,BID
2020-10-30 10:36:23,VZ,56.61,64,ASK
2020-10-30 10:36:23,VZ,56.6,34,BID
2020-10-30 10:36:24,VZ,56.61,64,ASK
2020-10-30 10:36:24,VZ,56.6,58,BID
2020-10-30 10:36:24,VZ,56.61,64,ASK
2020-10-30 10:36:24,VZ,56.6,57,BID
2020-10-30 10:36:24,VZ,56.61,64,ASK
2020-10-30 10:36:26,VZ,56.61,47,BID
2020-10-30 10:36:14,VZ,56.62,35,ASK
2020-10-30 10:36:26,VZ,56.61,43,BID
2020-10-30 10:36:14,VZ,56.62,35,ASK
2020-10-30 10:36:26,VZ,56.61,43,BID
2020-10-30 10:36:14,VZ,56.62,35,ASK
2020-10-30 10:36:29,VZ,56.61,44,BID
2020-10-30 10:36:14,VZ,56.62,35,ASK
2020-10-30 10:36:29,VZ,56.61,99,BID
2020-10-30 10:36:30,VZ,56.62,2,ASK
2020-10-30 10:36:29,VZ,56.61,93,BID
2020-10-30 10:36:31,VZ,56.62,16,ASK
2020-10-30 10:36:29,VZ,56.61,93,BID
2020-10-30 10:36:31,VZ,56.62,20,ASK
2020-10-30 10:36:26,VZ,56.6,85,BID
2020-10-30 10:36:31,VZ,56.61,54,ASK
2020-10-30 10:36:32,VZ,56.6,46,BID
2020-10-30 10:36:32,VZ,56.61,62,ASK
2020-10-30 10:36:32,VZ,56.6,52,BID
2020-10-30 10:36:32,VZ,56.61,62,ASK
2020-10-30 10:36:32,VZ,56.6,57,BID
2020-10-30 10:36:34,VZ,56.61,64,ASK
2020-10-30 10:36:36,VZ,56.61,68,BID
2020-10-30 10:36:36,VZ,56.62,1,ASK
2020-10-30 10:36:37,VZ,56.61,50,BID
2020-10-30 10:36:37,VZ,56.62,14,ASK
2020-10-30 10:36:38,VZ,56.61,46,BID
2020-10-30 10:36:37,VZ,56.62,14,ASK
2020-10-30 10:36:37,VZ,56.61,51,BID
2020-10-30 10:36:39,VZ,56.62,14,ASK
2020-10-30 10:36:40,VZ,56.61,48,BID
2020-10-30 10:36:39,VZ,56.62,18,ASK
2020-10-30 10:36:41,VZ,56.61,34,BID
2020-10-30 10:36:39,VZ,56.62,19,ASK
2020-10-30 10:36:43,VZ,56.61,43,BID
2020-10-30 10:36:39,VZ,56.62,19,ASK
2020-10-30 10:36:44,VZ,56.61,34,BID
2020-10-30 10:36:39,VZ,56.62,23,ASK
2020-10-30 10:36:44,VZ,56.61,50,BID
2020-10-30 10:36:39,VZ,56.62,20,ASK
2020-10-30 10:36:45,VZ,56.61,50,BID
2020-10-30 10:36:39,VZ,56.62,20,ASK
2020-10-30 10:36:46,VZ,56.61,50,BID
2020-10-30 10:36:39,VZ,56.62,24,ASK
2020-10-30 10:36:46,VZ,56.61,49,BID
2020-10-30 10:36:39,VZ,56.62,21,ASK
2020-10-30 10:36:46,VZ,56.61,49,BID
2020-10-30 10:36:39,VZ,56.62,19,ASK
2020-10-30 10:36:47,VZ,56.61,48,BID
2020-10-30 10:36:39,VZ,56.62,25,ASK
2020-10-30 10:36:47,VZ,56.61,48,BID
2020-10-30 10:36:39,VZ,56.62,25,ASK
2020-10-30 10:36:49,VZ,56.61,48,BID
2020-10-30 10:36:39,VZ,56.62,23,ASK
2020-10-30 10:36:51,VZ,56.61,49,BID
2020-10-30 10:36:39,VZ,56.62,18,ASK
2020-10-30 10:36:51,VZ,56.62,25,BID
2020-10-30 10:36:08,VZ,56.63,87,ASK
2020-10-30 10:36:52,VZ,56.62,43,BID
2020-10-30 10:36:52,VZ,56.63,85,ASK
2020-10-30 10:36:52,VZ,56.62,64,BID
2020-10-30 10:36:06,VZ,56.64,24,ASK
2020-10-30 10:36:52,VZ,56.62,30,BID
2020-10-30 10:36:54,VZ,56.63,71,ASK
2020-10-30 10:36:52,VZ,56.62,26,BID
2020-10-30 10:36:54,VZ,56.63,77,ASK
2020-10-30 10:36:55,VZ,56.62,75,BID
2020-10-30 10:36:55,VZ,56.63,71,ASK
2020-10-30 10:36:55,VZ,56.63,60,BID
2020-10-30 10:36:06,VZ,56.64,24,ASK
2020-10-30 10:36:56,VZ,56.63,60,BID
2020-10-30 10:36:06,VZ,56.64,27,ASK
2020-10-30 10:36:56,VZ,56.63,59,BID
2020-10-30 10:36:06,VZ,56.64,28,ASK
2020-10-30 10:36:57,VZ,56.63,59,BID
2020-10-30 10:36:06,VZ,56.64,32,ASK
2020-10-30 10:36:59,VZ,56.63,56,BID
2020-10-30 10:36:57,VZ,56.64,57,ASK
2020-10-30 10:37:00,VZ,56.63,56,BID
2020-10-30 10:36:57,VZ,56.64,57,ASK
2020-10-30 10:37:01,VZ,56.63,56,BID
2020-10-30 10:36:57,VZ,56.64,50,ASK
2020-10-30 10:37:01,VZ,56.63,55,BID
2020-10-30 10:37:01,VZ,56.64,66,ASK
2020-10-30 10:37:02,VZ,56.63,55,BID
2020-10-30 10:37:01,VZ,56.64,62,ASK
2020-10-30 10:36:55,VZ,56.62,41,BID
2020-10-30 10:37:03,VZ,56.63,78,ASK
2020-10-30 10:36:55,VZ,56.62,25,BID
2020-10-30 10:37:04,VZ,56.63,73,ASK
2020-10-30 10:36:51,VZ,56.61,44,BID
2020-10-30 10:37:05,VZ,56.62,92,ASK
2020-10-30 10:36:51,VZ,56.61,52,BID
2020-10-30 10:37:05,VZ,56.62,70,ASK
2020-10-30 10:36:51,VZ,56.61,49,BID
2020-10-30 10:37:06,VZ,56.62,70,ASK
2020-10-30 10:36:51,VZ,56.61,48,BID
2020-10-30 10:37:07,VZ,56.62,68,ASK
2020-10-30 10:36:51,VZ,56.61,47,BID
2020-10-30 10:37:08,VZ,56.62,71,ASK
2020-10-30 10:37:09,VZ,56.61,31,BID
2020-10-30 10:37:09,VZ,56.62,72,ASK
2020-10-30 10:37:10,VZ,56.61,35,BID
2020-10-30 10:37:10,VZ,56.62,78,ASK
2020-10-30 10:37:11,VZ,56.61,35,BID
2020-10-30 10:37:11,VZ,56.62,80,ASK
2020-10-30 10:37:12,VZ,56.6,50,BID
2020-10-30 10:37:12,VZ,56.61,36,ASK
2020-10-30 10:37:12,VZ,56.6,34,BID
2020-10-30 10:37:13,VZ,56.61,42,ASK
2020-10-30 10:37:12,VZ,56.6,31,BID
2020-10-30 10:37:13,VZ,56.61,44,ASK
2020-10-30 10:37:12,VZ,56.6,30,BID
2020-10-30 10:37:13,VZ,56.61,49,ASK
2020-10-30 10:37:15,VZ,56.59,66,BID
2020-10-30 10:37:15,VZ,56.6,70,ASK
2020-10-30 10:37:16,VZ,56.6,48,BID
2020-10-30 10:37:16,VZ,56.61,56,ASK
2020-10-30 10:37:16,VZ,56.6,48,BID
2020-10-30 10:37:17,VZ,56.61,45,ASK
2020-10-30 10:37:16,VZ,56.6,41,BID
2020-10-30 10:37:18,VZ,56.61,55,ASK
2020-10-30 10:37:16,VZ,56.6,31,BID
2020-10-30 10:37:19,VZ,56.61,55,ASK
2020-10-30 10:37:21,VZ,56.6,22,BID
2020-10-30 10:37:21,VZ,56.61,84,ASK
2020-10-30 10:37:21,VZ,56.6,23,BID
2020-10-30 10:37:21,VZ,56.61,70,ASK
2020-10-30 10:37:21,VZ,56.6,48,BID
2020-10-30 10:37:21,VZ,56.61,68,ASK
2020-10-30 10:37:21,VZ,56.6,48,BID
2020-10-30 10:37:21,VZ,56.61,68,ASK
2020-10-30 10:37:21,VZ,56.6,47,BID
2020-10-30 10:37:21,VZ,56.61,69,ASK
2020-10-30 10:37:21,VZ,56.6,47,BID
2020-10-30 10:37:24,VZ,56.61,58,ASK
2020-10-30 10:37:21,VZ,56.6,29,BID
2020-10-30 10:37:24,VZ,56.61,59,ASK
2020-10-30 10:37:21,VZ,56.6,55,BID
2020-10-30 10:37:24,VZ,56.61,58,ASK
2020-10-30 10:37:21,VZ,56.6,69,BID
2020-10-30 10:37:24,VZ,56.61,58,ASK
2020-10-30 10:37:21,VZ,56.6,69,BID
2020-10-30 10:37:24,VZ,56.61,58,ASK
2020-10-30 10:37:21,VZ,56.6,61,BID
2020-10-30 10:37:24,VZ,56.61,58,ASK
2020-10-30 10:37:30,VZ,56.61,38,BID
2020-10-30 10:37:30,VZ,56.62,55,ASK
2020-10-30 10:37:26,VZ,56.6,70,BID
2020-10-30 10:37:30,VZ,56.61,24,ASK
2020-10-30 10:37:26,VZ,56.6,68,BID
2020-10-30 10:37:31,VZ,56.61,16,ASK
2020-10-30 10:37:26,VZ,56.6,68,BID
2020-10-30 10:37:32,VZ,56.61,12,ASK
2020-10-30 10:37:26,VZ,56.6,68,BID
2020-10-30 10:37:32,VZ,56.61,12,ASK
2020-10-30 10:37:34,VZ,56.61,41,BID
2020-10-30 10:37:34,VZ,56.62,38,ASK
2020-10-30 10:37:34,VZ,56.61,41,BID
2020-10-30 10:37:34,VZ,56.62,35,ASK
2020-10-30 10:37:34,VZ,56.61,41,BID
2020-10-30 10:37:34,VZ,56.62,35,ASK
2020-10-30 10:37:34,VZ,56.61,41,BID
2020-10-30 10:37:34,VZ,56.62,35,ASK
2020-10-30 10:37:34,VZ,56.61,60,BID
2020-10-30 10:37:34,VZ,56.62,33,ASK
2020-10-30 10:37:37,VZ,56.62,62,BID
2020-10-30 10:37:37,VZ,56.63,44,ASK
2020-10-30 10:37:38,VZ,56.62,58,BID
2020-10-30 10:37:38,VZ,56.63,42,ASK
2020-10-30 10:37:39,VZ,56.62,61,BID
2020-10-30 10:37:39,VZ,56.63,42,ASK
2020-10-30 10:37:39,VZ,56.62,59,BID
2020-10-30 10:37:39,VZ,56.63,41,ASK
2020-10-30 10:37:40,VZ,56.63,63,BID
2020-10-30 10:37:02,VZ,56.64,49,ASK
2020-10-30 10:37:41,VZ,56.63,16,BID
2020-10-30 10:37:02,VZ,56.64,48,ASK
2020-10-30 10:37:42,VZ,56.63,19,BID
2020-10-30 10:37:02,VZ,56.64,46,ASK
2020-10-30 10:37:43,VZ,56.63,21,BID
2020-10-30 10:37:02,VZ,56.64,47,ASK
2020-10-30 10:37:45,VZ,56.63,21,BID
2020-10-30 10:37:02,VZ,56.64,47,ASK
2020-10-30 10:37:45,VZ,56.63,21,BID
2020-10-30 10:37:02,VZ,56.64,44,ASK
2020-10-30 10:37:46,VZ,56.63,51,BID
2020-10-30 10:37:02,VZ,56.64,32,ASK
2020-10-30 10:37:47,VZ,56.64,41,BID
2020-10-30 10:37:46,VZ,56.65,31,ASK
2020-10-30 10:37:47,VZ,56.64,50,BID
2020-10-30 10:37:47,VZ,56.65,26,ASK
2020-10-30 10:37:47,VZ,56.64,81,BID
2020-10-30 10:37:47,VZ,56.65,12,ASK
2020-10-30 10:37:49,VZ,56.64,58,BID
2020-10-30 10:37:47,VZ,56.65,26,ASK
2020-10-30 10:37:50,VZ,56.64,57,BID
2020-10-30 10:37:47,VZ,56.65,23,ASK
2020-10-30 10:37:51,VZ,56.63,12,BID
2020-10-30 10:37:51,VZ,56.64,99,ASK
2020-10-30 10:37:51,VZ,56.62,48,BID
2020-10-30 10:37:51,VZ,56.63,43,ASK
2020-10-30 10:37:52,VZ,56.62,73,BID
2020-10-30 10:37:51,VZ,56.63,31,ASK
2020-10-30 10:37:53,VZ,56.63,24,BID
2020-10-30 10:37:52,VZ,56.64,81,ASK
2020-10-30 10:37:53,VZ,56.63,18,BID
2020-10-30 10:37:53,VZ,56.64,70,ASK
2020-10-30 10:37:53,VZ,56.63,17,BID
2020-10-30 10:37:47,VZ,56.65,75,ASK
2020-10-30 10:37:53,VZ,56.63,19,BID
2020-10-30 10:37:47,VZ,56.65,74,ASK
2020-10-30 10:37:55,VZ,56.64,11,BID
2020-10-30 10:37:47,VZ,56.65,73,ASK
2020-10-30 10:37:55,VZ,56.63,13,BID
2020-10-30 10:37:55,VZ,56.64,20,ASK
2020-10-30 10:37:55,VZ,56.63,25,BID
2020-10-30 10:37:56,VZ,56.64,14,ASK
2020-10-30 10:37:57,VZ,56.63,24,BID
2020-10-30 10:37:56,VZ,56.64,18,ASK
2020-10-30 10:37:57,VZ,56.63,34,BID
2020-10-30 10:37:57,VZ,56.64,23,ASK
2020-10-30 10:37:57,VZ,56.63,38,BID
2020-10-30 10:37:57,VZ,56.64,18,ASK
2020-10-30 10:37:57,VZ,56.63,35,BID
2020-10-30 10:37:57,VZ,56.64,18,ASK
2020-10-30 10:37:57,VZ,56.63,41,BID
2020-10-30 10:37:57,VZ,56.64,16,ASK
2020-10-30 10:37:57,VZ,56.63,42,BID
2020-10-30 10:37:57,VZ,56.64,16,ASK
2020-10-30 10:38:02,VZ,56.64,31,BID
2020-10-30 10:37:47,VZ,56.65,51,ASK
2020-10-30 10:38:03,VZ,56.64,42,BID
2020-10-30 10:37:47,VZ,56.65,32,ASK
2020-10-30 10:38:03,VZ,56.64,36,BID
2020-10-30 10:38:04,VZ,56.65,22,ASK
2020-10-30 10:38:03,VZ,56.64,49,BID
2020-10-30 10:38:04,VZ,56.65,24,ASK
2020-10-30 10:38:03,VZ,56.64,59,BID
2020-10-30 10:38:04,VZ,56.65,22,ASK
2020-10-30 10:38:03,VZ,56.64,36,BID
2020-10-30 10:38:06,VZ,56.65,35,ASK
2020-10-30 10:37:57,VZ,56.63,66,BID
2020-10-30 10:38:07,VZ,56.64,16,ASK
2020-10-30 10:37:57,VZ,56.63,73,BID
2020-10-30 10:38:08,VZ,56.64,20,ASK
2020-10-30 10:37:57,VZ,56.63,59,BID
2020-10-30 10:38:08,VZ,56.64,22,ASK
2020-10-30 10:37:57,VZ,56.63,59,BID
2020-10-30 10:38:09,VZ,56.64,21,ASK
2020-10-30 10:38:12,VZ,56.62,51,BID
2020-10-30 10:38:12,VZ,56.63,62,ASK
2020-10-30 10:38:12,VZ,56.62,35,BID
2020-10-30 10:38:12,VZ,56.63,48,ASK
2020-10-30 10:37:34,VZ,56.61,59,BID
2020-10-30 10:38:13,VZ,56.62,52,ASK
2020-10-30 10:37:34,VZ,56.61,46,BID
2020-10-30 10:38:14,VZ,56.62,55,ASK
2020-10-30 10:37:34,VZ,56.61,45,BID
2020-10-30 10:38:14,VZ,56.62,55,ASK
2020-10-30 10:37:34,VZ,56.61,53,BID
2020-10-30 10:38:16,VZ,56.62,52,ASK
2020-10-30 10:37:34,VZ,56.61,38,BID
2020-10-30 10:38:16,VZ,56.62,58,ASK
2020-10-30 10:37:26,VZ,56.6,41,BID
2020-10-30 10:38:17,VZ,56.61,54,ASK
2020-10-30 10:37:26,VZ,56.6,37,BID
2020-10-30 10:38:18,VZ,56.61,62,ASK
2020-10-30 10:37:26,VZ,56.6,48,BID
2020-10-30 10:38:19,VZ,56.61,59,ASK
2020-10-30 10:37:26,VZ,56.6,67,BID
2020-10-30 10:38:20,VZ,56.61,53,ASK
2020-10-30 10:37:26,VZ,56.6,67,BID
2020-10-30 10:38:20,VZ,56.61,53,ASK
2020-10-30 10:37:26,VZ,56.6,65,BID
2020-10-30 10:38:22,VZ,56.61,48,ASK
2020-10-30 10:37:26,VZ,56.6,65,BID
2020-10-30 10:38:22,VZ,56.61,48,ASK
2020-10-30 10:37:26,VZ,56.6,39,BID
2020-10-30 10:38:22,VZ,56.61,59,ASK
2020-10-30 10:38:27,VZ,56.6,39,BID
2020-10-30 10:38:26,VZ,56.61,62,ASK
2020-10-30 10:38:27,VZ,56.6,38,BID
2020-10-30 10:38:26,VZ,56.61,62,ASK
2020-10-30 10:38:27,VZ,56.6,38,BID
2020-10-30 10:38:26,VZ,56.61,62,ASK
2020-10-30 10:38:31,VZ,56.6,59,BID
2020-10-30 10:38:31,VZ,56.61,53,ASK
2020-10-30 10:38:32,VZ,56.6,42,BID
2020-10-30 10:38:31,VZ,56.61,53,ASK
2020-10-30 10:38:32,VZ,56.6,33,BID
2020-10-30 10:38:32,VZ,56.61,63,ASK
2020-10-30 10:38:32,VZ,56.6,32,BID
2020-10-30 10:38:32,VZ,56.61,67,ASK
2020-10-30 10:37:15,VZ,56.59,39,BID
2020-10-30 10:38:35,VZ,56.6,27,ASK
2020-10-30 10:35:40,VZ,56.58,66,BID
2020-10-30 10:38:36,VZ,56.59,30,ASK
2020-10-30 10:35:40,VZ,56.58,74,BID
2020-10-30 10:38:37,VZ,56.59,35,ASK
2020-10-30 10:35:40,VZ,56.58,74,BID
2020-10-30 10:38:37,VZ,56.59,35,ASK
2020-10-30 10:35:40,VZ,56.58,74,BID
2020-10-30 10:38:37,VZ,56.59,35,ASK
2020-10-30 10:35:40,VZ,56.58,76,BID
2020-10-30 10:38:37,VZ,56.59,35,ASK
2020-10-30 10:38:40,VZ,56.59,117,BID
2020-10-30 10:38:39,VZ,56.6,46,ASK
2020-10-30 10:38:40,VZ,56.59,103,BID
2020-10-30 10:38:39,VZ,56.6,46,ASK
2020-10-30 10:38:41,VZ,56.59,107,BID
2020-10-30 10:38:39,VZ,56.6,46,ASK
2020-10-30 10:38:43,VZ,56.6,89,BID
2020-10-30 10:38:32,VZ,56.61,43,ASK
2020-10-30 10:38:44,VZ,56.6,92,BID
2020-10-30 10:38:32,VZ,56.61,26,ASK
2020-10-30 10:38:46,VZ,56.6,92,BID
2020-10-30 10:38:32,VZ,56.61,27,ASK
2020-10-30 10:38:47,VZ,56.6,95,BID
2020-10-30 10:38:32,VZ,56.61,27,ASK
2020-10-30 10:38:48,VZ,56.6,100,BID
2020-10-30 10:38:32,VZ,56.61,27,ASK
2020-10-30 10:38:50,VZ,56.6,97,BID
2020-10-30 10:38:32,VZ,56.61,25,ASK
2020-10-30 10:38:50,VZ,56.61,86,BID
2020-10-30 10:38:16,VZ,56.62,48,ASK
2020-10-30 10:38:50,VZ,56.62,78,BID
2020-10-30 10:38:50,VZ,56.63,63,ASK
2020-10-30 10:38:51,VZ,56.63,35,BID
2020-10-30 10:38:08,VZ,56.64,25,ASK
2020-10-30 10:38:51,VZ,56.63,45,BID
2020-10-30 10:38:51,VZ,56.64,16,ASK
2020-10-30 10:38:51,VZ,56.63,46,BID
2020-10-30 10:38:51,VZ,56.64,18,ASK
2020-10-30 10:38:51,VZ,56.63,43,BID
2020-10-30 10:38:52,VZ,56.64,17,ASK
2020-10-30 10:38:51,VZ,56.63,42,BID
2020-10-30 10:38:52,VZ,56.64,17,ASK
2020-10-30 10:38:51,VZ,56.63,53,BID
2020-10-30 10:38:52,VZ,56.64,17,ASK
2020-10-30 10:38:51,VZ,56.63,45,BID
2020-10-30 10:38:52,VZ,56.64,17,ASK
2020-10-30 10:38:57,VZ,56.64,17,BID
2020-10-30 10:38:56,VZ,56.65,57,ASK
2020-10-30 10:38:51,VZ,56.63,49,BID
2020-10-30 10:38:57,VZ,56.64,14,ASK
2020-10-30 10:38:58,VZ,56.63,35,BID
2020-10-30 10:38:58,VZ,56.64,28,ASK
2020-10-30 10:38:58,VZ,56.63,30,BID
2020-10-30 10:39:00,VZ,56.64,33,ASK
2020-10-30 10:38:58,VZ,56.63,39,BID
2020-10-30 10:39:00,VZ,56.64,28,ASK
2020-10-30 10:38:58,VZ,56.63,41,BID
2020-10-30 10:39:01,VZ,56.64,43,ASK
2020-10-30 10:38:58,VZ,56.63,119,BID
2020-10-30 10:39:01,VZ,56.64,30,ASK
2020-10-30 10:38:58,VZ,56.63,96,BID
2020-10-30 10:39:01,VZ,56.64,30,ASK
2020-10-30 10:38:58,VZ,56.63,119,BID
2020-10-30 10:39:01,VZ,56.64,30,ASK
2020-10-30 10:38:58,VZ,56.63,106,BID
2020-10-30 10:39:01,VZ,56.64,30,ASK
2020-10-30 10:38:58,VZ,56.63,95,BID
2020-10-30 10:39:01,VZ,56.64,31,ASK
2020-10-30 10:38:58,VZ,56.63,107,BID
2020-10-30 10:39:01,VZ,56.64,28,ASK
2020-10-30 10:38:58,VZ,56.63,96,BID
2020-10-30 10:39:07,VZ,56.65,58,ASK
2020-10-30 10:38:58,VZ,56.63,100,BID
2020-10-30 10:39:09,VZ,56.64,16,ASK
2020-10-30 10:38:58,VZ,56.63,81,BID
2020-10-30 10:39:10,VZ,56.64,23,ASK
2020-10-30 10:38:58,VZ,56.63,81,BID
2020-10-30 10:39:10,VZ,56.64,23,ASK
2020-10-30 10:38:58,VZ,56.63,68,BID
2020-10-30 10:39:10,VZ,56.64,29,ASK
2020-10-30 10:38:58,VZ,56.63,68,BID
2020-10-30 10:39:10,VZ,56.64,26,ASK
2020-10-30 10:38:58,VZ,56.63,76,BID
2020-10-30 10:39:10,VZ,56.64,25,ASK
2020-10-30 10:38:58,VZ,56.63,85,BID
2020-10-30 10:39:10,VZ,56.64,23,ASK
2020-10-30 10:38:58,VZ,56.63,80,BID
2020-10-30 10:39:10,VZ,56.64,23,ASK
2020-10-30 10:38:58,VZ,56.63,79,BID
2020-10-30 10:39:10,VZ,56.64,14,ASK
2020-10-30 10:38:58,VZ,56.63,85,BID
2020-10-30 10:39:20,VZ,56.64,8,ASK
2020-10-30 10:39:22,VZ,56.63,38,BID
2020-10-30 10:39:20,VZ,56.64,26,ASK
2020-10-30 10:39:24,VZ,56.63,29,BID
2020-10-30 10:39:24,VZ,56.64,66,ASK
2020-10-30 10:39:26,VZ,56.63,42,BID
2020-10-30 10:39:24,VZ,56.64,58,ASK
2020-10-30 10:39:27,VZ,56.63,35,BID
2020-10-30 10:39:24,VZ,56.64,63,ASK
2020-10-30 10:39:28,VZ,56.63,37,BID
2020-10-30 10:39:29,VZ,56.63,1,ASK
2020-10-30 10:39:29,VZ,56.62,29,BID
2020-10-30 10:39:29,VZ,56.63,15,ASK
2020-10-30 10:39:30,VZ,56.62,11,BID
2020-10-30 10:39:30,VZ,56.63,33,ASK
2020-10-30 10:39:31,VZ,56.62,27,BID
2020-10-30 10:39:32,VZ,56.63,19,ASK
2020-10-30 10:39:32,VZ,56.62,43,BID
2020-10-30 10:39:32,VZ,56.63,19,ASK
2020-10-30 10:39:32,VZ,56.62,43,BID
2020-10-30 10:39:32,VZ,56.63,19,ASK
2020-10-30 10:39:33,VZ,56.62,33,BID
2020-10-30 10:39:33,VZ,56.63,19,ASK
2020-10-30 10:38:50,VZ,56.61,85,BID
2020-10-30 10:39:35,VZ,56.62,45,ASK
2020-10-30 10:38:50,VZ,56.61,59,BID
2020-10-30 10:39:35,VZ,56.62,41,ASK
2020-10-30 10:39:38,VZ,56.62,39,BID
2020-10-30 10:39:38,VZ,56.63,19,ASK
2020-10-30 10:39:37,VZ,56.61,95,BID
2020-10-30 10:39:39,VZ,56.62,7,ASK
2020-10-30 10:39:41,VZ,56.62,40,BID
2020-10-30 10:39:41,VZ,56.63,19,ASK
2020-10-30 10:39:41,VZ,56.62,39,BID
2020-10-30 10:39:41,VZ,56.63,19,ASK
2020-10-30 10:39:42,VZ,56.62,52,BID
2020-10-30 10:39:42,VZ,56.63,17,ASK
2020-10-30 10:39:45,VZ,56.62,45,BID
2020-10-30 10:39:45,VZ,56.63,16,ASK
2020-10-30 10:39:45,VZ,56.62,45,BID
2020-10-30 10:39:45,VZ,56.63,16,ASK
2020-10-30 10:39:45,VZ,56.62,45,BID
2020-10-30 10:39:45,VZ,56.63,16,ASK
2020-10-30 10:39:45,VZ,56.62,45,BID
2020-10-30 10:39:45,VZ,56.63,16,ASK
2020-10-30 10:39:45,VZ,56.62,45,BID
2020-10-30 10:39:45,VZ,56.63,16,ASK
2020-10-30 10:39:48,VZ,56.62,46,BID
2020-10-30 10:39:48,VZ,56.63,16,ASK
2020-10-30 10:39:49,VZ,56.62,27,BID
2020-10-30 10:39:49,VZ,56.63,20,ASK
2020-10-30 10:39:52,VZ,56.62,30,BID
2020-10-30 10:39:52,VZ,56.63,16,ASK
2020-10-30 10:39:37,VZ,56.61,74,BID
2020-10-30 10:39:54,VZ,56.62,55,ASK
2020-10-30 10:39:37,VZ,56.61,82,BID
2020-10-30 10:39:55,VZ,56.62,29,ASK
2020-10-30 10:39:37,VZ,56.61,71,BID
2020-10-30 10:39:55,VZ,56.62,31,ASK
2020-10-30 10:39:37,VZ,56.61,72,BID
2020-10-30 10:39:55,VZ,56.62,32,ASK
2020-10-30 10:39:37,VZ,56.61,61,BID
2020-10-30 10:39:55,VZ,56.62,47,ASK
2020-10-30 10:39:37,VZ,56.61,56,BID
2020-10-30 10:39:55,VZ,56.62,65,ASK
2020-10-30 10:38:43,VZ,56.6,77,BID
2020-10-30 10:40:00,VZ,56.61,41,ASK
2020-10-30 10:40:00,VZ,56.6,52,BID
2020-10-30 10:40:00,VZ,56.61,41,ASK
2020-10-30 10:40:00,VZ,56.6,53,BID
2020-10-30 10:40:00,VZ,56.61,36,ASK
2020-10-30 10:40:00,VZ,56.6,53,BID
2020-10-30 10:40:00,VZ,56.61,36,ASK
2020-10-30 10:40:00,VZ,56.6,54,BID
2020-10-30 10:40:00,VZ,56.61,53,ASK
2020-10-30 10:40:00,VZ,56.6,53,BID
2020-10-30 10:40:00,VZ,56.61,53,ASK
2020-10-30 10:40:00,VZ,56.6,53,BID
2020-10-30 10:40:00,VZ,56.61,53,ASK
2020-10-30 10:40:00,VZ,56.6,53,BID
2020-10-30 10:40:00,VZ,56.61,53,ASK
2020-10-30 10:40:01,VZ,56.6,38,BID
2020-10-30 10:40:00,VZ,56.61,57,ASK
2020-10-30 10:40:02,VZ,56.59,63,BID
2020-10-30 10:40:02,VZ,56.6,62,ASK
2020-10-30 10:40:03,VZ,56.58,46,BID
2020-10-30 10:40:02,VZ,56.59,73,ASK
2020-10-30 10:40:03,VZ,56.56,36,BID
2020-10-30 10:40:03,VZ,56.57,15,ASK
2020-10-30 10:40:05,VZ,56.57,24,BID
2020-10-30 10:40:04,VZ,56.58,68,ASK
2020-10-30 10:40:07,VZ,56.57,17,BID
2020-10-30 10:40:04,VZ,56.58,46,ASK
2020-10-30 10:40:07,VZ,56.57,15,BID
2020-10-30 10:40:04,VZ,56.58,51,ASK
2020-10-30 10:40:07,VZ,56.57,17,BID
2020-10-30 10:40:04,VZ,56.58,52,ASK
2020-10-30 10:40:07,VZ,56.57,43,BID
2020-10-30 10:40:04,VZ,56.58,33,ASK
2020-10-30 10:40:07,VZ,56.57,43,BID
2020-10-30 10:40:04,VZ,56.58,33,ASK
2020-10-30 10:40:07,VZ,56.57,19,BID
2020-10-30 10:40:04,VZ,56.58,49,ASK
2020-10-30 10:40:07,VZ,56.57,44,BID
2020-10-30 10:40:04,VZ,56.58,32,ASK
2020-10-30 10:40:03,VZ,56.56,21,BID
2020-10-30 10:40:13,VZ,56.57,17,ASK
2020-10-30 10:40:03,VZ,56.56,12,BID
2020-10-30 10:40:13,VZ,56.57,32,ASK
2020-10-30 10:34:14,VZ,56.55,91,BID
2020-10-30 10:40:14,VZ,56.56,72,ASK
2020-10-30 10:34:14,VZ,56.55,91,BID
2020-10-30 10:40:14,VZ,56.56,11,ASK
2020-10-30 10:40:17,VZ,56.56,11,BID
2020-10-30 10:40:17,VZ,56.57,43,ASK
2020-10-30 10:40:17,VZ,56.56,18,BID
2020-10-30 10:40:17,VZ,56.57,34,ASK
2020-10-30 10:40:17,VZ,56.56,14,BID
2020-10-30 10:40:17,VZ,56.57,45,ASK
2020-10-30 10:40:17,VZ,56.56,28,BID
2020-10-30 10:40:17,VZ,56.57,31,ASK
2020-10-30 10:40:17,VZ,56.56,28,BID
2020-10-30 10:40:17,VZ,56.57,31,ASK
2020-10-30 10:40:17,VZ,56.56,28,BID
2020-10-30 10:40:17,VZ,56.57,31,ASK
2020-10-30 10:40:17,VZ,56.56,28,BID
2020-10-30 10:40:17,VZ,56.57,31,ASK
2020-10-30 10:40:17,VZ,56.56,28,BID
2020-10-30 10:40:17,VZ,56.57,31,ASK
2020-10-30 10:40:19,VZ,56.56,13,BID
2020-10-30 10:40:19,VZ,56.57,47,ASK
2020-10-30 10:40:17,VZ,56.56,13,BID
2020-10-30 10:40:19,VZ,56.57,45,ASK
2020-10-30 10:40:25,VZ,56.57,22,BID
2020-10-30 10:40:24,VZ,56.58,48,ASK
2020-10-30 10:40:25,VZ,56.57,34,BID
2020-10-30 10:40:24,VZ,56.58,44,ASK
2020-10-30 10:40:19,VZ,56.56,18,BID
2020-10-30 10:40:31,VZ,56.57,113,ASK
2020-10-30 10:34:14,VZ,56.55,92,BID
2020-10-30 10:40:32,VZ,56.56,9,ASK
2020-10-30 10:40:32,VZ,56.56,12,BID
2020-10-30 10:40:32,VZ,56.57,72,ASK
2020-10-30 10:40:33,VZ,56.56,6,BID
2020-10-30 10:40:33,VZ,56.57,65,ASK
2020-10-30 10:34:14,VZ,56.55,91,BID
2020-10-30 10:40:34,VZ,56.56,9,ASK
2020-10-30 10:34:14,VZ,56.55,88,BID
2020-10-30 10:40:34,VZ,56.56,18,ASK
2020-10-30 10:34:14,VZ,56.55,88,BID
2020-10-30 10:40:34,VZ,56.56,21,ASK
2020-10-30 10:40:37,VZ,56.56,9,BID
2020-10-30 10:40:37,VZ,56.57,71,ASK
2020-10-30 10:40:38,VZ,56.56,19,BID
2020-10-30 10:40:38,VZ,56.57,67,ASK
2020-10-30 10:40:39,VZ,56.56,27,BID
2020-10-30 10:40:40,VZ,56.57,32,ASK
2020-10-30 10:40:39,VZ,56.56,19,BID
2020-10-30 10:40:40,VZ,56.57,46,ASK
2020-10-30 10:40:39,VZ,56.56,18,BID
2020-10-30 10:40:41,VZ,56.57,46,ASK
2020-10-30 10:40:39,VZ,56.56,18,BID
2020-10-30 10:40:42,VZ,56.57,49,ASK
2020-10-30 10:40:39,VZ,56.56,21,BID
2020-10-30 10:40:45,VZ,56.57,32,ASK
2020-10-30 10:40:39,VZ,56.56,48,BID
2020-10-30 10:40:45,VZ,56.57,30,ASK
2020-10-30 10:40:39,VZ,56.56,32,BID
2020-10-30 10:40:46,VZ,56.57,38,ASK
2020-10-30 10:40:39,VZ,56.56,32,BID
2020-10-30 10:40:46,VZ,56.57,38,ASK
2020-10-30 10:40:39,VZ,56.56,33,BID
2020-10-30 10:40:49,VZ,56.57,38,ASK
2020-10-30 10:40:39,VZ,56.56,33,BID
2020-10-30 10:40:49,VZ,56.57,38,ASK
2020-10-30 10:40:39,VZ,56.56,32,BID
2020-10-30 10:40:49,VZ,56.57,42,ASK
2020-10-30 10:40:39,VZ,56.56,43,BID
2020-10-30 10:40:49,VZ,56.57,38,ASK
2020-10-30 10:40:39,VZ,56.56,32,BID
2020-10-30 10:40:49,VZ,56.57,40,ASK
2020-10-30 10:40:39,VZ,56.56,42,BID
2020-10-30 10:40:49,VZ,56.57,37,ASK
2020-10-30 10:40:55,VZ,56.57,14,BID
2020-10-30 10:40:31,VZ,56.58,73,ASK
2020-10-30 10:40:56,VZ,56.57,27,BID
2020-10-30 10:40:31,VZ,56.58,62,ASK
2020-10-30 10:40:56,VZ,56.57,27,BID
2020-10-30 10:40:31,VZ,56.58,62,ASK
2020-10-30 10:40:56,VZ,56.57,27,BID
2020-10-30 10:40:31,VZ,56.58,60,ASK
2020-10-30 10:40:56,VZ,56.57,20,BID
2020-10-30 10:40:31,VZ,56.58,79,ASK
2020-10-30 10:40:39,VZ,56.56,23,BID
2020-10-30 10:41:00,VZ,56.57,77,ASK
2020-10-30 10:40:39,VZ,56.56,62,BID
2020-10-30 10:41:02,VZ,56.57,30,ASK
2020-10-30 10:40:39,VZ,56.56,45,BID
2020-10-30 10:41:02,VZ,56.57,35,ASK
2020-10-30 10:40:39,VZ,56.56,43,BID
2020-10-30 10:41:03,VZ,56.57,34,ASK
2020-10-30 10:40:39,VZ,56.56,52,BID
2020-10-30 10:41:04,VZ,56.57,34,ASK
2020-10-30 10:40:39,VZ,56.56,42,BID
2020-10-30 10:41:04,VZ,56.57,37,ASK
2020-10-30 10:41:06,VZ,56.55,47,BID
2020-10-30 10:41:06,VZ,56.56,19,ASK
2020-10-30 10:41:06,VZ,56.55,59,BID
2020-10-30 10:41:07,VZ,56.56,28,ASK
2020-10-30 10:41:06,VZ,56.55,59,BID
2020-10-30 10:41:08,VZ,56.56,24,ASK
2020-10-30 10:41:06,VZ,56.55,59,BID
2020-10-30 10:41:08,VZ,56.56,27,ASK
2020-10-30 10:41:06,VZ,56.55,61,BID
2020-10-30 10:41:10,VZ,56.56,32,ASK
2020-10-30 10:41:06,VZ,56.55,61,BID
2020-10-30 10:41:10,VZ,56.56,28,ASK
2020-10-30 10:41:06,VZ,56.55,61,BID
2020-10-30 10:41:10,VZ,56.56,28,ASK
2020-10-30 10:41:06,VZ,56.55,59,BID
2020-10-30 10:41:10,VZ,56.56,35,ASK
2020-10-30 10:41:16,VZ,56.54,21,BID
2020-10-30 10:41:16,VZ,56.55,63,ASK
2020-10-30 10:41:16,VZ,56.54,14,BID
2020-10-30 10:41:16,VZ,56.55,61,ASK
2020-10-30 10:41:17,VZ,56.53,28,BID
2020-10-30 10:41:17,VZ,56.54,62,ASK
2020-10-30 10:41:18,VZ,56.53,35,BID
2020-10-30 10:41:18,VZ,56.54,67,ASK
2020-10-30 10:41:18,VZ,56.53,18,BID
2020-10-30 10:41:18,VZ,56.54,31,ASK
2020-10-30 10:33:32,VZ,56.52,94,BID
2020-10-30 10:41:20,VZ,56.53,14,ASK
2020-10-30 10:33:32,VZ,56.52,94,BID
2020-10-30 10:41:20,VZ,56.53,14,ASK
2020-10-30 10:41:22,VZ,56.52,76,BID
2020-10-30 10:41:22,VZ,56.53,52,ASK
2020-10-30 10:41:22,VZ,56.52,75,BID
2020-10-30 10:41:22,VZ,56.53,64,ASK
2020-10-30 10:33:30,VZ,56.51,52,BID
2020-10-30 10:41:22,VZ,56.52,12,ASK
2020-10-30 10:33:30,VZ,56.51,78,BID
2020-10-30 10:41:23,VZ,56.52,12,ASK
2020-10-30 10:33:30,VZ,56.51,54,BID
2020-10-30 10:41:23,VZ,56.52,12,ASK
2020-10-30 10:33:30,VZ,56.51,40,BID
2020-10-30 10:41:23,VZ,56.52,26,ASK
2020-10-30 10:33:30,VZ,56.51,65,BID
2020-10-30 10:41:25,VZ,56.52,17,ASK
2020-10-30 10:33:30,VZ,56.51,52,BID
2020-10-30 10:41:26,VZ,56.52,17,ASK
2020-10-30 10:41:26,VZ,56.52,50,BID
2020-10-30 10:41:21,VZ,56.53,37,ASK
2020-10-30 10:41:27,VZ,56.52,14,BID
2020-10-30 10:41:21,VZ,56.53,40,ASK
2020-10-30 10:41:28,VZ,56.52,10,BID
2020-10-30 10:41:21,VZ,56.53,49,ASK
2020-10-30 10:41:28,VZ,56.52,10,BID
2020-10-30 10:41:21,VZ,56.53,48,ASK
2020-10-30 10:41:29,VZ,56.52,44,BID
2020-10-30 10:41:21,VZ,56.53,25,ASK
2020-10-30 10:41:31,VZ,56.53,22,BID
2020-10-30 10:41:30,VZ,56.54,46,ASK
2020-10-30 10:41:31,VZ,56.53,37,BID
2020-10-30 10:41:30,VZ,56.54,45,ASK
2020-10-30 10:41:31,VZ,56.53,31,BID
2020-10-30 10:41:30,VZ,56.54,46,ASK
2020-10-30 10:41:35,VZ,56.52,38,BID
2020-10-30 10:41:35,VZ,56.53,45,ASK
2020-10-30 10:41:36,VZ,56.52,36,BID
2020-10-30 10:41:35,VZ,56.53,57,ASK
2020-10-30 10:33:30,VZ,56.51,47,BID
2020-10-30 10:41:37,VZ,56.52,42,ASK
2020-10-30 10:33:30,VZ,56.51,48,BID
2020-10-30 10:41:38,VZ,56.52,13,ASK
2020-10-30 10:41:39,VZ,56.51,17,BID
2020-10-30 10:41:38,VZ,56.52,28,ASK
2020-10-30 10:41:39,VZ,56.51,21,BID
2020-10-30 10:41:38,VZ,56.52,62,ASK
2020-10-30 10:41:39,VZ,56.51,21,BID
2020-10-30 10:41:38,VZ,56.52,50,ASK
2020-10-30 10:33:25,VZ,56.5,57,BID
2020-10-30 10:41:42,VZ,56.51,28,ASK
2020-10-30 10:41:43,VZ,56.51,48,BID
2020-10-30 10:41:38,VZ,56.52,41,ASK
2020-10-30 10:41:44,VZ,56.51,44,BID
2020-10-30 10:41:38,VZ,56.52,33,ASK
2020-10-30 10:41:45,VZ,56.51,42,BID
2020-10-30 10:41:38,VZ,56.52,36,ASK
2020-10-30 10:41:45,VZ,56.51,45,BID
2020-10-30 10:41:38,VZ,56.52,35,ASK
2020-10-30 10:41:46,VZ,56.51,45,BID
2020-10-30 10:41:38,VZ,56.52,33,ASK
2020-10-30 10:41:46,VZ,56.51,45,BID
2020-10-30 10:41:38,VZ,56.52,30,ASK
2020-10-30 10:41:47,VZ,56.52,44,BID
2020-10-30 10:41:35,VZ,56.53,49,ASK
2020-10-30 10:41:48,VZ,56.52,41,BID
2020-10-30 10:41:35,VZ,56.53,41,ASK
2020-10-30 10:41:50,VZ,56.53,38,BID
2020-10-30 10:41:30,VZ,56.54,40,ASK
2020-10-30 10:41:50,VZ,56.53,24,BID
2020-10-30 10:41:30,VZ,56.54,46,ASK
2020-10-30 10:41:50,VZ,56.52,28,BID
2020-10-30 10:41:50,VZ,56.53,53,ASK
2020-10-30 10:41:50,VZ,56.52,26,BID
2020-10-30 10:41:50,VZ,56.53,43,ASK
2020-10-30 10:41:50,VZ,56.52,26,BID
2020-10-30 10:41:51,VZ,56.53,51,ASK
2020-10-30 10:41:52,VZ,56.53,33,BID
2020-10-30 10:41:30,VZ,56.54,56,ASK
2020-10-30 10:41:53,VZ,56.53,20,BID
2020-10-30 10:41:30,VZ,56.54,58,ASK
2020-10-30 10:41:54,VZ,56.54,11,BID
2020-10-30 10:41:17,VZ,56.55,66,ASK
2020-10-30 10:41:55,VZ,56.54,27,BID
2020-10-30 10:41:55,VZ,56.55,68,ASK
2020-10-30 10:41:57,VZ,56.54,8,BID
2020-10-30 10:41:55,VZ,56.55,78,ASK
2020-10-30 10:41:58,VZ,56.54,14,BID
2020-10-30 10:41:55,VZ,56.55,69,ASK
2020-10-30 10:41:58,VZ,56.54,23,BID
2020-10-30 10:41:55,VZ,56.55,32,ASK
2020-10-30 10:41:53,VZ,56.53,34,BID
2020-10-30 10:41:59,VZ,56.54,41,ASK
2020-10-30 10:41:50,VZ,56.52,34,BID
2020-10-30 10:42:00,VZ,56.54,79,ASK
2020-10-30 10:42:00,VZ,56.52,40,BID
2020-10-30 10:42:00,VZ,56.53,26,ASK
2020-10-30 10:42:00,VZ,56.52,41,BID
2020-10-30 10:42:01,VZ,56.53,28,ASK
2020-10-30 10:42:02,VZ,56.52,28,BID
2020-10-30 10:42:02,VZ,56.53,67,ASK
2020-10-30 10:42:03,VZ,56.51,23,BID
2020-10-30 10:42:03,VZ,56.51,1,ASK
2020-10-30 10:42:03,VZ,56.51,23,BID
2020-10-30 10:42:03,VZ,56.51,1,ASK
2020-10-30 10:42:03,VZ,56.51,28,BID
2020-10-30 10:42:04,VZ,56.52,94,ASK
2020-10-30 10:33:25,VZ,56.5,55,BID
2020-10-30 10:42:04,VZ,56.51,15,ASK
2020-10-30 10:33:25,VZ,56.5,46,BID
2020-10-30 10:42:05,VZ,56.51,16,ASK
2020-10-30 10:33:25,VZ,56.5,48,BID
2020-10-30 10:42:05,VZ,56.51,25,ASK
2020-10-30 10:42:05,VZ,56.5,35,BID
2020-10-30 10:42:05,VZ,56.51,43,ASK
2020-10-30 10:42:05,VZ,56.5,37,BID
2020-10-30 10:42:06,VZ,56.51,44,ASK
2020-10-30 10:42:05,VZ,56.5,31,BID
2020-10-30 10:42:06,VZ,56.51,39,ASK
2020-10-30 10:42:05,VZ,56.5,43,BID
2020-10-30 10:42:06,VZ,56.51,37,ASK
2020-10-30 10:42:11,VZ,56.51,70,BID
2020-10-30 10:42:11,VZ,56.52,52,ASK
2020-10-30 10:42:11,VZ,56.51,41,BID
2020-10-30 10:42:11,VZ,56.52,40,ASK
2020-10-30 10:42:12,VZ,56.51,41,BID
2020-10-30 10:42:12,VZ,56.52,37,ASK
2020-10-30 10:42:12,VZ,56.51,48,BID
2020-10-30 10:42:12,VZ,56.52,33,ASK
2020-10-30 10:42:14,VZ,56.51,45,BID
2020-10-30 10:42:14,VZ,56.52,26,ASK
2020-10-30 10:42:15,VZ,56.51,37,BID
2020-10-30 10:42:15,VZ,56.52,25,ASK
2020-10-30 10:42:16,VZ,56.51,40,BID
2020-10-30 10:42:15,VZ,56.52,26,ASK
2020-10-30 10:42:17,VZ,56.51,33,BID
2020-10-30 10:42:17,VZ,56.52,27,ASK
2020-10-30 10:42:18,VZ,56.51,38,BID
2020-10-30 10:42:18,VZ,56.52,31,ASK
2020-10-30 10:42:18,VZ,56.51,35,BID
2020-10-30 10:42:18,VZ,56.52,37,ASK
2020-10-30 10:42:18,VZ,56.51,35,BID
2020-10-30 10:42:18,VZ,56.52,36,ASK
2020-10-30 10:42:18,VZ,56.51,40,BID
2020-10-30 10:42:21,VZ,56.52,21,ASK
2020-10-30 10:42:22,VZ,56.52,31,BID
2020-10-30 10:42:22,VZ,56.53,44,ASK
2020-10-30 10:42:23,VZ,56.52,39,BID
2020-10-30 10:42:22,VZ,56.53,46,ASK
2020-10-30 10:42:25,VZ,56.52,39,BID
2020-10-30 10:42:22,VZ,56.53,46,ASK
2020-10-30 10:42:26,VZ,56.53,24,BID
2020-10-30 10:42:25,VZ,56.54,34,ASK
2020-10-30 10:42:27,VZ,56.53,27,BID
2020-10-30 10:42:27,VZ,56.54,18,ASK
2020-10-30 10:42:28,VZ,56.53,25,BID
2020-10-30 10:42:27,VZ,56.54,21,ASK
2020-10-30 10:42:29,VZ,56.53,33,BID
2020-10-30 10:42:29,VZ,56.54,24,ASK
2020-10-30 10:42:30,VZ,56.53,27,BID
2020-10-30 10:42:29,VZ,56.54,26,ASK
2020-10-30 10:42:31,VZ,56.53,26,BID
2020-10-30 10:42:29,VZ,56.54,30,ASK
2020-10-30 10:42:33,VZ,56.53,33,BID
2020-10-30 10:42:32,VZ,56.54,32,ASK
2020-10-30 10:42:33,VZ,56.53,37,BID
2020-10-30 10:42:32,VZ,56.54,35,ASK
2020-10-30 10:42:36,VZ,56.53,31,BID
2020-10-30 10:42:32,VZ,56.54,47,ASK
2020-10-30 10:42:37,VZ,56.53,37,BID
2020-10-30 10:42:32,VZ,56.54,47,ASK
2020-10-30 10:42:38,VZ,56.52,32,BID
2020-10-30 10:42:38,VZ,56.53,94,ASK
2020-10-30 10:42:38,VZ,56.52,42,BID
2020-10-30 10:42:38,VZ,56.53,27,ASK
2020-10-30 10:42:38,VZ,56.52,35,BID
2020-10-30 10:42:39,VZ,56.53,24,ASK
2020-10-30 10:42:41,VZ,56.52,33,BID
2020-10-30 10:42:40,VZ,56.53,48,ASK
2020-10-30 10:42:42,VZ,56.53,20,BID
2020-10-30 10:42:32,VZ,56.54,72,ASK
2020-10-30 10:42:43,VZ,56.53,17,BID
2020-10-30 10:42:32,VZ,56.54,65,ASK
2020-10-30 10:42:44,VZ,56.52,48,BID
2020-10-30 10:42:44,VZ,56.53,70,ASK
2020-10-30 10:42:44,VZ,56.53,29,BID
2020-10-30 10:42:32,VZ,56.54,56,ASK
2020-10-30 10:42:44,VZ,56.53,23,BID
2020-10-30 10:42:32,VZ,56.54,56,ASK
2020-10-30 10:42:44,VZ,56.53,24,BID
2020-10-30 10:42:32,VZ,56.54,56,ASK
2020-10-30 10:42:49,VZ,56.54,17,BID
2020-10-30 10:42:50,VZ,56.55,40,ASK
2020-10-30 10:42:49,VZ,56.54,11,BID
2020-10-30 10:42:50,VZ,56.55,42,ASK
2020-10-30 10:42:52,VZ,56.54,17,BID
2020-10-30 10:42:50,VZ,56.55,40,ASK
2020-10-30 10:42:52,VZ,56.54,34,BID
2020-10-30 10:42:50,VZ,56.55,23,ASK
2020-10-30 10:42:52,VZ,56.54,28,BID
2020-10-30 10:42:53,VZ,56.55,19,ASK
2020-10-30 10:42:52,VZ,56.54,38,BID
2020-10-30 10:42:53,VZ,56.55,18,ASK
2020-10-30 10:42:55,VZ,56.55,29,BID
2020-10-30 10:42:54,VZ,56.56,53,ASK
2020-10-30 10:42:56,VZ,56.55,27,BID
2020-10-30 10:42:54,VZ,56.56,48,ASK
2020-10-30 10:42:56,VZ,56.55,31,BID
2020-10-30 10:42:57,VZ,56.56,27,ASK
2020-10-30 10:42:58,VZ,56.56,20,BID
2020-10-30 10:42:58,VZ,56.56,1,ASK
2020-10-30 10:42:58,VZ,56.56,25,BID
2020-10-30 10:42:58,VZ,56.57,54,ASK
2020-10-30 10:42:59,VZ,56.56,32,BID
2020-10-30 10:42:59,VZ,56.57,45,ASK
2020-10-30 10:42:56,VZ,56.55,47,BID
2020-10-30 10:43:00,VZ,56.56,38,ASK
2020-10-30 10:42:56,VZ,56.55,54,BID
2020-10-30 10:43:00,VZ,56.56,19,ASK
2020-10-30 10:43:00,VZ,56.56,14,BID
2020-10-30 10:43:00,VZ,56.57,67,ASK
2020-10-30 10:43:00,VZ,56.56,25,BID
2020-10-30 10:43:00,VZ,56.57,61,ASK
2020-10-30 10:43:01,VZ,56.56,43,BID
2020-10-30 10:43:01,VZ,56.57,26,ASK
2020-10-30 10:43:02,VZ,56.57,60,BID
2020-10-30 10:40:31,VZ,56.58,65,ASK
2020-10-30 10:43:02,VZ,56.57,31,BID
2020-10-30 10:40:31,VZ,56.58,64,ASK
2020-10-30 10:43:02,VZ,56.57,29,BID
2020-10-30 10:40:31,VZ,56.58,65,ASK
2020-10-30 10:43:02,VZ,56.57,49,BID
2020-10-30 10:40:31,VZ,56.58,64,ASK
2020-10-30 10:43:02,VZ,56.57,46,BID
2020-10-30 10:40:31,VZ,56.58,65,ASK
2020-10-30 10:43:03,VZ,56.58,50,BID
2020-10-30 10:43:03,VZ,56.58,37,ASK
2020-10-30 10:43:02,VZ,56.57,56,BID
2020-10-30 10:43:04,VZ,56.58,28,ASK
2020-10-30 10:43:02,VZ,56.57,42,BID
2020-10-30 10:43:04,VZ,56.58,30,ASK
2020-10-30 10:43:02,VZ,56.57,32,BID
2020-10-30 10:43:05,VZ,56.58,55,ASK
2020-10-30 10:43:02,VZ,56.57,27,BID
2020-10-30 10:43:05,VZ,56.58,45,ASK
2020-10-30 10:43:02,VZ,56.57,35,BID
2020-10-30 10:43:05,VZ,56.58,34,ASK
2020-10-30 10:43:02,VZ,56.57,37,BID
2020-10-30 10:43:06,VZ,56.58,37,ASK
2020-10-30 10:43:05,VZ,56.57,36,BID
2020-10-30 10:43:04,VZ,56.58,37,ASK
2020-10-30 10:43:00,VZ,56.56,54,BID
2020-10-30 10:43:07,VZ,56.57,39,ASK
2020-10-30 10:43:00,VZ,56.56,48,BID
2020-10-30 10:43:08,VZ,56.57,43,ASK
2020-10-30 10:43:00,VZ,56.56,47,BID
2020-10-30 10:43:09,VZ,56.57,34,ASK
2020-10-30 10:43:00,VZ,56.56,47,BID
2020-10-30 10:43:10,VZ,56.57,34,ASK
2020-10-30 10:43:00,VZ,56.56,47,BID
2020-10-30 10:43:10,VZ,56.57,34,ASK
2020-10-30 10:43:00,VZ,56.56,52,BID
2020-10-30 10:43:11,VZ,56.57,34,ASK
2020-10-30 10:43:00,VZ,56.56,41,BID
2020-10-30 10:43:12,VZ,56.57,29,ASK
2020-10-30 10:43:00,VZ,56.56,48,BID
2020-10-30 10:43:12,VZ,56.57,29,ASK
2020-10-30 10:43:14,VZ,56.57,46,BID
2020-10-30 10:43:14,VZ,56.58,36,ASK
2020-10-30 10:43:14,VZ,56.57,41,BID
2020-10-30 10:43:14,VZ,56.58,36,ASK
2020-10-30 10:43:15,VZ,56.57,42,BID
2020-10-30 10:43:14,VZ,56.58,36,ASK
2020-10-30 10:43:16,VZ,56.57,41,BID
2020-10-30 10:43:14,VZ,56.58,36,ASK
2020-10-30 10:43:17,VZ,56.57,37,BID
2020-10-30 10:43:17,VZ,56.58,36,ASK
2020-10-30 10:43:17,VZ,56.57,27,BID
2020-10-30 10:43:18,VZ,56.58,73,ASK
2020-10-30 10:43:18,VZ,56.57,10,BID
2020-10-30 10:43:18,VZ,56.58,59,ASK
2020-10-30 10:43:19,VZ,56.57,11,BID
2020-10-30 10:43:18,VZ,56.58,57,ASK
2020-10-30 10:43:20,VZ,56.56,52,BID
2020-10-30 10:43:20,VZ,56.57,17,ASK
2020-10-30 10:43:21,VZ,56.56,42,BID
2020-10-30 10:43:21,VZ,56.57,41,ASK
2020-10-30 10:42:58,VZ,56.55,43,BID
2020-10-30 10:43:21,VZ,56.56,13,ASK
2020-10-30 10:42:58,VZ,56.55,40,BID
2020-10-30 10:43:21,VZ,56.56,45,ASK
2020-10-30 10:43:22,VZ,56.55,30,BID
2020-10-30 10:43:22,VZ,56.55,13,ASK
2020-10-30 10:42:52,VZ,56.54,38,BID
2020-10-30 10:43:22,VZ,56.55,36,ASK
2020-10-30 10:42:48,VZ,56.53,47,BID
2020-10-30 10:43:23,VZ,56.54,5,ASK
2020-10-30 10:42:48,VZ,56.53,16,BID
2020-10-30 10:43:23,VZ,56.54,54,ASK
2020-10-30 10:43:23,VZ,56.52,44,BID
2020-10-30 10:43:23,VZ,56.53,30,ASK
2020-10-30 10:43:23,VZ,56.52,53,BID
2020-10-30 10:43:23,VZ,56.53,30,ASK
2020-10-30 10:43:24,VZ,56.53,28,BID
2020-10-30 10:43:24,VZ,56.54,80,ASK
2020-10-30 10:43:24,VZ,56.53,31,BID
2020-10-30 10:43:25,VZ,56.54,48,ASK
2020-10-30 10:43:24,VZ,56.53,41,BID
2020-10-30 10:43:26,VZ,56.54,26,ASK
2020-10-30 10:43:26,VZ,56.54,31,BID
2020-10-30 10:43:23,VZ,56.55,45,ASK
2020-10-30 10:43:28,VZ,56.54,33,BID
2020-10-30 10:43:23,VZ,56.55,44,ASK
2020-10-30 10:43:29,VZ,56.54,40,BID
2020-10-30 10:43:23,VZ,56.55,33,ASK
2020-10-30 10:43:29,VZ,56.54,39,BID
2020-10-30 10:43:23,VZ,56.55,32,ASK
2020-10-30 10:43:29,VZ,56.54,39,BID
2020-10-30 10:43:32,VZ,56.55,27,ASK
2020-10-30 10:43:32,VZ,56.55,21,BID
2020-10-30 10:43:22,VZ,56.56,74,ASK
2020-10-30 10:43:33,VZ,56.55,20,BID
2020-10-30 10:43:22,VZ,56.56,49,ASK
2020-10-30 10:43:34,VZ,56.55,33,BID
2020-10-30 10:43:22,VZ,56.56,75,ASK
2020-10-30 10:43:35,VZ,56.54,51,BID
2020-10-30 10:43:35,VZ,56.55,89,ASK
2020-10-30 10:43:35,VZ,56.54,55,BID
2020-10-30 10:43:37,VZ,56.55,46,ASK
2020-10-30 10:43:35,VZ,56.54,42,BID
2020-10-30 10:43:37,VZ,56.55,49,ASK
2020-10-30 10:43:35,VZ,56.54,43,BID
2020-10-30 10:43:37,VZ,56.55,63,ASK
2020-10-30 10:43:40,VZ,56.54,36,BID
2020-10-30 10:43:37,VZ,56.55,84,ASK
2020-10-30 10:43:40,VZ,56.54,19,BID
2020-10-30 10:43:37,VZ,56.55,40,ASK
2020-10-30 10:43:41,VZ,56.54,32,BID
2020-10-30 10:43:40,VZ,56.55,26,ASK
2020-10-30 10:43:42,VZ,56.55,44,BID
2020-10-30 10:43:22,VZ,56.56,49,ASK
2020-10-30 10:43:42,VZ,56.55,45,BID
2020-10-30 10:43:22,VZ,56.56,52,ASK
2020-10-30 10:43:46,VZ,56.54,59,BID
2020-10-30 10:43:46,VZ,56.55,116,ASK
2020-10-30 10:43:46,VZ,56.54,2,BID
2020-10-30 10:43:46,VZ,56.54,15,ASK
2020-10-30 10:43:46,VZ,56.53,24,BID
2020-10-30 10:43:46,VZ,56.54,34,ASK
2020-10-30 10:43:23,VZ,56.52,57,BID
2020-10-30 10:43:47,VZ,56.53,32,ASK
2020-10-30 10:43:47,VZ,56.52,50,BID
2020-10-30 10:43:47,VZ,56.53,65,ASK
2020-10-30 10:43:47,VZ,56.51,44,BID
2020-10-30 10:43:47,VZ,56.52,31,ASK
2020-10-30 10:43:48,VZ,56.51,33,BID
2020-10-30 10:43:47,VZ,56.52,44,ASK
2020-10-30 10:43:48,VZ,56.51,20,BID
2020-10-30 10:43:47,VZ,56.52,41,ASK
2020-10-30 10:42:08,VZ,56.5,57,BID
2020-10-30 10:43:49,VZ,56.51,6,ASK
2020-10-30 10:42:08,VZ,56.5,53,BID
2020-10-30 10:43:49,VZ,56.51,30,ASK
2020-10-30 10:43:49,VZ,56.5,56,BID
2020-10-30 10:43:49,VZ,56.51,25,ASK
2020-10-30 10:43:49,VZ,56.5,29,BID
2020-10-30 10:43:50,VZ,56.51,46,ASK
2020-10-30 10:43:49,VZ,56.5,39,BID
2020-10-30 10:43:50,VZ,56.51,34,ASK
2020-10-30 10:43:50,VZ,56.49,34,BID
2020-10-30 10:43:50,VZ,56.5,44,ASK
2020-10-30 10:43:50,VZ,56.49,33,BID
2020-10-30 10:43:50,VZ,56.48,7,ASK
2020-10-30 10:43:51,VZ,56.48,1,BID
2020-10-30 10:43:51,VZ,56.48,69,ASK
2020-10-30 10:43:51,VZ,56.47,22,BID
2020-10-30 10:43:51,VZ,56.48,81,ASK
2020-10-30 10:43:51,VZ,56.47,5,BID
2020-10-30 10:43:51,VZ,56.48,38,ASK
2020-10-30 10:43:52,VZ,56.47,6,BID
2020-10-30 10:43:51,VZ,56.48,45,ASK
2020-10-30 10:43:52,VZ,56.46,35,BID
2020-10-30 10:43:52,VZ,56.47,27,ASK
2020-10-30 10:43:52,VZ,56.47,30,BID
2020-10-30 10:43:51,VZ,56.48,41,ASK
2020-10-30 10:43:53,VZ,56.47,37,BID
2020-10-30 10:43:53,VZ,56.48,20,ASK
2020-10-30 10:43:53,VZ,56.48,28,BID
2020-10-30 10:43:53,VZ,56.49,11,ASK
2020-10-30 10:43:53,VZ,56.49,27,BID
2020-10-30 10:43:53,VZ,56.5,25,ASK
2020-10-30 10:43:54,VZ,56.49,17,BID
2020-10-30 10:43:53,VZ,56.5,42,ASK
2020-10-30 10:43:54,VZ,56.48,19,BID
2020-10-30 10:43:54,VZ,56.49,55,ASK
2020-10-30 10:43:55,VZ,56.47,27,BID
2020-10-30 10:43:54,VZ,56.48,38,ASK
2020-10-30 10:43:55,VZ,56.47,8,BID
2020-10-30 10:43:55,VZ,56.48,38,ASK
2020-10-30 10:43:55,VZ,56.47,18,BID
2020-10-30 10:43:55,VZ,56.48,30,ASK
2020-10-30 10:43:56,VZ,56.48,6,BID
2020-10-30 10:43:54,VZ,56.49,27,ASK
2020-10-30 10:43:56,VZ,56.47,39,BID
2020-10-30 10:43:56,VZ,56.48,34,ASK
2020-10-30 10:43:52,VZ,56.46,44,BID
2020-10-30 10:43:56,VZ,56.47,16,ASK
2020-10-30 10:43:52,VZ,56.46,44,BID
2020-10-30 10:43:56,VZ,56.47,12,ASK
2020-10-30 10:43:57,VZ,56.46,10,BID
2020-10-30 10:43:57,VZ,56.46,9,ASK
2020-10-30 10:43:57,VZ,56.46,20,BID
2020-10-30 10:43:56,VZ,56.47,52,ASK
2020-10-30 10:43:58,VZ,56.46,29,BID
2020-10-30 10:43:58,VZ,56.47,52,ASK
2020-10-30 10:43:58,VZ,56.46,29,BID
2020-10-30 10:43:58,VZ,56.47,36,ASK
2020-10-30 10:43:59,VZ,56.47,8,BID
2020-10-30 10:43:56,VZ,56.48,83,ASK
2020-10-30 10:44:00,VZ,56.47,8,BID
2020-10-30 10:44:00,VZ,56.48,54,ASK
2020-10-30 10:44:01,VZ,56.47,8,BID
2020-10-30 10:44:00,VZ,56.48,54,ASK
2020-10-30 10:44:01,VZ,56.46,31,BID
2020-10-30 10:44:01,VZ,56.47,14,ASK
2020-10-30 10:44:02,VZ,56.47,26,BID
2020-10-30 10:44:01,VZ,56.48,32,ASK
2020-10-30 10:44:02,VZ,56.47,47,BID
2020-10-30 10:44:02,VZ,56.48,27,ASK
2020-10-30 10:44:03,VZ,56.48,9,BID
2020-10-30 10:43:54,VZ,56.49,38,ASK
2020-10-30 10:44:03,VZ,56.48,16,BID
2020-10-30 10:43:54,VZ,56.49,18,ASK
2020-10-30 10:44:04,VZ,56.48,18,BID
2020-10-30 10:44:04,VZ,56.49,33,ASK
2020-10-30 10:44:04,VZ,56.48,18,BID
2020-10-30 10:44:04,VZ,56.49,47,ASK
2020-10-30 10:44:05,VZ,56.48,28,BID
2020-10-30 10:44:05,VZ,56.49,33,ASK
2020-10-30 10:44:05,VZ,56.48,33,BID
2020-10-30 10:44:05,VZ,56.49,31,ASK
2020-10-30 10:44:06,VZ,56.47,57,BID
2020-10-30 10:44:06,VZ,56.48,25,ASK
2020-10-30 10:44:06,VZ,56.47,53,BID
2020-10-30 10:44:06,VZ,56.48,19,ASK
2020-10-30 10:44:06,VZ,56.47,53,BID
2020-10-30 10:44:06,VZ,56.48,19,ASK
2020-10-30 10:44:08,VZ,56.48,8,BID
2020-10-30 10:44:07,VZ,56.49,32,ASK
2020-10-30 10:44:08,VZ,56.47,54,BID
2020-10-30 10:44:08,VZ,56.48,10,ASK
2020-10-30 10:44:09,VZ,56.48,13,BID
2020-10-30 10:44:08,VZ,56.49,46,ASK
2020-10-30 10:44:09,VZ,56.47,57,BID
2020-10-30 10:44:09,VZ,56.48,10,ASK
2020-10-30 10:44:10,VZ,56.47,58,BID
2020-10-30 10:44:10,VZ,56.48,6,ASK
2020-10-30 10:44:11,VZ,56.48,14,BID
2020-10-30 10:44:11,VZ,56.49,37,ASK
2020-10-30 10:44:12,VZ,56.47,64,BID
2020-10-30 10:44:12,VZ,56.48,45,ASK
2020-10-30 10:44:12,VZ,56.47,61,BID
2020-10-30 10:44:12,VZ,56.48,18,ASK
2020-10-30 10:44:12,VZ,56.47,63,BID
2020-10-30 10:44:11,VZ,56.49,50,ASK
2020-10-30 10:44:14,VZ,56.48,18,BID
2020-10-30 10:44:13,VZ,56.49,35,ASK
2020-10-30 10:44:15,VZ,56.48,20,BID
2020-10-30 10:44:13,VZ,56.49,35,ASK
2020-10-30 10:44:15,VZ,56.48,26,BID
2020-10-30 10:44:13,VZ,56.49,28,ASK
2020-10-30 10:44:19,VZ,56.49,28,BID
2020-10-30 10:43:53,VZ,56.5,42,ASK
2020-10-30 10:44:21,VZ,56.49,18,BID
2020-10-30 10:43:53,VZ,56.5,48,ASK
2020-10-30 10:44:21,VZ,56.49,27,BID
2020-10-30 10:43:53,VZ,56.5,40,ASK
2020-10-30 10:44:23,VZ,56.5,31,BID
2020-10-30 10:44:23,VZ,56.51,45,ASK
2020-10-30 10:44:23,VZ,56.51,2,BID
2020-10-30 10:44:23,VZ,56.52,47,ASK
2020-10-30 10:44:24,VZ,56.51,20,BID
2020-10-30 10:44:24,VZ,56.52,40,ASK
2020-10-30 10:44:25,VZ,56.52,18,BID
2020-10-30 10:43:47,VZ,56.53,61,ASK
2020-10-30 10:44:26,VZ,56.51,50,BID
2020-10-30 10:44:26,VZ,56.52,47,ASK
2020-10-30 10:44:26,VZ,56.52,6,BID
2020-10-30 10:43:47,VZ,56.53,61,ASK
2020-10-30 10:44:28,VZ,56.53,32,BID
2020-10-30 10:44:28,VZ,56.54,46,ASK
2020-10-30 10:44:30,VZ,56.53,23,BID
2020-10-30 10:44:29,VZ,56.54,44,ASK
2020-10-30 10:44:30,VZ,56.53,24,BID
2020-10-30 10:44:31,VZ,56.54,34,ASK
2020-10-30 10:44:30,VZ,56.53,36,BID
2020-10-30 10:44:32,VZ,56.54,30,ASK
2020-10-30 10:44:30,VZ,56.53,47,BID
2020-10-30 10:44:34,VZ,56.54,28,ASK
2020-10-30 10:44:30,VZ,56.53,25,BID
2020-10-30 10:44:35,VZ,56.54,45,ASK
2020-10-30 10:44:36,VZ,56.52,14,BID
2020-10-30 10:44:36,VZ,56.53,18,ASK
2020-10-30 10:44:37,VZ,56.53,26,BID
2020-10-30 10:44:35,VZ,56.54,47,ASK
2020-10-30 10:44:39,VZ,56.53,32,BID
2020-10-30 10:44:39,VZ,56.54,49,ASK
2020-10-30 10:44:26,VZ,56.51,44,BID
2020-10-30 10:44:40,VZ,56.52,38,ASK
2020-10-30 10:44:40,VZ,56.51,26,BID
2020-10-30 10:44:40,VZ,56.52,61,ASK
2020-10-30 10:44:41,VZ,56.51,4,BID
2020-10-30 10:44:41,VZ,56.51,7,ASK
2020-10-30 10:44:41,VZ,56.51,8,BID
2020-10-30 10:44:41,VZ,56.51,22,ASK
2020-10-30 10:44:19,VZ,56.49,33,BID
2020-10-30 10:44:41,VZ,56.5,1,ASK
2020-10-30 10:44:42,VZ,56.5,12,BID
2020-10-30 10:44:42,VZ,56.51,39,ASK
2020-10-30 10:44:19,VZ,56.49,36,BID
2020-10-30 10:44:42,VZ,56.51,39,ASK
2020-10-30 10:44:44,VZ,56.5,19,BID
2020-10-30 10:44:42,VZ,56.51,38,ASK
2020-10-30 10:44:45,VZ,56.5,32,BID
2020-10-30 10:44:42,VZ,56.51,29,ASK
2020-10-30 10:44:46,VZ,56.5,33,BID
2020-10-30 10:44:46,VZ,56.51,24,ASK
2020-10-30 10:44:46,VZ,56.5,33,BID
2020-10-30 10:44:46,VZ,56.51,24,ASK
2020-10-30 10:44:46,VZ,56.5,32,BID
2020-10-30 10:44:46,VZ,56.51,24,ASK
2020-10-30 10:44:49,VZ,56.51,37,BID
2020-10-30 10:44:49,VZ,56.52,19,ASK
2020-10-30 10:44:50,VZ,56.52,20,BID
2020-10-30 10:44:50,VZ,56.53,55,ASK
2020-10-30 10:44:49,VZ,56.51,18,BID
2020-10-30 10:44:50,VZ,56.52,34,ASK
2020-10-30 10:44:46,VZ,56.5,20,BID
2020-10-30 10:44:51,VZ,56.51,70,ASK
2020-10-30 10:44:46,VZ,56.5,30,BID
2020-10-30 10:44:52,VZ,56.51,35,ASK
2020-10-30 10:44:53,VZ,56.5,38,BID
2020-10-30 10:44:53,VZ,56.51,5,ASK
2020-10-30 10:44:54,VZ,56.5,30,BID
2020-10-30 10:44:54,VZ,56.51,42,ASK
2020-10-30 10:44:54,VZ,56.49,5,BID
2020-10-30 10:44:54,VZ,56.5,84,ASK
2020-10-30 10:44:54,VZ,56.5,11,BID
2020-10-30 10:44:54,VZ,56.51,37,ASK
2020-10-30 10:44:55,VZ,56.5,23,BID
2020-10-30 10:44:55,VZ,56.51,29,ASK
2020-10-30 10:44:55,VZ,56.5,23,BID
2020-10-30 10:44:55,VZ,56.51,29,ASK
2020-10-30 10:44:55,VZ,56.5,23,BID
2020-10-30 10:44:55,VZ,56.51,29,ASK
2020-10-30 10:44:55,VZ,56.5,23,BID
2020-10-30 10:44:55,VZ,56.51,29,ASK
2020-10-30 10:44:55,VZ,56.5,23,BID
2020-10-30 10:44:55,VZ,56.51,29,ASK
2020-10-30 10:44:55,VZ,56.5,23,BID
2020-10-30 10:44:55,VZ,56.51,29,ASK
2020-10-30 10:44:55,VZ,56.5,23,BID
2020-10-30 10:44:55,VZ,56.51,29,ASK
2020-10-30 10:44:55,VZ,56.5,23,BID
2020-10-30 10:44:55,VZ,56.51,29,ASK
2020-10-30 10:44:54,VZ,56.49,38,BID
2020-10-30 10:44:56,VZ,56.5,2,ASK
2020-10-30 10:44:57,VZ,56.51,10,BID
2020-10-30 10:44:52,VZ,56.52,58,ASK
2020-10-30 10:44:59,VZ,56.51,28,BID
2020-10-30 10:44:58,VZ,56.52,22,ASK
2020-10-30 10:45:00,VZ,56.52,2,BID
2020-10-30 10:44:50,VZ,56.53,42,ASK
2020-10-30 10:45:01,VZ,56.52,17,BID
2020-10-30 10:45:01,VZ,56.53,45,ASK
2020-10-30 10:45:01,VZ,56.51,25,BID
2020-10-30 10:45:01,VZ,56.52,25,ASK
2020-10-30 10:45:01,VZ,56.51,27,BID
2020-10-30 10:45:01,VZ,56.52,42,ASK
2020-10-30 10:45:02,VZ,56.51,23,BID
2020-10-30 10:45:01,VZ,56.52,26,ASK
2020-10-30 10:45:02,VZ,56.5,27,BID
2020-10-30 10:45:02,VZ,56.51,14,ASK
2020-10-30 10:45:03,VZ,56.5,16,BID
2020-10-30 10:45:03,VZ,56.51,26,ASK
2020-10-30 10:45:03,VZ,56.49,27,BID
2020-10-30 10:45:03,VZ,56.5,45,ASK
2020-10-30 10:45:03,VZ,56.49,28,BID
2020-10-30 10:45:03,VZ,56.5,25,ASK
2020-10-30 10:45:04,VZ,56.49,11,BID
2020-10-30 10:45:04,VZ,56.5,54,ASK
2020-10-30 10:44:15,VZ,56.48,27,BID
2020-10-30 10:45:04,VZ,56.49,38,ASK
2020-10-30 10:45:05,VZ,56.49,11,BID
2020-10-30 10:45:05,VZ,56.5,42,ASK
2020-10-30 10:44:15,VZ,56.48,32,BID
2020-10-30 10:45:05,VZ,56.49,11,ASK
2020-10-30 10:45:07,VZ,56.49,20,BID
2020-10-30 10:45:05,VZ,56.5,28,ASK
2020-10-30 10:45:07,VZ,56.49,28,BID
2020-10-30 10:45:07,VZ,56.5,10,ASK
2020-10-30 10:45:08,VZ,56.49,28,BID
2020-10-30 10:45:07,VZ,56.5,43,ASK
2020-10-30 10:45:09,VZ,56.49,33,BID
2020-10-30 10:45:10,VZ,56.5,17,ASK
2020-10-30 10:45:09,VZ,56.49,36,BID
2020-10-30 10:45:10,VZ,56.5,15,ASK
2020-10-30 10:45:11,VZ,56.5,15,BID
2020-10-30 10:45:07,VZ,56.51,34,ASK
2020-10-30 10:45:11,VZ,56.5,15,BID
2020-10-30 10:45:11,VZ,56.51,31,ASK
2020-10-30 10:45:12,VZ,56.5,27,BID
2020-10-30 10:45:11,VZ,56.51,32,ASK
2020-10-30 10:45:09,VZ,56.49,37,BID
2020-10-30 10:45:14,VZ,56.5,10,ASK
2020-10-30 10:45:09,VZ,56.49,36,BID
2020-10-30 10:45:15,VZ,56.5,61,ASK
2020-10-30 10:45:09,VZ,56.49,33,BID
2020-10-30 10:45:16,VZ,56.5,62,ASK
2020-10-30 10:44:15,VZ,56.48,29,BID
2020-10-30 10:45:16,VZ,56.49,93,ASK
2020-10-30 10:45:17,VZ,56.49,28,BID
2020-10-30 10:45:17,VZ,56.5,17,ASK
2020-10-30 10:45:18,VZ,56.49,27,BID
2020-10-30 10:45:17,VZ,56.5,35,ASK
2020-10-30 10:45:18,VZ,56.49,28,BID
2020-10-30 10:45:17,VZ,56.5,51,ASK
2020-10-30 10:45:18,VZ,56.49,30,BID
2020-10-30 10:45:17,VZ,56.5,34,ASK
2020-10-30 10:45:18,VZ,56.49,30,BID
2020-10-30 10:45:17,VZ,56.5,29,ASK
2020-10-30 10:45:18,VZ,56.49,30,BID
2020-10-30 10:45:17,VZ,56.5,42,ASK
2020-10-30 10:45:22,VZ,56.48,48,BID
2020-10-30 10:45:22,VZ,56.49,33,ASK
2020-10-30 10:45:23,VZ,56.49,50,BID
2020-10-30 10:45:23,VZ,56.5,30,ASK
2020-10-30 10:45:23,VZ,56.49,53,BID
2020-10-30 10:45:23,VZ,56.5,46,ASK
2020-10-30 10:45:24,VZ,56.49,60,BID
2020-10-30 10:45:24,VZ,56.5,39,ASK
2020-10-30 10:45:26,VZ,56.5,49,BID
2020-10-30 10:45:11,VZ,56.51,35,ASK
2020-10-30 10:45:26,VZ,56.5,57,BID
2020-10-30 10:45:11,VZ,56.51,33,ASK
2020-10-30 10:45:26,VZ,56.5,58,BID
2020-10-30 10:45:28,VZ,56.51,26,ASK
2020-10-30 10:45:26,VZ,56.5,58,BID
2020-10-30 10:45:28,VZ,56.51,46,ASK
2020-10-30 10:45:26,VZ,56.5,59,BID
2020-10-30 10:45:29,VZ,56.51,29,ASK
2020-10-30 10:45:26,VZ,56.5,57,BID
2020-10-30 10:45:29,VZ,56.51,30,ASK
2020-10-30 10:45:26,VZ,56.5,60,BID
2020-10-30 10:45:32,VZ,56.51,27,ASK
2020-10-30 10:45:34,VZ,56.51,61,BID
2020-10-30 10:45:34,VZ,56.52,28,ASK
2020-10-30 10:45:35,VZ,56.51,61,BID
2020-10-30 10:45:34,VZ,56.52,28,ASK
2020-10-30 10:45:36,VZ,56.51,61,BID
2020-10-30 10:45:36,VZ,56.52,28,ASK
2020-10-30 10:45:37,VZ,56.51,63,BID
2020-10-30 10:45:38,VZ,56.52,40,ASK
2020-10-30 10:45:39,VZ,56.51,72,BID
2020-10-30 10:45:39,VZ,56.52,33,ASK
2020-10-30 10:45:39,VZ,56.51,77,BID
2020-10-30 10:45:39,VZ,56.52,20,ASK
2020-10-30 10:45:39,VZ,56.51,74,BID
2020-10-30 10:45:39,VZ,56.52,37,ASK
2020-10-30 10:45:39,VZ,56.51,78,BID
2020-10-30 10:45:39,VZ,56.52,32,ASK
2020-10-30 10:45:39,VZ,56.51,74,BID
2020-10-30 10:45:39,VZ,56.52,36,ASK
2020-10-30 10:45:39,VZ,56.51,71,BID
2020-10-30 10:45:39,VZ,56.52,32,ASK
2020-10-30 10:45:39,VZ,56.51,75,BID
2020-10-30 10:45:39,VZ,56.52,32,ASK
2020-10-30 10:45:46,VZ,56.52,27,BID
2020-10-30 10:45:46,VZ,56.53,31,ASK
2020-10-30 10:45:46,VZ,56.54,4,BID
2020-10-30 10:44:34,VZ,56.55,44,ASK
2020-10-30 10:45:47,VZ,56.54,4,BID
2020-10-30 10:44:34,VZ,56.55,45,ASK
2020-10-30 10:45:47,VZ,56.54,1,BID
2020-10-30 10:44:34,VZ,56.55,50,ASK
2020-10-30 10:45:48,VZ,56.54,13,BID
2020-10-30 10:44:34,VZ,56.55,46,ASK
2020-10-30 10:45:50,VZ,56.54,27,BID
2020-10-30 10:44:34,VZ,56.55,43,ASK
2020-10-30 10:45:50,VZ,56.54,27,BID
2020-10-30 10:44:34,VZ,56.55,43,ASK
2020-10-30 10:45:53,VZ,56.54,27,BID
2020-10-30 10:45:53,VZ,56.55,43,ASK
2020-10-30 10:45:54,VZ,56.54,27,BID
2020-10-30 10:45:54,VZ,56.55,41,ASK
2020-10-30 10:45:56,VZ,56.54,27,BID
2020-10-30 10:45:54,VZ,56.55,37,ASK
2020-10-30 10:45:58,VZ,56.54,41,BID
2020-10-30 10:45:57,VZ,56.55,28,ASK
2020-10-30 10:45:58,VZ,56.55,25,BID
2020-10-30 10:43:45,VZ,56.56,59,ASK
2020-10-30 10:45:59,VZ,56.55,38,BID
2020-10-30 10:43:45,VZ,56.56,73,ASK
2020-10-30 10:46:01,VZ,56.54,25,BID
2020-10-30 10:46:01,VZ,56.55,63,ASK
2020-10-30 10:46:02,VZ,56.54,23,BID
2020-10-30 10:46:01,VZ,56.55,70,ASK
2020-10-30 10:46:03,VZ,56.54,23,BID
2020-10-30 10:46:01,VZ,56.55,69,ASK
2020-10-30 10:46:04,VZ,56.54,26,BID
2020-10-30 10:46:04,VZ,56.55,48,ASK
2020-10-30 10:46:05,VZ,56.52,23,BID
2020-10-30 10:46:05,VZ,56.53,26,ASK
2020-10-30 10:46:07,VZ,56.52,33,BID
2020-10-30 10:46:07,VZ,56.53,32,ASK
2020-10-30 10:46:08,VZ,56.53,39,BID
2020-10-30 10:46:08,VZ,56.54,75,ASK
2020-10-30 10:46:08,VZ,56.53,46,BID
2020-10-30 10:46:09,VZ,56.54,36,ASK
2020-10-30 10:46:08,VZ,56.53,49,BID
2020-10-30 10:46:10,VZ,56.54,13,ASK
2020-10-30 10:46:08,VZ,56.53,73,BID
2020-10-30 10:46:11,VZ,56.54,9,ASK
2020-10-30 10:46:08,VZ,56.53,60,BID
2020-10-30 10:46:12,VZ,56.54,25,ASK
2020-10-30 10:46:12,VZ,56.53,46,BID
2020-10-30 10:46:12,VZ,56.54,22,ASK
2020-10-30 10:46:12,VZ,56.53,47,BID
2020-10-30 10:46:13,VZ,56.54,19,ASK
2020-10-30 10:46:12,VZ,56.53,57,BID
2020-10-30 10:46:13,VZ,56.54,14,ASK
2020-10-30 10:46:12,VZ,56.53,61,BID
2020-10-30 10:46:13,VZ,56.54,14,ASK
2020-10-30 10:46:15,VZ,56.54,39,BID
2020-10-30 10:46:04,VZ,56.55,72,ASK
2020-10-30 10:46:17,VZ,56.55,74,BID
2020-10-30 10:43:45,VZ,56.56,69,ASK
2020-10-30 10:46:16,VZ,56.54,32,BID
2020-10-30 10:46:17,VZ,56.55,4,ASK
2020-10-30 10:46:16,VZ,56.54,31,BID
2020-10-30 10:46:18,VZ,56.55,17,ASK
2020-10-30 10:46:16,VZ,56.54,26,BID
2020-10-30 10:46:18,VZ,56.55,25,ASK
2020-10-30 10:46:15,VZ,56.53,76,BID
2020-10-30 10:46:19,VZ,56.54,57,ASK
2020-10-30 10:46:05,VZ,56.52,22,BID
2020-10-30 10:46:19,VZ,56.53,53,ASK
2020-10-30 10:46:19,VZ,56.52,34,BID
2020-10-30 10:46:19,VZ,56.53,72,ASK
2020-10-30 10:46:20,VZ,56.52,38,BID
2020-10-30 10:46:19,VZ,56.53,74,ASK
2020-10-30 10:46:20,VZ,56.52,38,BID
2020-10-30 10:46:19,VZ,56.53,74,ASK
2020-10-30 10:46:21,VZ,56.52,37,BID
2020-10-30 10:46:19,VZ,56.53,75,ASK
2020-10-30 10:46:21,VZ,56.52,35,BID
2020-10-30 10:46:19,VZ,56.53,84,ASK
2020-10-30 10:46:21,VZ,56.52,39,BID
2020-10-30 10:46:24,VZ,56.53,77,ASK
2020-10-30 10:46:25,VZ,56.51,48,BID
2020-10-30 10:46:25,VZ,56.52,35,ASK
2020-10-30 10:46:25,VZ,56.51,49,BID
2020-10-30 10:46:25,VZ,56.52,30,ASK
2020-10-30 10:46:25,VZ,56.51,65,BID
2020-10-30 10:46:26,VZ,56.52,22,ASK
2020-10-30 10:46:27,VZ,56.52,7,BID
2020-10-30 10:46:27,VZ,56.53,50,ASK
2020-10-30 10:46:25,VZ,56.51,58,BID
2020-10-30 10:46:28,VZ,56.52,28,ASK
2020-10-30 10:46:25,VZ,56.51,64,BID
2020-10-30 10:46:29,VZ,56.52,14,ASK
2020-10-30 10:46:30,VZ,56.52,25,BID
2020-10-30 10:46:27,VZ,56.53,56,ASK
2020-10-30 10:46:31,VZ,56.52,13,BID
2020-10-30 10:46:31,VZ,56.53,31,ASK
2020-10-30 10:46:31,VZ,56.52,18,BID
2020-10-30 10:46:31,VZ,56.53,28,ASK
2020-10-30 10:46:33,VZ,56.52,14,BID
2020-10-30 10:46:33,VZ,56.53,9,ASK
2020-10-30 10:46:35,VZ,56.52,17,BID
2020-10-30 10:46:35,VZ,56.53,12,ASK
2020-10-30 10:46:36,VZ,56.52,19,BID
2020-10-30 10:46:35,VZ,56.53,27,ASK
2020-10-30 10:46:37,VZ,56.52,19,BID
2020-10-30 10:46:35,VZ,56.53,26,ASK
2020-10-30 10:46:38,VZ,56.52,22,BID
2020-10-30 10:46:35,VZ,56.53,21,ASK
2020-10-30 10:46:39,VZ,56.52,24,BID
2020-10-30 10:46:39,VZ,56.53,6,ASK
2020-10-30 10:46:40,VZ,56.52,19,BID
2020-10-30 10:46:40,VZ,56.53,14,ASK
2020-10-30 10:46:41,VZ,56.52,19,BID
2020-10-30 10:46:41,VZ,56.53,22,ASK
2020-10-30 10:46:41,VZ,56.52,3,BID
2020-10-30 10:46:41,VZ,56.53,131,ASK
2020-10-30 10:46:25,VZ,56.51,61,BID
2020-10-30 10:46:43,VZ,56.52,13,ASK
2020-10-30 10:46:25,VZ,56.51,59,BID
2020-10-30 10:46:43,VZ,56.52,42,ASK
2020-10-30 10:46:25,VZ,56.51,53,BID
2020-10-30 10:46:43,VZ,56.52,37,ASK
2020-10-30 10:46:25,VZ,56.51,54,BID
2020-10-30 10:46:43,VZ,56.52,37,ASK
2020-10-30 10:46:25,VZ,56.51,65,BID
2020-10-30 10:46:47,VZ,56.52,17,ASK
2020-10-30 10:46:48,VZ,56.52,28,BID
2020-10-30 10:46:48,VZ,56.53,50,ASK
2020-10-30 10:46:49,VZ,56.52,9,BID
2020-10-30 10:46:49,VZ,56.53,57,ASK
2020-10-30 10:46:49,VZ,56.52,16,BID
2020-10-30 10:46:50,VZ,56.53,59,ASK
2020-10-30 10:46:49,VZ,56.52,31,BID
2020-10-30 10:46:51,VZ,56.53,22,ASK
2020-10-30 10:46:49,VZ,56.52,31,BID
2020-10-30 10:46:51,VZ,56.53,23,ASK
2020-10-30 10:46:49,VZ,56.52,31,BID
2020-10-30 10:46:51,VZ,56.53,23,ASK
2020-10-30 10:46:49,VZ,56.52,31,BID
2020-10-30 10:46:51,VZ,56.53,23,ASK
2020-10-30 10:46:49,VZ,56.52,31,BID
2020-10-30 10:46:51,VZ,56.53,23,ASK
2020-10-30 10:46:49,VZ,56.52,31,BID
2020-10-30 10:46:51,VZ,56.53,23,ASK
2020-10-30 10:46:49,VZ,56.52,31,BID
2020-10-30 10:46:51,VZ,56.53,23,ASK
2020-10-30 10:46:49,VZ,56.52,31,BID
2020-10-30 10:46:51,VZ,56.53,23,ASK
2020-10-30 10:46:49,VZ,56.52,31,BID
2020-10-30 10:46:51,VZ,56.53,23,ASK
2020-10-30 10:46:49,VZ,56.52,31,BID
2020-10-30 10:46:51,VZ,56.53,23,ASK
2020-10-30 10:46:49,VZ,56.52,31,BID
2020-10-30 10:46:51,VZ,56.53,23,ASK
2020-10-30 10:46:49,VZ,56.52,31,BID
2020-10-30 10:46:51,VZ,56.53,23,ASK
2020-10-30 10:46:49,VZ,56.52,31,BID
2020-10-30 10:46:51,VZ,56.53,23,ASK
2020-10-30 10:46:49,VZ,56.52,31,BID
2020-10-30 10:46:51,VZ,56.53,23,ASK
2020-10-30 10:46:49,VZ,56.52,31,BID
2020-10-30 10:46:51,VZ,56.53,23,ASK
2020-10-30 10:46:49,VZ,56.52,31,BID
2020-10-30 10:46:51,VZ,56.53,23,ASK
2020-10-30 10:46:49,VZ,56.52,31,BID
2020-10-30 10:46:51,VZ,56.53,23,ASK
2020-10-30 10:46:49,VZ,56.52,31,BID
2020-10-30 10:46:51,VZ,56.53,23,ASK
2020-10-30 10:46:49,VZ,56.52,31,BID
2020-10-30 10:46:51,VZ,56.53,23,ASK
2020-10-30 10:46:49,VZ,56.52,31,BID
2020-10-30 10:46:51,VZ,56.53,23,ASK
2020-10-30 10:46:49,VZ,56.52,31,BID
2020-10-30 10:46:51,VZ,56.53,23,ASK
2020-10-30 10:46:49,VZ,56.52,31,BID
2020-10-30 10:46:51,VZ,56.53,23,ASK
2020-10-30 10:46:49,VZ,56.52,31,BID
2020-10-30 10:46:51,VZ,56.53,23,ASK
2020-10-30 10:46:49,VZ,56.52,31,BID
2020-10-30 10:46:51,VZ,56.53,23,ASK
2020-10-30 10:46:49,VZ,56.52,31,BID
2020-10-30 10:46:51,VZ,56.53,23,ASK
2020-10-30 10:46:49,VZ,56.52,31,BID
2020-10-30 10:46:51,VZ,56.53,23,ASK
2020-10-30 10:46:49,VZ,56.52,31,BID
2020-10-30 10:46:51,VZ,56.53,23,ASK
2020-10-30 10:46:49,VZ,56.52,31,BID
2020-10-30 10:46:55,VZ,56.53,40,ASK
2020-10-30 10:47:00,VZ,56.54,2,BID
2020-10-30 10:46:19,VZ,56.55,50,ASK
2020-10-30 10:46:59,VZ,56.53,42,BID
2020-10-30 10:47:01,VZ,56.54,25,ASK
2020-10-30 10:46:59,VZ,56.53,44,BID
2020-10-30 10:47:01,VZ,56.54,17,ASK
2020-10-30 10:46:59,VZ,56.53,44,BID
2020-10-30 10:47:01,VZ,56.54,17,ASK
2020-10-30 10:46:59,VZ,56.53,44,BID
2020-10-30 10:47:01,VZ,56.54,17,ASK
2020-10-30 10:46:59,VZ,56.53,44,BID
2020-10-30 10:47:01,VZ,56.54,17,ASK
2020-10-30 10:46:59,VZ,56.53,44,BID
2020-10-30 10:47:01,VZ,56.54,17,ASK
2020-10-30 10:46:59,VZ,56.53,44,BID
2020-10-30 10:47:01,VZ,56.54,17,ASK
2020-10-30 10:46:59,VZ,56.53,44,BID
2020-10-30 10:47:01,VZ,56.54,17,ASK
2020-10-30 10:47:02,VZ,56.53,44,BID
2020-10-30 10:47:02,VZ,56.54,17,ASK
2020-10-30 10:47:07,VZ,56.53,72,BID
2020-10-30 10:47:07,VZ,56.54,13,ASK
2020-10-30 10:47:07,VZ,56.53,48,BID
2020-10-30 10:47:07,VZ,56.54,22,ASK
2020-10-30 10:47:02,VZ,56.52,29,BID
2020-10-30 10:47:07,VZ,56.53,62,ASK
2020-10-30 10:47:07,VZ,56.52,43,BID
2020-10-30 10:47:08,VZ,56.53,34,ASK
2020-10-30 10:47:07,VZ,56.52,43,BID
2020-10-30 10:47:08,VZ,56.53,36,ASK
2020-10-30 10:47:07,VZ,56.52,43,BID
2020-10-30 10:47:08,VZ,56.53,36,ASK
2020-10-30 10:47:07,VZ,56.52,41,BID
2020-10-30 10:47:08,VZ,56.53,52,ASK
2020-10-30 10:47:07,VZ,56.52,41,BID
2020-10-30 10:47:08,VZ,56.53,52,ASK
2020-10-30 10:47:07,VZ,56.52,41,BID
2020-10-30 10:47:08,VZ,56.53,49,ASK
2020-10-30 10:47:07,VZ,56.52,41,BID
2020-10-30 10:47:09,VZ,56.53,36,ASK
2020-10-30 10:47:07,VZ,56.52,41,BID
2020-10-30 10:47:09,VZ,56.53,43,ASK
2020-10-30 10:47:07,VZ,56.52,41,BID
2020-10-30 10:47:09,VZ,56.53,43,ASK
2020-10-30 10:47:07,VZ,56.52,46,BID
2020-10-30 10:47:10,VZ,56.53,29,ASK
2020-10-30 10:47:07,VZ,56.52,43,BID
2020-10-30 10:47:11,VZ,56.53,28,ASK
2020-10-30 10:47:07,VZ,56.52,43,BID
2020-10-30 10:47:12,VZ,56.53,26,ASK
2020-10-30 10:47:07,VZ,56.52,44,BID
2020-10-30 10:47:12,VZ,56.53,26,ASK
2020-10-30 10:47:14,VZ,56.54,50,BID
2020-10-30 10:47:02,VZ,56.55,57,ASK
2020-10-30 10:47:14,VZ,56.54,50,BID
2020-10-30 10:47:02,VZ,56.55,57,ASK
2020-10-30 10:47:14,VZ,56.54,46,BID
2020-10-30 10:47:02,VZ,56.55,58,ASK
2020-10-30 10:47:17,VZ,56.54,45,BID
2020-10-30 10:47:02,VZ,56.55,49,ASK
2020-10-30 10:47:20,VZ,56.54,44,BID
2020-10-30 10:47:02,VZ,56.55,57,ASK
2020-10-30 10:47:21,VZ,56.53,44,BID
2020-10-30 10:47:21,VZ,56.54,138,ASK
2020-10-30 10:47:21,VZ,56.53,49,BID
2020-10-30 10:47:22,VZ,56.54,105,ASK
2020-10-30 10:47:21,VZ,56.53,48,BID
2020-10-30 10:47:23,VZ,56.54,110,ASK
2020-10-30 10:47:21,VZ,56.53,57,BID
2020-10-30 10:47:24,VZ,56.54,105,ASK
2020-10-30 10:47:21,VZ,56.53,57,BID
2020-10-30 10:47:24,VZ,56.54,104,ASK
2020-10-30 10:47:24,VZ,56.54,61,BID
2020-10-30 10:47:02,VZ,56.55,62,ASK
2020-10-30 10:47:25,VZ,56.54,69,BID
2020-10-30 10:47:02,VZ,56.55,62,ASK
2020-10-30 10:47:25,VZ,56.54,69,BID
2020-10-30 10:47:02,VZ,56.55,62,ASK
2020-10-30 10:47:27,VZ,56.54,69,BID
2020-10-30 10:47:02,VZ,56.55,50,ASK
2020-10-30 10:47:29,VZ,56.54,76,BID
2020-10-30 10:47:02,VZ,56.55,68,ASK
2020-10-30 10:47:29,VZ,56.54,78,BID
2020-10-30 10:47:02,VZ,56.55,50,ASK
2020-10-30 10:47:29,VZ,56.54,78,BID
2020-10-30 10:47:02,VZ,56.55,41,ASK
2020-10-30 10:47:29,VZ,56.54,73,BID
2020-10-30 10:47:33,VZ,56.55,50,ASK
2020-10-30 10:47:29,VZ,56.54,76,BID
2020-10-30 10:47:33,VZ,56.55,24,ASK
2020-10-30 10:47:29,VZ,56.54,73,BID
2020-10-30 10:47:35,VZ,56.55,50,ASK
2020-10-30 10:47:21,VZ,56.53,32,BID
2020-10-30 10:47:37,VZ,56.54,118,ASK
2020-10-30 10:47:37,VZ,56.52,39,BID
2020-10-30 10:47:37,VZ,56.53,46,ASK
2020-10-30 10:47:37,VZ,56.52,40,BID
2020-10-30 10:47:38,VZ,56.53,38,ASK
2020-10-30 10:47:37,VZ,56.52,50,BID
2020-10-30 10:47:38,VZ,56.53,33,ASK
2020-10-30 10:47:37,VZ,56.52,56,BID
2020-10-30 10:47:40,VZ,56.53,37,ASK
2020-10-30 10:47:40,VZ,56.52,50,BID
2020-10-30 10:47:40,VZ,56.53,24,ASK
2020-10-30 10:47:40,VZ,56.52,50,BID
2020-10-30 10:47:40,VZ,56.53,25,ASK
2020-10-30 10:47:40,VZ,56.52,38,BID
2020-10-30 10:47:42,VZ,56.53,39,ASK
2020-10-30 10:47:43,VZ,56.52,48,BID
2020-10-30 10:47:43,VZ,56.53,30,ASK
2020-10-30 10:47:43,VZ,56.52,48,BID
2020-10-30 10:47:43,VZ,56.53,30,ASK
2020-10-30 10:47:43,VZ,56.52,40,BID
2020-10-30 10:47:45,VZ,56.53,59,ASK
2020-10-30 10:47:43,VZ,56.52,45,BID
2020-10-30 10:47:46,VZ,56.53,28,ASK
2020-10-30 10:47:43,VZ,56.52,40,BID
2020-10-30 10:47:46,VZ,56.53,46,ASK
2020-10-30 10:47:43,VZ,56.52,34,BID
2020-10-30 10:47:48,VZ,56.52,9,ASK
2020-10-30 10:47:48,VZ,56.51,41,BID
2020-10-30 10:47:49,VZ,56.52,64,ASK
2020-10-30 10:47:48,VZ,56.51,40,BID
2020-10-30 10:47:50,VZ,56.52,67,ASK
2020-10-30 10:47:48,VZ,56.51,40,BID
2020-10-30 10:47:51,VZ,56.52,67,ASK
2020-10-30 10:47:48,VZ,56.51,40,BID
2020-10-30 10:47:52,VZ,56.52,76,ASK
2020-10-30 10:47:02,VZ,56.5,89,BID
2020-10-30 10:47:52,VZ,56.51,41,ASK
2020-10-30 10:47:02,VZ,56.5,90,BID
2020-10-30 10:47:53,VZ,56.51,21,ASK
2020-10-30 10:47:02,VZ,56.5,89,BID
2020-10-30 10:47:54,VZ,56.51,31,ASK
2020-10-30 10:47:02,VZ,56.5,64,BID
2020-10-30 10:47:54,VZ,56.51,34,ASK
2020-10-30 10:47:02,VZ,56.5,59,BID
2020-10-30 10:47:54,VZ,56.51,49,ASK
2020-10-30 10:47:02,VZ,56.48,35,BID
2020-10-30 10:47:57,VZ,56.49,21,ASK
2020-10-30 10:47:02,VZ,56.48,25,BID
2020-10-30 10:47:58,VZ,56.49,36,ASK
2020-10-30 10:47:58,VZ,56.47,52,BID
2020-10-30 10:47:58,VZ,56.48,11,ASK
2020-10-30 10:47:58,VZ,56.47,50,BID
2020-10-30 10:47:58,VZ,56.48,10,ASK
2020-10-30 10:48:00,VZ,56.46,36,BID
2020-10-30 10:48:00,VZ,56.47,18,ASK
2020-10-30 10:48:00,VZ,56.46,34,BID
2020-10-30 10:48:00,VZ,56.47,10,ASK
2020-10-30 10:48:01,VZ,56.47,24,BID
2020-10-30 10:48:00,VZ,56.48,59,ASK
2020-10-30 10:48:01,VZ,56.47,27,BID
2020-10-30 10:48:00,VZ,56.48,52,ASK
2020-10-30 10:48:03,VZ,56.47,52,BID
2020-10-30 10:48:04,VZ,56.48,25,ASK
2020-10-30 10:48:05,VZ,56.48,33,BID
2020-10-30 10:48:04,VZ,56.49,48,ASK
2020-10-30 10:48:05,VZ,56.48,42,BID
2020-10-30 10:48:06,VZ,56.49,32,ASK
2020-10-30 10:48:05,VZ,56.48,45,BID
2020-10-30 10:48:06,VZ,56.49,28,ASK
2020-10-30 10:48:08,VZ,56.49,56,BID
2020-10-30 10:47:57,VZ,56.5,55,ASK
2020-10-30 10:48:08,VZ,56.49,56,BID
2020-10-30 10:47:57,VZ,56.5,56,ASK
2020-10-30 10:48:05,VZ,56.48,59,BID
2020-10-30 10:48:10,VZ,56.49,14,ASK
2020-10-30 10:48:05,VZ,56.48,60,BID
2020-10-30 10:48:11,VZ,56.49,28,ASK
2020-10-30 10:48:05,VZ,56.48,58,BID
2020-10-30 10:48:12,VZ,56.49,24,ASK
2020-10-30 10:48:05,VZ,56.48,60,BID
2020-10-30 10:48:13,VZ,56.49,24,ASK
2020-10-30 10:48:05,VZ,56.48,56,BID
2020-10-30 10:48:15,VZ,56.49,32,ASK
2020-10-30 10:48:05,VZ,56.48,55,BID
2020-10-30 10:48:16,VZ,56.49,38,ASK
2020-10-30 10:48:05,VZ,56.48,54,BID
2020-10-30 10:48:16,VZ,56.49,39,ASK
2020-10-30 10:48:05,VZ,56.48,53,BID
2020-10-30 10:48:16,VZ,56.49,40,ASK
2020-10-30 10:48:05,VZ,56.48,55,BID
2020-10-30 10:48:16,VZ,56.49,40,ASK
2020-10-30 10:48:05,VZ,56.48,53,BID
2020-10-30 10:48:16,VZ,56.49,40,ASK
2020-10-30 10:48:05,VZ,56.48,53,BID
2020-10-30 10:48:16,VZ,56.49,40,ASK
2020-10-30 10:48:05,VZ,56.48,55,BID
2020-10-30 10:48:23,VZ,56.49,35,ASK
2020-10-30 10:48:05,VZ,56.48,55,BID
2020-10-30 10:48:24,VZ,56.49,31,ASK
2020-10-30 10:48:05,VZ,56.48,64,BID
2020-10-30 10:48:24,VZ,56.49,29,ASK
2020-10-30 10:48:26,VZ,56.49,48,BID
2020-10-30 10:47:57,VZ,56.5,56,ASK
2020-10-30 10:48:28,VZ,56.49,49,BID
2020-10-30 10:48:27,VZ,56.5,20,ASK
2020-10-30 10:48:30,VZ,56.49,49,BID
2020-10-30 10:48:30,VZ,56.5,21,ASK
2020-10-30 10:48:31,VZ,56.48,60,BID
2020-10-30 10:48:31,VZ,56.49,49,ASK
2020-10-30 10:48:31,VZ,56.48,69,BID
2020-10-30 10:48:32,VZ,56.49,34,ASK
2020-10-30 10:48:31,VZ,56.48,69,BID
2020-10-30 10:48:32,VZ,56.49,34,ASK
2020-10-30 10:48:31,VZ,56.48,69,BID
2020-10-30 10:48:32,VZ,56.49,31,ASK
2020-10-30 10:48:31,VZ,56.48,69,BID
2020-10-30 10:48:38,VZ,56.49,77,ASK
2020-10-30 10:48:31,VZ,56.48,63,BID
2020-10-30 10:48:39,VZ,56.49,63,ASK
2020-10-30 10:48:31,VZ,56.48,63,BID
2020-10-30 10:48:41,VZ,56.49,77,ASK
2020-10-30 10:48:31,VZ,56.48,67,BID
2020-10-30 10:48:43,VZ,56.49,77,ASK
2020-10-30 10:48:31,VZ,56.48,67,BID
2020-10-30 10:48:43,VZ,56.49,77,ASK
2020-10-30 10:48:03,VZ,56.47,65,BID
2020-10-30 10:48:45,VZ,56.48,80,ASK
2020-10-30 10:48:05,VZ,56.47,65,BID
2020-10-30 10:48:44,VZ,56.48,80,ASK
2020-10-30 10:48:46,VZ,56.47,40,BID
2020-10-30 10:48:44,VZ,56.48,80,ASK
2020-10-30 10:48:49,VZ,56.47,37,BID
2020-10-30 10:48:44,VZ,56.48,82,ASK
2020-10-30 10:48:50,VZ,56.47,38,BID
2020-10-30 10:48:44,VZ,56.48,82,ASK
2020-10-30 10:48:52,VZ,56.48,46,BID
2020-10-30 10:48:32,VZ,56.49,147,ASK
2020-10-30 10:48:53,VZ,56.49,6,BID
2020-10-30 10:48:53,VZ,56.5,45,ASK
2020-10-30 10:48:54,VZ,56.49,45,BID
2020-10-30 10:47:57,VZ,56.51,72,ASK
2020-10-30 10:48:56,VZ,56.49,46,BID
2020-10-30 10:48:56,VZ,56.5,41,ASK
2020-10-30 10:48:58,VZ,56.48,83,BID
2020-10-30 10:48:58,VZ,56.49,76,ASK
2020-10-30 10:48:58,VZ,56.48,81,BID
2020-10-30 10:48:58,VZ,56.49,45,ASK
2020-10-30 10:48:59,VZ,56.47,35,BID
2020-10-30 10:49:00,VZ,56.48,28,ASK
2020-10-30 10:48:59,VZ,56.47,35,BID
2020-10-30 10:49:00,VZ,56.48,28,ASK
2020-10-30 10:48:59,VZ,56.47,49,BID
2020-10-30 10:49:01,VZ,56.48,26,ASK
2020-10-30 10:48:59,VZ,56.47,49,BID
2020-10-30 10:49:01,VZ,56.48,26,ASK
2020-10-30 10:48:59,VZ,56.47,49,BID
2020-10-30 10:49:01,VZ,56.48,26,ASK
2020-10-30 10:48:59,VZ,56.47,49,BID
2020-10-30 10:49:01,VZ,56.48,26,ASK
2020-10-30 10:48:59,VZ,56.47,49,BID
2020-10-30 10:49:01,VZ,56.48,26,ASK
2020-10-30 10:48:59,VZ,56.47,49,BID
2020-10-30 10:49:01,VZ,56.48,26,ASK
2020-10-30 10:48:59,VZ,56.47,49,BID
2020-10-30 10:49:01,VZ,56.48,26,ASK
2020-10-30 10:48:59,VZ,56.47,49,BID
2020-10-30 10:49:01,VZ,56.48,26,ASK
2020-10-30 10:48:59,VZ,56.47,49,BID
2020-10-30 10:49:01,VZ,56.48,26,ASK
2020-10-30 10:48:59,VZ,56.47,49,BID
2020-10-30 10:49:01,VZ,56.48,26,ASK
2020-10-30 10:48:59,VZ,56.47,49,BID
2020-10-30 10:49:01,VZ,56.48,26,ASK
2020-10-30 10:48:59,VZ,56.47,49,BID
2020-10-30 10:49:01,VZ,56.48,26,ASK
2020-10-30 10:48:59,VZ,56.47,49,BID
2020-10-30 10:49:01,VZ,56.48,26,ASK
2020-10-30 10:48:59,VZ,56.47,49,BID
2020-10-30 10:49:01,VZ,56.48,26,ASK
2020-10-30 10:48:59,VZ,56.47,49,BID
2020-10-30 10:49:01,VZ,56.48,26,ASK
2020-10-30 10:48:59,VZ,56.47,49,BID
2020-10-30 10:49:01,VZ,56.48,26,ASK
2020-10-30 10:48:59,VZ,56.47,49,BID
2020-10-30 10:49:01,VZ,56.48,26,ASK
2020-10-30 10:48:59,VZ,56.47,49,BID
2020-10-30 10:49:01,VZ,56.48,26,ASK
2020-10-30 10:48:59,VZ,56.47,49,BID
2020-10-30 10:49:01,VZ,56.48,26,ASK
2020-10-30 10:48:59,VZ,56.47,49,BID
2020-10-30 10:49:01,VZ,56.48,26,ASK
2020-10-30 10:48:59,VZ,56.47,49,BID
2020-10-30 10:49:01,VZ,56.48,26,ASK
2020-10-30 10:48:59,VZ,56.47,49,BID
2020-10-30 10:49:01,VZ,56.48,26,ASK
2020-10-30 10:48:59,VZ,56.47,49,BID
2020-10-30 10:49:01,VZ,56.48,26,ASK
2020-10-30 10:48:59,VZ,56.47,49,BID
2020-10-30 10:49:01,VZ,56.48,26,ASK
2020-10-30 10:48:59,VZ,56.47,49,BID
2020-10-30 10:49:01,VZ,56.48,26,ASK
2020-10-30 10:48:59,VZ,56.47,49,BID
2020-10-30 10:49:01,VZ,56.48,26,ASK
2020-10-30 10:49:08,VZ,56.48,33,BID
2020-10-30 10:49:08,VZ,56.49,19,ASK
2020-10-30 10:49:08,VZ,56.48,60,BID
2020-10-30 10:49:09,VZ,56.49,32,ASK
2020-10-30 10:49:08,VZ,56.48,64,BID
2020-10-30 10:49:10,VZ,56.49,14,ASK
2020-10-30 10:49:12,VZ,56.49,78,BID
2020-10-30 10:49:12,VZ,56.51,43,ASK
2020-10-30 10:49:13,VZ,56.49,67,BID
2020-10-30 10:49:13,VZ,56.5,26,ASK
2020-10-30 10:49:15,VZ,56.49,65,BID
2020-10-30 10:49:14,VZ,56.5,58,ASK
2020-10-30 10:49:15,VZ,56.49,65,BID
2020-10-30 10:49:14,VZ,56.5,45,ASK
2020-10-30 10:49:15,VZ,56.49,65,BID
2020-10-30 10:49:14,VZ,56.5,44,ASK
2020-10-30 10:49:08,VZ,56.48,66,BID
2020-10-30 10:49:17,VZ,56.49,90,ASK
2020-10-30 10:49:18,VZ,56.49,10,BID
2020-10-30 10:49:14,VZ,56.5,41,ASK
2020-10-30 10:49:08,VZ,56.48,65,BID
2020-10-30 10:49:18,VZ,56.49,20,ASK
2020-10-30 10:49:08,VZ,56.48,65,BID
2020-10-30 10:49:18,VZ,56.49,33,ASK
2020-10-30 10:49:08,VZ,56.48,63,BID
2020-10-30 10:49:18,VZ,56.49,36,ASK
2020-10-30 10:49:08,VZ,56.48,66,BID
2020-10-30 10:49:18,VZ,56.49,30,ASK
2020-10-30 10:49:08,VZ,56.48,63,BID
2020-10-30 10:49:24,VZ,56.49,32,ASK
2020-10-30 10:49:08,VZ,56.48,69,BID
2020-10-30 10:49:25,VZ,56.49,23,ASK
2020-10-30 10:49:27,VZ,56.5,24,BID
2020-10-30 10:49:27,VZ,56.51,30,ASK
2020-10-30 10:49:29,VZ,56.5,34,BID
2020-10-30 10:49:29,VZ,56.51,17,ASK
2020-10-30 10:49:31,VZ,56.51,41,BID
2020-10-30 10:47:48,VZ,56.52,58,ASK
2020-10-30 10:49:32,VZ,56.52,30,BID
2020-10-30 10:47:46,VZ,56.53,50,ASK
2020-10-30 10:49:32,VZ,56.52,30,BID
2020-10-30 10:47:46,VZ,56.53,50,ASK
2020-10-30 10:49:32,VZ,56.52,30,BID
2020-10-30 10:47:46,VZ,56.53,50,ASK
2020-10-30 10:49:32,VZ,56.52,30,BID
2020-10-30 10:47:46,VZ,56.53,50,ASK
2020-10-30 10:49:32,VZ,56.52,30,BID
2020-10-30 10:47:46,VZ,56.53,50,ASK
2020-10-30 10:49:32,VZ,56.52,30,BID
2020-10-30 10:47:46,VZ,56.53,50,ASK
2020-10-30 10:49:32,VZ,56.52,27,BID
2020-10-30 10:49:32,VZ,56.53,50,ASK
2020-10-30 10:49:32,VZ,56.52,27,BID
2020-10-30 10:49:32,VZ,56.53,64,ASK
2020-10-30 10:49:32,VZ,56.51,54,BID
2020-10-30 10:49:37,VZ,56.52,6,ASK
2020-10-30 10:49:38,VZ,56.52,34,BID
2020-10-30 10:49:32,VZ,56.53,42,ASK
2020-10-30 10:49:38,VZ,56.52,35,BID
2020-10-30 10:49:32,VZ,56.53,42,ASK
2020-10-30 10:49:39,VZ,56.52,41,BID
2020-10-30 10:49:32,VZ,56.53,36,ASK
2020-10-30 10:49:40,VZ,56.52,38,BID
2020-10-30 10:49:32,VZ,56.53,37,ASK
2020-10-30 10:49:40,VZ,56.52,38,BID
2020-10-30 10:49:32,VZ,56.53,37,ASK
2020-10-30 10:49:40,VZ,56.52,53,BID
2020-10-30 10:49:32,VZ,56.53,38,ASK
2020-10-30 10:49:40,VZ,56.52,57,BID
2020-10-30 10:49:32,VZ,56.53,36,ASK
2020-10-30 10:49:40,VZ,56.52,59,BID
2020-10-30 10:49:32,VZ,56.53,24,ASK
2020-10-30 10:49:40,VZ,56.52,72,BID
2020-10-30 10:49:49,VZ,56.53,25,ASK
2020-10-30 10:49:49,VZ,56.53,29,BID
2020-10-30 10:49:49,VZ,56.54,35,ASK
2020-10-30 10:49:51,VZ,56.53,24,BID
2020-10-30 10:49:49,VZ,56.54,28,ASK
2020-10-30 10:49:52,VZ,56.53,30,BID
2020-10-30 10:49:49,VZ,56.54,27,ASK
2020-10-30 10:49:40,VZ,56.52,67,BID
2020-10-30 10:49:53,VZ,56.53,109,ASK
2020-10-30 10:49:40,VZ,56.52,78,BID
2020-10-30 10:49:54,VZ,56.53,96,ASK
2020-10-30 10:49:40,VZ,56.52,75,BID
2020-10-30 10:49:55,VZ,56.53,99,ASK
2020-10-30 10:49:40,VZ,56.52,75,BID
2020-10-30 10:49:57,VZ,56.53,100,ASK
2020-10-30 10:49:37,VZ,56.51,52,BID
2020-10-30 10:49:59,VZ,56.52,57,ASK
2020-10-30 10:50:00,VZ,56.52,28,BID
2020-10-30 10:50:00,VZ,56.53,89,ASK
2020-10-30 10:50:01,VZ,56.52,10,BID
2020-10-30 10:50:01,VZ,56.53,97,ASK
2020-10-30 10:50:02,VZ,56.52,25,BID
2020-10-30 10:50:02,VZ,56.53,45,ASK
2020-10-30 10:49:37,VZ,56.51,69,BID
2020-10-30 10:50:02,VZ,56.52,48,ASK
2020-10-30 10:49:37,VZ,56.51,64,BID
2020-10-30 10:50:03,VZ,56.52,32,ASK
2020-10-30 10:50:04,VZ,56.51,8,BID
2020-10-30 10:50:04,VZ,56.52,29,ASK
2020-10-30 10:50:04,VZ,56.5,24,BID
2020-10-30 10:50:04,VZ,56.51,45,ASK
2020-10-30 10:50:05,VZ,56.5,26,BID
2020-10-30 10:50:05,VZ,56.51,23,ASK
2020-10-30 10:50:06,VZ,56.5,26,BID
2020-10-30 10:50:05,VZ,56.51,39,ASK
2020-10-30 10:49:32,VZ,56.49,48,BID
2020-10-30 10:50:07,VZ,56.5,67,ASK
2020-10-30 10:50:08,VZ,56.49,39,BID
2020-10-30 10:50:08,VZ,56.5,11,ASK
2020-10-30 10:50:08,VZ,56.5,12,BID
2020-10-30 10:50:05,VZ,56.51,40,ASK
2020-10-30 10:50:09,VZ,56.51,45,BID
2020-10-30 10:50:09,VZ,56.52,14,ASK
2020-10-30 10:50:08,VZ,56.5,22,BID
2020-10-30 10:50:10,VZ,56.51,14,ASK
2020-10-30 10:50:08,VZ,56.5,38,BID
2020-10-30 10:50:09,VZ,56.52,43,ASK
2020-10-30 10:50:12,VZ,56.51,16,BID
2020-10-30 10:50:13,VZ,56.52,40,ASK
2020-10-30 10:50:12,VZ,56.51,29,BID
2020-10-30 10:50:14,VZ,56.52,32,ASK
2020-10-30 10:50:12,VZ,56.51,28,BID
2020-10-30 10:50:14,VZ,56.52,39,ASK
2020-10-30 10:50:12,VZ,56.51,19,BID
2020-10-30 10:50:16,VZ,56.52,42,ASK
2020-10-30 10:50:12,VZ,56.51,32,BID
2020-10-30 10:50:16,VZ,56.52,31,ASK
2020-10-30 10:50:12,VZ,56.51,19,BID
2020-10-30 10:50:17,VZ,56.52,32,ASK
2020-10-30 10:50:18,VZ,56.51,28,BID
2020-10-30 10:50:18,VZ,56.52,30,ASK
2020-10-30 10:50:08,VZ,56.5,25,BID
2020-10-30 10:50:21,VZ,56.51,126,ASK
2020-10-30 10:50:08,VZ,56.5,38,BID
2020-10-30 10:50:22,VZ,56.51,24,ASK
2020-10-30 10:50:08,VZ,56.5,23,BID
2020-10-30 10:50:23,VZ,56.51,35,ASK
2020-10-30 10:50:08,VZ,56.5,35,BID
2020-10-30 10:50:25,VZ,56.51,19,ASK
2020-10-30 10:50:08,VZ,56.5,21,BID
2020-10-30 10:50:25,VZ,56.51,62,ASK
2020-10-30 10:50:08,VZ,56.5,21,BID
2020-10-30 10:50:25,VZ,56.51,62,ASK
2020-10-30 10:50:08,VZ,56.5,18,BID
2020-10-30 10:50:25,VZ,56.51,62,ASK
2020-10-30 10:50:29,VZ,56.49,34,BID
2020-10-30 10:50:29,VZ,56.5,68,ASK
2020-10-30 10:50:30,VZ,56.49,42,BID
2020-10-30 10:50:31,VZ,56.5,66,ASK
2020-10-30 10:50:33,VZ,56.5,67,BID
2020-10-30 10:50:25,VZ,56.51,21,ASK
2020-10-30 10:50:33,VZ,56.51,35,BID
2020-10-30 10:50:33,VZ,56.52,48,ASK
2020-10-30 10:50:34,VZ,56.51,52,BID
2020-10-30 10:50:33,VZ,56.52,29,ASK
2020-10-30 10:50:34,VZ,56.52,43,BID
2020-10-30 10:50:34,VZ,56.53,65,ASK
2020-10-30 10:50:34,VZ,56.52,48,BID
2020-10-30 10:50:35,VZ,56.53,65,ASK
2020-10-30 10:50:34,VZ,56.52,47,BID
2020-10-30 10:50:36,VZ,56.53,65,ASK
2020-10-30 10:50:33,VZ,56.51,33,BID
2020-10-30 10:50:37,VZ,56.52,94,ASK
2020-10-30 10:50:33,VZ,56.51,32,BID
2020-10-30 10:50:37,VZ,56.52,98,ASK
2020-10-30 10:50:32,VZ,56.5,48,BID
2020-10-30 10:50:41,VZ,56.51,61,ASK
2020-10-30 10:50:42,VZ,56.5,49,BID
2020-10-30 10:50:43,VZ,56.51,36,ASK
2020-10-30 10:50:43,VZ,56.5,26,BID
2020-10-30 10:50:44,VZ,56.51,38,ASK
2020-10-30 10:50:43,VZ,56.5,19,BID
2020-10-30 10:50:45,VZ,56.51,43,ASK
2020-10-30 10:50:47,VZ,56.49,18,BID
2020-10-30 10:50:47,VZ,56.5,27,ASK
2020-10-30 10:50:48,VZ,56.49,13,BID
2020-10-30 10:50:47,VZ,56.5,29,ASK
2020-10-30 10:50:50,VZ,56.48,69,BID
2020-10-30 10:50:50,VZ,56.49,40,ASK
2020-10-30 10:50:53,VZ,56.48,23,BID
2020-10-30 10:50:52,VZ,56.49,36,ASK
2020-10-30 10:50:53,VZ,56.47,41,BID
2020-10-30 10:50:54,VZ,56.48,69,ASK
2020-10-30 10:50:55,VZ,56.47,40,BID
2020-10-30 10:50:56,VZ,56.48,47,ASK
2020-10-30 10:50:57,VZ,56.48,73,BID
2020-10-30 10:50:52,VZ,56.49,49,ASK
2020-10-30 10:50:57,VZ,56.48,12,BID
2020-10-30 10:50:52,VZ,56.49,36,ASK
2020-10-30 10:50:58,VZ,56.48,32,BID
2020-10-30 10:50:52,VZ,56.49,20,ASK
2020-10-30 10:50:58,VZ,56.48,32,BID
2020-10-30 10:50:52,VZ,56.49,20,ASK
2020-10-30 10:50:58,VZ,56.48,32,BID
2020-10-30 10:50:52,VZ,56.49,22,ASK
2020-10-30 10:51:01,VZ,56.48,34,BID
2020-10-30 10:50:52,VZ,56.49,24,ASK
2020-10-30 10:51:02,VZ,56.48,36,BID
2020-10-30 10:50:52,VZ,56.49,22,ASK
2020-10-30 10:51:02,VZ,56.48,36,BID
2020-10-30 10:50:52,VZ,56.49,16,ASK
2020-10-30 10:51:03,VZ,56.49,67,BID
2020-10-30 10:51:03,VZ,56.5,22,ASK
2020-10-30 10:51:04,VZ,56.49,68,BID
2020-10-30 10:51:04,VZ,56.5,20,ASK
2020-10-30 10:51:03,VZ,56.48,83,BID
2020-10-30 10:51:05,VZ,56.49,26,ASK
2020-10-30 10:51:06,VZ,56.49,2,BID
2020-10-30 10:51:06,VZ,56.49,27,ASK
2020-10-30 10:51:06,VZ,56.49,2,BID
2020-10-30 10:51:06,VZ,56.5,36,ASK
2020-10-30 10:51:03,VZ,56.48,82,BID
2020-10-30 10:51:08,VZ,56.49,34,ASK
2020-10-30 10:51:03,VZ,56.48,90,BID
2020-10-30 10:51:08,VZ,56.49,21,ASK
2020-10-30 10:51:03,VZ,56.48,74,BID
2020-10-30 10:51:08,VZ,56.49,38,ASK
2020-10-30 10:51:03,VZ,56.48,74,BID
2020-10-30 10:51:08,VZ,56.49,38,ASK
2020-10-30 10:51:03,VZ,56.48,76,BID
2020-10-30 10:51:08,VZ,56.49,29,ASK
2020-10-30 10:51:03,VZ,56.48,74,BID
2020-10-30 10:51:08,VZ,56.49,52,ASK
2020-10-30 10:51:03,VZ,56.48,74,BID
2020-10-30 10:51:08,VZ,56.49,52,ASK
2020-10-30 10:51:03,VZ,56.48,74,BID
2020-10-30 10:51:08,VZ,56.49,51,ASK
2020-10-30 10:51:19,VZ,56.49,13,BID
2020-10-30 10:51:19,VZ,56.49,34,ASK
2020-10-30 10:51:19,VZ,56.49,74,BID
2020-10-30 10:51:06,VZ,56.5,31,ASK
2020-10-30 10:51:20,VZ,56.5,26,BID
2020-10-30 10:51:20,VZ,56.51,27,ASK
2020-10-30 10:51:20,VZ,56.5,48,BID
2020-10-30 10:51:20,VZ,56.51,18,ASK
2020-10-30 10:51:20,VZ,56.51,52,BID
2020-10-30 10:51:20,VZ,56.52,29,ASK
2020-10-30 10:51:21,VZ,56.51,41,BID
2020-10-30 10:51:20,VZ,56.52,39,ASK
2020-10-30 10:51:21,VZ,56.51,54,BID
2020-10-30 10:51:21,VZ,56.52,34,ASK
2020-10-30 10:51:21,VZ,56.51,50,BID
2020-10-30 10:51:21,VZ,56.52,37,ASK
2020-10-30 10:51:21,VZ,56.51,46,BID
2020-10-30 10:51:21,VZ,56.52,55,ASK
2020-10-30 10:51:21,VZ,56.51,46,BID
2020-10-30 10:51:21,VZ,56.52,55,ASK
2020-10-30 10:51:21,VZ,56.51,46,BID
2020-10-30 10:51:21,VZ,56.52,55,ASK
2020-10-30 10:51:21,VZ,56.51,46,BID
2020-10-30 10:51:21,VZ,56.52,55,ASK
2020-10-30 10:51:21,VZ,56.51,46,BID
2020-10-30 10:51:21,VZ,56.52,55,ASK
2020-10-30 10:51:21,VZ,56.51,46,BID
2020-10-30 10:51:21,VZ,56.52,55,ASK
2020-10-30 10:51:21,VZ,56.51,46,BID
2020-10-30 10:51:21,VZ,56.52,55,ASK
2020-10-30 10:51:21,VZ,56.51,46,BID
2020-10-30 10:51:21,VZ,56.52,55,ASK
2020-10-30 10:51:21,VZ,56.51,46,BID
2020-10-30 10:51:21,VZ,56.52,55,ASK
2020-10-30 10:51:21,VZ,56.51,46,BID
2020-10-30 10:51:21,VZ,56.52,55,ASK
2020-10-30 10:51:21,VZ,56.51,46,BID
2020-10-30 10:51:21,VZ,56.52,55,ASK
2020-10-30 10:51:21,VZ,56.51,46,BID
2020-10-30 10:51:21,VZ,56.52,55,ASK
2020-10-30 10:51:21,VZ,56.51,46,BID
2020-10-30 10:51:21,VZ,56.52,55,ASK
2020-10-30 10:51:21,VZ,56.51,46,BID
2020-10-30 10:51:21,VZ,56.52,55,ASK
2020-10-30 10:51:21,VZ,56.51,46,BID
2020-10-30 10:51:21,VZ,56.52,55,ASK
2020-10-30 10:51:21,VZ,56.51,46,BID
2020-10-30 10:51:21,VZ,56.52,55,ASK
2020-10-30 10:51:21,VZ,56.51,46,BID
2020-10-30 10:51:21,VZ,56.52,55,ASK
2020-10-30 10:51:21,VZ,56.51,46,BID
2020-10-30 10:51:21,VZ,56.52,55,ASK
2020-10-30 10:51:21,VZ,56.51,46,BID
2020-10-30 10:51:21,VZ,56.52,55,ASK
2020-10-30 10:51:22,VZ,56.51,46,BID
2020-10-30 10:51:21,VZ,56.52,55,ASK
2020-10-30 10:51:22,VZ,56.51,46,BID
2020-10-30 10:51:21,VZ,56.52,55,ASK
2020-10-30 10:51:22,VZ,56.51,46,BID
2020-10-30 10:51:21,VZ,56.52,55,ASK
2020-10-30 10:51:22,VZ,56.51,46,BID
2020-10-30 10:51:21,VZ,56.52,55,ASK
2020-10-30 10:51:22,VZ,56.51,46,BID
2020-10-30 10:51:21,VZ,56.52,55,ASK
2020-10-30 10:51:22,VZ,56.51,46,BID
2020-10-30 10:51:21,VZ,56.52,55,ASK
2020-10-30 10:51:22,VZ,56.51,46,BID
2020-10-30 10:51:21,VZ,56.52,55,ASK
2020-10-30 10:51:22,VZ,56.51,46,BID
2020-10-30 10:51:21,VZ,56.52,55,ASK
2020-10-30 10:51:34,VZ,56.55,50,BID
2020-10-30 10:51:34,VZ,56.56,41,ASK
2020-10-30 10:51:36,VZ,56.54,42,BID
2020-10-30 10:51:36,VZ,56.55,27,ASK
2020-10-30 10:51:37,VZ,56.55,53,BID
2020-10-30 10:51:37,VZ,56.56,42,ASK
2020-10-30 10:51:39,VZ,56.55,66,BID
2020-10-30 10:51:37,VZ,56.56,40,ASK
2020-10-30 10:51:40,VZ,56.55,49,BID
2020-10-30 10:51:40,VZ,56.56,25,ASK
2020-10-30 10:51:41,VZ,56.55,45,BID
2020-10-30 10:51:40,VZ,56.56,41,ASK
2020-10-30 10:51:42,VZ,56.55,64,BID
2020-10-30 10:51:40,VZ,56.56,11,ASK
2020-10-30 10:51:43,VZ,56.55,79,BID
2020-10-30 10:51:42,VZ,56.56,12,ASK
2020-10-30 10:51:44,VZ,56.56,28,BID
2020-10-30 10:51:44,VZ,56.57,25,ASK
2020-10-30 10:51:44,VZ,56.56,37,BID
2020-10-30 10:51:44,VZ,56.57,24,ASK
2020-10-30 10:51:45,VZ,56.56,46,BID
2020-10-30 10:51:44,VZ,56.57,24,ASK
