timestamp,ticker,price,volume,bid_ask
2020-10-30 10:31:24,WBA,33.73,18,BID
2020-10-30 10:31:24,WBA,33.74,3,ASK
2020-10-30 10:31:28,WBA,33.73,18,BID
2020-10-30 10:31:27,WBA,33.74,17,ASK
2020-10-30 10:31:28,WBA,33.73,18,BID
2020-10-30 10:31:27,WBA,33.74,21,ASK
2020-10-30 10:31:29,WBA,33.73,18,BID
2020-10-30 10:31:27,WBA,33.74,20,ASK
2020-10-30 10:31:29,WBA,33.73,18,BID
2020-10-30 10:31:27,WBA,33.74,20,ASK
2020-10-30 10:31:32,WBA,33.72,17,BID
2020-10-30 10:31:32,WBA,33.73,9,ASK
2020-10-30 10:31:32,WBA,33.7,22,BID
2020-10-30 10:31:32,WBA,33.71,19,ASK
2020-10-30 10:31:33,WBA,33.7,22,BID
2020-10-30 10:31:33,WBA,33.71,25,ASK
2020-10-30 10:31:35,WBA,33.7,22,BID
2020-10-30 10:31:35,WBA,33.71,22,ASK
2020-10-30 10:31:35,WBA,33.7,22,BID
2020-10-30 10:31:35,WBA,33.71,22,ASK
2020-10-30 10:31:36,WBA,33.7,22,BID
2020-10-30 10:31:36,WBA,33.71,25,ASK
2020-10-30 10:31:38,WBA,33.7,22,BID
2020-10-30 10:31:38,WBA,33.71,23,ASK
2020-10-30 10:31:39,WBA,33.7,22,BID
2020-10-30 10:31:38,WBA,33.71,21,ASK
2020-10-30 10:31:39,WBA,33.7,22,BID
2020-10-30 10:31:39,WBA,33.71,21,ASK
2020-10-30 10:31:39,WBA,33.7,22,BID
2020-10-30 10:31:39,WBA,33.71,21,ASK
2020-10-30 10:31:42,WBA,33.7,22,BID
2020-10-30 10:31:42,WBA,33.71,18,ASK
2020-10-30 10:01:25,WBA,33.68,9,BID
2020-10-30 10:31:42,WBA,33.7,12,ASK
2020-10-30 10:31:44,WBA,33.69,14,BID
2020-10-30 10:31:44,WBA,33.7,10,ASK
2020-10-30 10:31:44,WBA,33.69,15,BID
2020-10-30 10:31:44,WBA,33.7,10,ASK
2020-10-30 10:31:44,WBA,33.69,15,BID
2020-10-30 10:31:45,WBA,33.7,10,ASK
2020-10-30 10:31:44,WBA,33.69,17,BID
2020-10-30 10:31:47,WBA,33.7,10,ASK
2020-10-30 10:31:47,WBA,33.7,5,BID
2020-10-30 10:31:47,WBA,33.71,43,ASK
2020-10-30 10:31:48,WBA,33.7,6,BID
2020-10-30 10:31:48,WBA,33.71,43,ASK
2020-10-30 10:31:48,WBA,33.7,5,BID
2020-10-30 10:31:49,WBA,33.71,43,ASK
2020-10-30 10:31:44,WBA,33.69,13,BID
2020-10-30 10:31:51,WBA,33.7,11,ASK
2020-10-30 10:31:52,WBA,33.66,7,BID
2020-10-30 10:31:52,WBA,33.68,21,ASK
2020-10-30 10:31:53,WBA,33.67,6,BID
2020-10-30 10:31:53,WBA,33.68,4,ASK
2020-10-30 10:31:54,WBA,33.66,5,BID
2020-10-30 10:31:53,WBA,33.68,13,ASK
2020-10-30 10:31:54,WBA,33.66,6,BID
2020-10-30 10:31:53,WBA,33.68,16,ASK
2020-10-30 10:31:54,WBA,33.66,6,BID
2020-10-30 10:31:53,WBA,33.68,16,ASK
2020-10-30 10:31:54,WBA,33.66,5,BID
2020-10-30 10:31:57,WBA,33.67,4,ASK
2020-10-30 10:31:54,WBA,33.66,6,BID
2020-10-30 10:31:57,WBA,33.67,8,ASK
2020-10-30 10:31:54,WBA,33.66,6,BID
2020-10-30 10:31:58,WBA,33.67,7,ASK
2020-10-30 10:31:54,WBA,33.66,6,BID
2020-10-30 10:31:58,WBA,33.67,9,ASK
2020-10-30 10:32:00,WBA,33.65,13,BID
2020-10-30 10:32:00,WBA,33.66,12,ASK
2020-10-30 10:32:00,WBA,33.65,10,BID
2020-10-30 10:32:00,WBA,33.66,22,ASK
2020-10-30 10:32:00,WBA,33.65,10,BID
2020-10-30 10:32:00,WBA,33.66,18,ASK
2020-10-30 10:32:01,WBA,33.65,6,BID
2020-10-30 10:32:01,WBA,33.66,21,ASK
2020-10-30 10:32:01,WBA,33.65,13,BID
2020-10-30 10:32:01,WBA,33.66,15,ASK
2020-10-30 10:32:01,WBA,33.65,12,BID
2020-10-30 10:32:02,WBA,33.66,16,ASK
2020-10-30 10:32:03,WBA,33.65,10,BID
2020-10-30 10:32:03,WBA,33.66,19,ASK
2020-10-30 10:32:03,WBA,33.65,10,BID
2020-10-30 10:32:03,WBA,33.66,19,ASK
2020-10-30 10:32:03,WBA,33.65,13,BID
2020-10-30 10:32:04,WBA,33.66,16,ASK
2020-10-30 10:32:03,WBA,33.65,12,BID
2020-10-30 10:32:04,WBA,33.66,15,ASK
2020-10-30 10:32:03,WBA,33.65,12,BID
2020-10-30 10:32:04,WBA,33.66,15,ASK
2020-10-30 10:32:03,WBA,33.65,12,BID
2020-10-30 10:32:04,WBA,33.66,15,ASK
2020-10-30 10:32:09,WBA,33.65,12,BID
2020-10-30 10:32:08,WBA,33.66,21,ASK
2020-10-30 10:32:09,WBA,33.66,11,BID
2020-10-30 10:32:09,WBA,33.67,6,ASK
2020-10-30 10:32:10,WBA,33.66,8,BID
2020-10-30 10:32:09,WBA,33.67,9,ASK
2020-10-30 10:32:10,WBA,33.66,8,BID
2020-10-30 10:32:09,WBA,33.67,9,ASK
2020-10-30 10:32:12,WBA,33.66,14,BID
2020-10-30 10:32:09,WBA,33.67,6,ASK
2020-10-30 10:32:13,WBA,33.67,16,BID
2020-10-30 10:32:13,WBA,33.68,17,ASK
2020-10-30 10:32:15,WBA,33.66,22,BID
2020-10-30 10:32:15,WBA,33.68,17,ASK
2020-10-30 10:32:16,WBA,33.65,15,BID
2020-10-30 10:32:16,WBA,33.67,4,ASK
2020-10-30 10:32:17,WBA,33.65,19,BID
2020-10-30 10:32:17,WBA,33.67,4,ASK
2020-10-30 10:32:17,WBA,33.65,19,BID
2020-10-30 10:32:17,WBA,33.67,4,ASK
2020-10-30 10:32:19,WBA,33.65,20,BID
2020-10-30 10:32:19,WBA,33.66,16,ASK
2020-10-30 10:32:19,WBA,33.65,19,BID
2020-10-30 10:32:19,WBA,33.66,11,ASK
2020-10-30 10:32:20,WBA,33.65,4,BID
2020-10-30 10:32:19,WBA,33.66,11,ASK
2020-10-30 10:32:20,WBA,33.65,3,BID
2020-10-30 10:32:19,WBA,33.66,11,ASK
2020-10-30 10:32:20,WBA,33.65,2,BID
2020-10-30 10:32:19,WBA,33.66,10,ASK
2020-10-30 10:32:21,WBA,33.65,7,BID
2020-10-30 10:32:19,WBA,33.66,11,ASK
2020-10-30 10:32:21,WBA,33.65,9,BID
2020-10-30 10:32:19,WBA,33.66,9,ASK
2020-10-30 10:32:21,WBA,33.65,9,BID
2020-10-30 10:32:19,WBA,33.66,9,ASK
2020-10-30 10:32:21,WBA,33.65,10,BID
2020-10-30 10:32:23,WBA,33.66,12,ASK
2020-10-30 10:32:20,WBA,33.64,21,BID
2020-10-30 10:32:24,WBA,33.65,3,ASK
2020-10-30 10:32:24,WBA,33.64,24,BID
2020-10-30 10:32:24,WBA,33.65,16,ASK
2020-10-30 10:32:24,WBA,33.64,23,BID
2020-10-30 10:32:25,WBA,33.65,19,ASK
2020-10-30 10:32:25,WBA,33.63,8,BID
2020-10-30 10:32:25,WBA,33.64,11,ASK
2020-10-30 10:32:25,WBA,33.64,18,BID
2020-10-30 10:32:25,WBA,33.65,17,ASK
2020-10-30 10:32:26,WBA,33.64,18,BID
2020-10-30 10:32:25,WBA,33.65,15,ASK
2020-10-30 10:32:26,WBA,33.62,9,BID
2020-10-30 10:32:26,WBA,33.64,22,ASK
2020-10-30 10:32:26,WBA,33.62,20,BID
2020-10-30 10:32:26,WBA,33.64,19,ASK
2020-10-30 10:32:26,WBA,33.62,20,BID
2020-10-30 10:32:26,WBA,33.64,19,ASK
2020-10-30 10:32:26,WBA,33.62,23,BID
2020-10-30 10:32:27,WBA,33.64,19,ASK
2020-10-30 10:32:28,WBA,33.62,22,BID
2020-10-30 10:32:28,WBA,33.64,19,ASK
2020-10-30 10:32:28,WBA,33.62,22,BID
2020-10-30 10:32:28,WBA,33.64,19,ASK
2020-10-30 10:32:30,WBA,33.62,13,BID
2020-10-30 10:32:31,WBA,33.64,17,ASK
2020-10-30 10:32:30,WBA,33.62,17,BID
2020-10-30 10:32:31,WBA,33.64,17,ASK
2020-10-30 10:32:30,WBA,33.62,17,BID
2020-10-30 10:32:31,WBA,33.64,17,ASK
2020-10-30 10:32:30,WBA,33.62,16,BID
2020-10-30 10:32:31,WBA,33.64,17,ASK
2020-10-30 10:32:30,WBA,33.62,18,BID
2020-10-30 10:32:32,WBA,33.64,21,ASK
2020-10-30 10:32:33,WBA,33.64,10,BID
2020-10-30 10:32:25,WBA,33.65,20,ASK
2020-10-30 10:32:34,WBA,33.64,11,BID
2020-10-30 10:32:34,WBA,33.65,18,ASK
2020-10-30 10:32:35,WBA,33.64,12,BID
2020-10-30 10:32:23,WBA,33.66,14,ASK
2020-10-30 10:32:36,WBA,33.63,21,BID
2020-10-30 10:32:36,WBA,33.65,9,ASK
2020-10-30 10:32:36,WBA,33.63,21,BID
2020-10-30 10:32:37,WBA,33.65,8,ASK
2020-10-30 10:32:36,WBA,33.63,21,BID
2020-10-30 10:32:38,WBA,33.65,4,ASK
2020-10-30 10:32:36,WBA,33.63,21,BID
2020-10-30 10:32:38,WBA,33.65,4,ASK
2020-10-30 10:32:36,WBA,33.63,21,BID
2020-10-30 10:32:39,WBA,33.65,3,ASK
2020-10-30 10:32:36,WBA,33.63,21,BID
2020-10-30 10:32:39,WBA,33.65,3,ASK
2020-10-30 10:32:36,WBA,33.63,21,BID
2020-10-30 10:32:39,WBA,33.65,3,ASK
2020-10-30 10:32:42,WBA,33.63,21,BID
2020-10-30 10:32:42,WBA,33.65,3,ASK
2020-10-30 10:32:43,WBA,33.64,6,BID
2020-10-30 10:32:43,WBA,33.66,19,ASK
2020-10-30 10:32:44,WBA,33.64,8,BID
2020-10-30 10:32:44,WBA,33.65,7,ASK
2020-10-30 10:32:45,WBA,33.63,22,BID
2020-10-30 10:32:45,WBA,33.65,6,ASK
2020-10-30 10:32:45,WBA,33.63,22,BID
2020-10-30 10:32:45,WBA,33.65,5,ASK
2020-10-30 10:32:45,WBA,33.63,22,BID
2020-10-30 10:32:46,WBA,33.65,4,ASK
2020-10-30 10:32:45,WBA,33.63,19,BID
2020-10-30 10:32:48,WBA,33.65,4,ASK
2020-10-30 10:32:45,WBA,33.63,19,BID
2020-10-30 10:32:48,WBA,33.65,4,ASK
2020-10-30 10:32:45,WBA,33.63,19,BID
2020-10-30 10:32:48,WBA,33.65,4,ASK
2020-10-30 10:32:45,WBA,33.63,19,BID
2020-10-30 10:32:48,WBA,33.65,4,ASK
2020-10-30 10:32:45,WBA,33.63,19,BID
2020-10-30 10:32:54,WBA,33.65,3,ASK
2020-10-30 10:32:45,WBA,33.63,19,BID
2020-10-30 10:32:54,WBA,33.65,3,ASK
2020-10-30 10:32:45,WBA,33.63,19,BID
2020-10-30 10:32:54,WBA,33.65,3,ASK
2020-10-30 10:32:57,WBA,33.65,10,BID
2020-10-30 10:32:43,WBA,33.66,14,ASK
2020-10-30 10:32:58,WBA,33.65,2,BID
2020-10-30 10:32:43,WBA,33.66,14,ASK
2020-10-30 10:32:58,WBA,33.65,2,BID
2020-10-30 10:32:43,WBA,33.66,13,ASK
2020-10-30 10:32:59,WBA,33.65,5,BID
2020-10-30 10:32:43,WBA,33.66,14,ASK
2020-10-30 10:32:59,WBA,33.65,6,BID
2020-10-30 10:32:59,WBA,33.66,15,ASK
2020-10-30 10:33:01,WBA,33.65,9,BID
2020-10-30 10:32:59,WBA,33.66,17,ASK
2020-10-30 10:33:02,WBA,33.66,12,BID
2020-10-30 10:33:02,WBA,33.67,8,ASK
2020-10-30 10:33:02,WBA,33.67,13,BID
2020-10-30 10:33:02,WBA,33.68,19,ASK
2020-10-30 10:33:03,WBA,33.67,14,BID
2020-10-30 10:33:02,WBA,33.68,17,ASK
2020-10-30 10:33:04,WBA,33.66,16,BID
2020-10-30 10:33:04,WBA,33.67,3,ASK
2020-10-30 10:33:01,WBA,33.65,10,BID
2020-10-30 10:33:05,WBA,33.67,7,ASK
2020-10-30 10:33:01,WBA,33.65,10,BID
2020-10-30 10:33:05,WBA,33.67,8,ASK
2020-10-30 10:33:07,WBA,33.65,12,BID
2020-10-30 10:33:07,WBA,33.66,5,ASK
2020-10-30 10:33:07,WBA,33.65,12,BID
2020-10-30 10:33:08,WBA,33.66,8,ASK
2020-10-30 10:33:07,WBA,33.65,12,BID
2020-10-30 10:33:08,WBA,33.66,8,ASK
2020-10-30 10:33:07,WBA,33.65,12,BID
2020-10-30 10:33:08,WBA,33.66,8,ASK
2020-10-30 10:33:07,WBA,33.65,12,BID
2020-10-30 10:33:08,WBA,33.66,8,ASK
2020-10-30 10:33:07,WBA,33.65,15,BID
2020-10-30 10:33:12,WBA,33.66,11,ASK
2020-10-30 10:33:07,WBA,33.65,15,BID
2020-10-30 10:33:13,WBA,33.66,12,ASK
2020-10-30 10:33:07,WBA,33.65,13,BID
2020-10-30 10:33:13,WBA,33.66,12,ASK
2020-10-30 10:33:07,WBA,33.65,13,BID
2020-10-30 10:33:13,WBA,33.66,12,ASK
2020-10-30 10:33:07,WBA,33.65,13,BID
2020-10-30 10:33:13,WBA,33.66,12,ASK
2020-10-30 10:33:18,WBA,33.64,13,BID
2020-10-30 10:33:18,WBA,33.65,6,ASK
2020-10-30 10:33:19,WBA,33.64,13,BID
2020-10-30 10:33:18,WBA,33.65,10,ASK
2020-10-30 10:33:20,WBA,33.64,22,BID
2020-10-30 10:33:20,WBA,33.65,9,ASK
2020-10-30 10:33:21,WBA,33.65,6,BID
2020-10-30 10:33:21,WBA,33.66,8,ASK
2020-10-30 10:33:20,WBA,33.64,26,BID
2020-10-30 10:33:22,WBA,33.66,9,ASK
2020-10-30 10:33:20,WBA,33.64,26,BID
2020-10-30 10:33:22,WBA,33.66,9,ASK
2020-10-30 10:33:20,WBA,33.64,26,BID
2020-10-30 10:33:22,WBA,33.66,9,ASK
2020-10-30 10:33:20,WBA,33.64,22,BID
2020-10-30 10:33:25,WBA,33.65,7,ASK
2020-10-30 10:33:27,WBA,33.63,14,BID
2020-10-30 10:33:26,WBA,33.64,10,ASK
2020-10-30 10:33:27,WBA,33.63,15,BID
2020-10-30 10:33:26,WBA,33.64,9,ASK
2020-10-30 10:33:29,WBA,33.63,21,BID
2020-10-30 10:33:29,WBA,33.64,9,ASK
2020-10-30 10:33:31,WBA,33.64,5,BID
2020-10-30 10:33:31,WBA,33.65,10,ASK
2020-10-30 10:33:32,WBA,33.65,28,BID
2020-10-30 10:33:32,WBA,33.67,17,ASK
2020-10-30 10:33:32,WBA,33.65,30,BID
2020-10-30 10:33:32,WBA,33.67,20,ASK
2020-10-30 10:33:33,WBA,33.66,9,BID
2020-10-30 10:33:33,WBA,33.67,15,ASK
2020-10-30 10:33:34,WBA,33.66,6,BID
2020-10-30 10:33:34,WBA,33.68,20,ASK
2020-10-30 10:33:35,WBA,33.66,6,BID
2020-10-30 10:33:35,WBA,33.67,4,ASK
2020-10-30 10:33:36,WBA,33.65,18,BID
2020-10-30 10:33:35,WBA,33.67,9,ASK
2020-10-30 10:33:36,WBA,33.65,18,BID
2020-10-30 10:33:35,WBA,33.67,9,ASK
2020-10-30 10:33:36,WBA,33.65,18,BID
2020-10-30 10:33:35,WBA,33.67,9,ASK
2020-10-30 10:33:36,WBA,33.65,18,BID
2020-10-30 10:33:35,WBA,33.67,9,ASK
2020-10-30 10:33:39,WBA,33.65,21,BID
2020-10-30 10:33:35,WBA,33.67,9,ASK
2020-10-30 10:33:40,WBA,33.66,13,BID
2020-10-30 10:33:34,WBA,33.68,23,ASK
2020-10-30 10:33:41,WBA,33.66,16,BID
2020-10-30 10:33:34,WBA,33.68,22,ASK
2020-10-30 10:33:41,WBA,33.66,16,BID
2020-10-30 10:33:34,WBA,33.68,22,ASK
2020-10-30 10:33:41,WBA,33.66,16,BID
2020-10-30 10:33:34,WBA,33.68,22,ASK
2020-10-30 10:33:41,WBA,33.66,16,BID
2020-10-30 10:33:34,WBA,33.68,22,ASK
2020-10-30 10:33:41,WBA,33.66,16,BID
2020-10-30 10:33:34,WBA,33.68,22,ASK
2020-10-30 10:33:46,WBA,33.66,16,BID
2020-10-30 10:33:34,WBA,33.68,22,ASK
2020-10-30 10:33:46,WBA,33.66,16,BID
2020-10-30 10:33:34,WBA,33.68,22,ASK
2020-10-30 10:33:48,WBA,33.66,16,BID
2020-10-30 10:33:34,WBA,33.68,21,ASK
2020-10-30 10:33:48,WBA,33.67,7,BID
2020-10-30 10:33:34,WBA,33.68,20,ASK
2020-10-30 10:33:48,WBA,33.67,7,BID
2020-10-30 10:33:34,WBA,33.68,20,ASK
2020-10-30 10:33:49,WBA,33.67,9,BID
2020-10-30 10:33:34,WBA,33.68,18,ASK
2020-10-30 10:33:49,WBA,33.67,9,BID
2020-10-30 10:33:34,WBA,33.68,18,ASK
2020-10-30 10:33:52,WBA,33.66,16,BID
2020-10-30 10:33:52,WBA,33.67,7,ASK
2020-10-30 10:33:53,WBA,33.66,18,BID
2020-10-30 10:33:52,WBA,33.67,17,ASK
2020-10-30 10:33:53,WBA,33.66,18,BID
2020-10-30 10:33:52,WBA,33.67,17,ASK
2020-10-30 10:33:54,WBA,33.66,17,BID
2020-10-30 10:33:52,WBA,33.67,20,ASK
2020-10-30 10:33:57,WBA,33.65,21,BID
2020-10-30 10:33:57,WBA,33.66,1,ASK
2020-10-30 10:33:57,WBA,33.65,21,BID
2020-10-30 10:33:57,WBA,33.66,1,ASK
2020-10-30 10:34:00,WBA,33.66,11,BID
2020-10-30 10:33:34,WBA,33.68,26,ASK
2020-10-30 10:34:00,WBA,33.66,13,BID
2020-10-30 10:34:00,WBA,33.68,8,ASK
2020-10-30 10:34:01,WBA,33.66,12,BID
2020-10-30 10:34:01,WBA,33.67,4,ASK
2020-10-30 10:34:01,WBA,33.66,12,BID
2020-10-30 10:34:01,WBA,33.67,7,ASK
2020-10-30 10:34:03,WBA,33.65,23,BID
2020-10-30 10:34:03,WBA,33.66,9,ASK
2020-10-30 10:34:03,WBA,33.65,23,BID
2020-10-30 10:34:03,WBA,33.66,7,ASK
2020-10-30 10:34:03,WBA,33.65,23,BID
2020-10-30 10:34:03,WBA,33.66,7,ASK
2020-10-30 10:33:36,WBA,33.65,21,BID
2020-10-30 10:34:05,WBA,33.66,18,ASK
2020-10-30 10:33:36,WBA,33.65,24,BID
2020-10-30 10:34:05,WBA,33.66,16,ASK
2020-10-30 10:34:07,WBA,33.67,3,BID
2020-10-30 10:34:07,WBA,33.68,9,ASK
2020-10-30 10:33:36,WBA,33.65,28,BID
2020-10-30 10:34:08,WBA,33.66,4,ASK
2020-10-30 10:33:36,WBA,33.65,23,BID
2020-10-30 10:34:09,WBA,33.66,6,ASK
2020-10-30 10:33:31,WBA,33.64,34,BID
2020-10-30 10:34:09,WBA,33.66,13,ASK
2020-10-30 10:34:09,WBA,33.64,16,BID
2020-10-30 10:34:10,WBA,33.66,6,ASK
2020-10-30 10:34:09,WBA,33.64,16,BID
2020-10-30 10:34:10,WBA,33.66,6,ASK
2020-10-30 10:34:11,WBA,33.64,18,BID
2020-10-30 10:34:11,WBA,33.66,11,ASK
2020-10-30 10:34:12,WBA,33.64,17,BID
2020-10-30 10:34:12,WBA,33.65,8,ASK
2020-10-30 10:34:12,WBA,33.64,17,BID
2020-10-30 10:34:12,WBA,33.65,8,ASK
2020-10-30 10:34:14,WBA,33.63,21,BID
2020-10-30 10:34:14,WBA,33.64,13,ASK
2020-10-30 10:34:14,WBA,33.63,18,BID
2020-10-30 10:34:14,WBA,33.65,6,ASK
2020-10-30 10:34:14,WBA,33.63,22,BID
2020-10-30 10:34:14,WBA,33.65,6,ASK
2020-10-30 10:34:15,WBA,33.63,21,BID
2020-10-30 10:34:15,WBA,33.65,6,ASK
2020-10-30 10:34:16,WBA,33.62,21,BID
2020-10-30 10:34:16,WBA,33.64,6,ASK
2020-10-30 10:34:16,WBA,33.62,20,BID
2020-10-30 10:34:17,WBA,33.64,6,ASK
2020-10-30 10:34:16,WBA,33.62,15,BID
2020-10-30 10:34:19,WBA,33.64,6,ASK
2020-10-30 10:34:16,WBA,33.62,15,BID
2020-10-30 10:34:20,WBA,33.64,3,ASK
2020-10-30 10:34:22,WBA,33.63,3,BID
2020-10-30 10:34:22,WBA,33.64,6,ASK
2020-10-30 10:34:23,WBA,33.63,14,BID
2020-10-30 10:34:23,WBA,33.64,9,ASK
2020-10-30 10:34:16,WBA,33.62,21,BID
2020-10-30 10:34:23,WBA,33.64,8,ASK
2020-10-30 10:34:24,WBA,33.63,16,BID
2020-10-30 10:34:23,WBA,33.64,11,ASK
2020-10-30 10:34:25,WBA,33.64,12,BID
2020-10-30 10:34:25,WBA,33.65,10,ASK
2020-10-30 10:34:26,WBA,33.64,12,BID
2020-10-30 10:34:25,WBA,33.65,10,ASK
2020-10-30 10:34:27,WBA,33.63,33,BID
2020-10-30 10:34:27,WBA,33.64,8,ASK
2020-10-30 10:34:29,WBA,33.63,16,BID
2020-10-30 10:34:29,WBA,33.64,9,ASK
2020-10-30 10:34:31,WBA,33.62,39,BID
2020-10-30 10:34:31,WBA,33.64,8,ASK
2020-10-30 10:34:32,WBA,33.63,13,BID
2020-10-30 10:34:31,WBA,33.65,17,ASK
2020-10-30 10:34:32,WBA,33.63,16,BID
2020-10-30 10:34:31,WBA,33.65,16,ASK
2020-10-30 10:34:35,WBA,33.63,22,BID
2020-10-30 10:34:35,WBA,33.65,13,ASK
2020-10-30 10:34:36,WBA,33.64,3,BID
2020-10-30 10:34:36,WBA,33.65,13,ASK
2020-10-30 10:34:37,WBA,33.64,9,BID
2020-10-30 10:34:36,WBA,33.65,13,ASK
2020-10-30 10:34:39,WBA,33.64,1,BID
2020-10-30 10:34:38,WBA,33.65,26,ASK
2020-10-30 10:34:40,WBA,33.64,9,BID
2020-10-30 10:34:38,WBA,33.65,25,ASK
2020-10-30 10:34:41,WBA,33.64,9,BID
2020-10-30 10:34:38,WBA,33.65,24,ASK
2020-10-30 10:34:44,WBA,33.64,10,BID
2020-10-30 10:34:38,WBA,33.65,21,ASK
2020-10-30 10:34:45,WBA,33.64,11,BID
2020-10-30 10:34:38,WBA,33.65,22,ASK
2020-10-30 10:34:46,WBA,33.64,8,BID
2020-10-30 10:34:38,WBA,33.65,22,ASK
2020-10-30 10:34:48,WBA,33.66,15,BID
2020-10-30 10:34:48,WBA,33.67,14,ASK
2020-10-30 10:34:49,WBA,33.66,17,BID
2020-10-30 10:34:48,WBA,33.67,10,ASK
2020-10-30 10:34:49,WBA,33.66,15,BID
2020-10-30 10:34:48,WBA,33.67,8,ASK
2020-10-30 10:34:50,WBA,33.66,11,BID
2020-10-30 10:34:50,WBA,33.67,8,ASK
2020-10-30 10:34:50,WBA,33.66,11,BID
2020-10-30 10:34:50,WBA,33.67,8,ASK
2020-10-30 10:34:50,WBA,33.66,11,BID
2020-10-30 10:34:50,WBA,33.67,8,ASK
2020-10-30 10:34:52,WBA,33.65,21,BID
2020-10-30 10:34:52,WBA,33.66,6,ASK
2020-10-30 10:34:52,WBA,33.65,21,BID
2020-10-30 10:34:52,WBA,33.66,10,ASK
2020-10-30 10:34:52,WBA,33.65,22,BID
2020-10-30 10:34:52,WBA,33.66,10,ASK
2020-10-30 10:34:52,WBA,33.65,22,BID
2020-10-30 10:34:52,WBA,33.66,10,ASK
2020-10-30 10:34:53,WBA,33.65,20,BID
2020-10-30 10:34:53,WBA,33.66,10,ASK
2020-10-30 10:34:53,WBA,33.65,20,BID
2020-10-30 10:34:53,WBA,33.66,10,ASK
2020-10-30 10:34:53,WBA,33.65,18,BID
2020-10-30 10:34:53,WBA,33.66,10,ASK
2020-10-30 10:34:48,WBA,33.64,32,BID
2020-10-30 10:34:54,WBA,33.66,29,ASK
2020-10-30 10:34:55,WBA,33.64,9,BID
2020-10-30 10:34:54,WBA,33.65,20,ASK
2020-10-30 10:34:57,WBA,33.64,19,BID
2020-10-30 10:34:57,WBA,33.65,22,ASK
2020-10-30 10:35:00,WBA,33.63,28,BID
2020-10-30 10:35:00,WBA,33.64,10,ASK
2020-10-30 10:35:03,WBA,33.62,37,BID
2020-10-30 10:35:03,WBA,33.63,7,ASK
2020-10-30 10:35:03,WBA,33.62,37,BID
2020-10-30 10:35:03,WBA,33.63,7,ASK
2020-10-30 10:35:04,WBA,33.62,37,BID
2020-10-30 10:35:04,WBA,33.63,11,ASK
2020-10-30 10:35:04,WBA,33.62,37,BID
2020-10-30 10:35:04,WBA,33.63,11,ASK
2020-10-30 10:35:04,WBA,33.62,37,BID
2020-10-30 10:35:04,WBA,33.63,11,ASK
2020-10-30 10:35:04,WBA,33.62,37,BID
2020-10-30 10:35:04,WBA,33.63,11,ASK
2020-10-30 10:35:05,WBA,33.6,17,BID
2020-10-30 10:35:05,WBA,33.62,10,ASK
2020-10-30 10:35:05,WBA,33.6,20,BID
2020-10-30 10:35:05,WBA,33.62,10,ASK
2020-10-30 10:35:05,WBA,33.6,20,BID
2020-10-30 10:35:05,WBA,33.62,10,ASK
2020-10-30 10:35:05,WBA,33.6,20,BID
2020-10-30 10:35:05,WBA,33.62,10,ASK
2020-10-30 10:35:05,WBA,33.6,20,BID
2020-10-30 10:35:05,WBA,33.62,10,ASK
2020-10-30 10:35:05,WBA,33.6,20,BID
2020-10-30 10:35:05,WBA,33.62,10,ASK
2020-10-30 10:35:05,WBA,33.6,20,BID
2020-10-30 10:35:05,WBA,33.62,10,ASK
2020-10-30 10:35:05,WBA,33.6,19,BID
2020-10-30 10:35:05,WBA,33.62,10,ASK
2020-10-30 10:35:05,WBA,33.6,19,BID
2020-10-30 10:35:05,WBA,33.62,10,ASK
2020-10-30 10:35:05,WBA,33.6,18,BID
2020-10-30 10:35:05,WBA,33.62,10,ASK
2020-10-30 10:35:05,WBA,33.6,18,BID
2020-10-30 10:35:05,WBA,33.62,9,ASK
2020-10-30 10:35:05,WBA,33.6,18,BID
2020-10-30 10:35:05,WBA,33.62,9,ASK
2020-10-30 10:35:05,WBA,33.6,18,BID
2020-10-30 10:35:05,WBA,33.62,9,ASK
2020-10-30 10:35:05,WBA,33.6,18,BID
2020-10-30 10:35:05,WBA,33.62,9,ASK
2020-10-30 10:35:05,WBA,33.6,18,BID
2020-10-30 10:35:05,WBA,33.62,9,ASK
2020-10-30 10:35:09,WBA,33.62,18,BID
2020-10-30 10:35:05,WBA,33.63,20,ASK
2020-10-30 10:35:11,WBA,33.62,13,BID
2020-10-30 10:35:11,WBA,33.63,23,ASK
2020-10-30 10:35:12,WBA,33.63,9,BID
2020-10-30 10:35:13,WBA,33.64,7,ASK
2020-10-30 10:35:16,WBA,33.64,12,BID
2020-10-30 10:35:14,WBA,33.65,24,ASK
2020-10-30 10:35:18,WBA,33.63,18,BID
2020-10-30 10:35:18,WBA,33.64,16,ASK
2020-10-30 10:35:11,WBA,33.62,18,BID
2020-10-30 10:35:20,WBA,33.64,21,ASK
2020-10-30 10:35:20,WBA,33.62,12,BID
2020-10-30 10:35:20,WBA,33.63,10,ASK
2020-10-30 10:35:20,WBA,33.62,10,BID
2020-10-30 10:35:20,WBA,33.63,10,ASK
2020-10-30 10:35:20,WBA,33.62,10,BID
2020-10-30 10:35:20,WBA,33.63,10,ASK
2020-10-30 10:35:21,WBA,33.61,11,BID
2020-10-30 10:35:21,WBA,33.63,17,ASK
2020-10-30 10:35:21,WBA,33.61,2,BID
2020-10-30 10:35:21,WBA,33.62,14,ASK
2020-10-30 10:35:21,WBA,33.61,2,BID
2020-10-30 10:35:21,WBA,33.62,13,ASK
2020-10-30 10:35:21,WBA,33.61,3,BID
2020-10-30 10:35:21,WBA,33.62,13,ASK
2020-10-30 10:35:21,WBA,33.61,3,BID
2020-10-30 10:35:21,WBA,33.62,12,ASK
2020-10-30 10:35:23,WBA,33.61,4,BID
2020-10-30 10:35:21,WBA,33.62,11,ASK
2020-10-30 10:35:09,WBA,33.6,13,BID
2020-10-30 10:35:24,WBA,33.61,7,ASK
2020-10-30 10:35:24,WBA,33.6,13,BID
2020-10-30 10:35:24,WBA,33.61,7,ASK
2020-10-30 10:35:25,WBA,33.59,9,BID
2020-10-30 10:35:25,WBA,33.61,4,ASK
2020-10-30 10:35:25,WBA,33.59,8,BID
2020-10-30 10:35:25,WBA,33.61,4,ASK
2020-10-30 10:35:26,WBA,33.59,7,BID
2020-10-30 10:35:26,WBA,33.61,4,ASK
2020-10-30 10:35:27,WBA,33.59,11,BID
2020-10-30 10:35:27,WBA,33.6,10,ASK
2020-10-30 10:35:27,WBA,33.59,11,BID
2020-10-30 10:35:27,WBA,33.6,8,ASK
2020-10-30 10:35:29,WBA,33.58,20,BID
2020-10-30 10:35:29,WBA,33.59,12,ASK
2020-10-30 10:35:29,WBA,33.58,22,BID
2020-10-30 10:35:29,WBA,33.59,12,ASK
2020-10-30 10:35:30,WBA,33.58,19,BID
2020-10-30 10:35:30,WBA,33.59,12,ASK
2020-10-30 10:35:30,WBA,33.57,3,BID
2020-10-30 10:35:30,WBA,33.58,11,ASK
2020-10-30 10:35:31,WBA,33.57,4,BID
2020-10-30 10:35:31,WBA,33.58,9,ASK
2020-10-30 10:35:32,WBA,33.57,3,BID
2020-10-30 10:35:31,WBA,33.58,10,ASK
2020-10-30 10:35:32,WBA,33.57,6,BID
2020-10-30 10:35:32,WBA,33.58,16,ASK
2020-10-30 10:35:32,WBA,33.57,6,BID
2020-10-30 10:35:32,WBA,33.58,16,ASK
2020-10-30 10:35:33,WBA,33.57,7,BID
2020-10-30 10:35:33,WBA,33.58,14,ASK
2020-10-30 10:35:34,WBA,33.57,7,BID
2020-10-30 10:35:34,WBA,33.58,17,ASK
2020-10-30 10:35:35,WBA,33.58,19,BID
2020-10-30 10:35:36,WBA,33.59,22,ASK
2020-10-30 10:35:38,WBA,33.58,18,BID
2020-10-30 10:35:36,WBA,33.59,19,ASK
2020-10-30 10:35:38,WBA,33.58,18,BID
2020-10-30 10:35:36,WBA,33.59,19,ASK
2020-10-30 10:35:40,WBA,33.58,18,BID
2020-10-30 10:35:40,WBA,33.59,21,ASK
2020-10-30 10:35:40,WBA,33.58,20,BID
2020-10-30 10:35:40,WBA,33.59,22,ASK
2020-10-30 10:35:42,WBA,33.59,11,BID
2020-10-30 10:35:42,WBA,33.6,14,ASK
2020-10-30 10:35:43,WBA,33.59,16,BID
2020-10-30 10:35:43,WBA,33.6,17,ASK
2020-10-30 10:35:43,WBA,33.59,22,BID
2020-10-30 10:35:44,WBA,33.61,5,ASK
2020-10-30 10:35:44,WBA,33.61,1,BID
2020-10-30 10:35:44,WBA,33.62,18,ASK
2020-10-30 10:35:44,WBA,33.61,1,BID
2020-10-30 10:35:44,WBA,33.62,18,ASK
2020-10-30 10:35:45,WBA,33.61,1,BID
2020-10-30 10:35:44,WBA,33.62,16,ASK
2020-10-30 10:35:45,WBA,33.6,24,BID
2020-10-30 10:35:45,WBA,33.61,11,ASK
2020-10-30 10:35:43,WBA,33.59,20,BID
2020-10-30 10:35:45,WBA,33.6,5,ASK
2020-10-30 10:35:46,WBA,33.6,21,BID
2020-10-30 10:35:47,WBA,33.61,4,ASK
2020-10-30 10:35:46,WBA,33.6,21,BID
2020-10-30 10:35:48,WBA,33.61,2,ASK
2020-10-30 10:35:49,WBA,33.61,11,BID
2020-10-30 10:35:50,WBA,33.62,17,ASK
2020-10-30 10:35:51,WBA,33.61,15,BID
2020-10-30 10:35:50,WBA,33.62,16,ASK
2020-10-30 10:35:51,WBA,33.61,19,BID
2020-10-30 10:35:51,WBA,33.62,17,ASK
2020-10-30 10:35:51,WBA,33.61,19,BID
2020-10-30 10:35:51,WBA,33.62,16,ASK
2020-10-30 10:35:51,WBA,33.61,19,BID
2020-10-30 10:35:51,WBA,33.62,14,ASK
2020-10-30 10:35:51,WBA,33.61,19,BID
2020-10-30 10:35:51,WBA,33.62,15,ASK
2020-10-30 10:35:51,WBA,33.61,21,BID
2020-10-30 10:35:51,WBA,33.62,15,ASK
2020-10-30 10:35:51,WBA,33.61,20,BID
2020-10-30 10:35:51,WBA,33.62,15,ASK
2020-10-30 10:35:51,WBA,33.61,20,BID
2020-10-30 10:35:51,WBA,33.62,15,ASK
2020-10-30 10:35:51,WBA,33.61,20,BID
2020-10-30 10:35:51,WBA,33.62,15,ASK
2020-10-30 10:35:51,WBA,33.61,20,BID
2020-10-30 10:35:51,WBA,33.62,15,ASK
2020-10-30 10:35:51,WBA,33.61,20,BID
2020-10-30 10:35:51,WBA,33.62,15,ASK
2020-10-30 10:35:51,WBA,33.61,20,BID
2020-10-30 10:35:51,WBA,33.62,15,ASK
2020-10-30 10:35:58,WBA,33.63,13,BID
2020-10-30 10:35:57,WBA,33.64,14,ASK
2020-10-30 10:35:57,WBA,33.62,29,BID
2020-10-30 10:36:01,WBA,33.63,3,ASK
2020-10-30 10:36:02,WBA,33.62,30,BID
2020-10-30 10:36:02,WBA,33.63,14,ASK
2020-10-30 10:36:02,WBA,33.61,21,BID
2020-10-30 10:36:02,WBA,33.63,13,ASK
2020-10-30 10:36:02,WBA,33.61,21,BID
2020-10-30 10:36:03,WBA,33.62,1,ASK
2020-10-30 10:36:02,WBA,33.61,21,BID
2020-10-30 10:36:03,WBA,33.62,1,ASK
2020-10-30 10:36:02,WBA,33.61,21,BID
2020-10-30 10:36:03,WBA,33.62,1,ASK
2020-10-30 10:36:06,WBA,33.62,14,BID
2020-10-30 10:35:59,WBA,33.64,13,ASK
2020-10-30 10:36:07,WBA,33.62,11,BID
2020-10-30 10:35:59,WBA,33.64,12,ASK
2020-10-30 10:36:08,WBA,33.62,14,BID
2020-10-30 10:35:59,WBA,33.64,13,ASK
2020-10-30 10:36:10,WBA,33.62,14,BID
2020-10-30 10:35:59,WBA,33.64,12,ASK
2020-10-30 10:36:10,WBA,33.62,14,BID
2020-10-30 10:35:59,WBA,33.64,12,ASK
2020-10-30 10:36:10,WBA,33.62,14,BID
2020-10-30 10:35:59,WBA,33.64,12,ASK
2020-10-30 10:36:14,WBA,33.62,12,BID
2020-10-30 10:36:14,WBA,33.63,5,ASK
2020-10-30 10:36:15,WBA,33.62,19,BID
2020-10-30 10:36:15,WBA,33.63,7,ASK
2020-10-30 10:36:15,WBA,33.62,19,BID
2020-10-30 10:36:15,WBA,33.63,7,ASK
2020-10-30 10:36:15,WBA,33.62,19,BID
2020-10-30 10:36:17,WBA,33.63,7,ASK
2020-10-30 10:36:17,WBA,33.63,9,BID
2020-10-30 10:36:17,WBA,33.64,16,ASK
2020-10-30 10:36:17,WBA,33.63,11,BID
2020-10-30 10:36:18,WBA,33.64,17,ASK
2020-10-30 10:36:19,WBA,33.61,26,BID
2020-10-30 10:36:19,WBA,33.62,8,ASK
2020-10-30 10:36:20,WBA,33.61,27,BID
2020-10-30 10:36:20,WBA,33.62,10,ASK
2020-10-30 10:36:21,WBA,33.61,26,BID
2020-10-30 10:36:20,WBA,33.62,10,ASK
2020-10-30 10:36:21,WBA,33.61,21,BID
2020-10-30 10:36:20,WBA,33.62,11,ASK
2020-10-30 10:36:22,WBA,33.6,19,BID
2020-10-30 10:36:22,WBA,33.61,15,ASK
2020-10-30 10:36:22,WBA,33.59,24,BID
2020-10-30 10:36:22,WBA,33.6,7,ASK
2020-10-30 10:36:22,WBA,33.59,23,BID
2020-10-30 10:36:22,WBA,33.6,7,ASK
2020-10-30 10:36:22,WBA,33.59,24,BID
2020-10-30 10:36:22,WBA,33.6,7,ASK
2020-10-30 10:36:24,WBA,33.6,14,BID
2020-10-30 10:36:24,WBA,33.61,29,ASK
2020-10-30 10:36:24,WBA,33.6,13,BID
2020-10-30 10:36:24,WBA,33.61,29,ASK
2020-10-30 10:36:24,WBA,33.6,12,BID
2020-10-30 10:36:24,WBA,33.61,29,ASK
2020-10-30 10:36:27,WBA,33.61,15,BID
2020-10-30 10:36:27,WBA,33.62,12,ASK
2020-10-30 10:36:27,WBA,33.61,15,BID
2020-10-30 10:36:27,WBA,33.62,12,ASK
2020-10-30 10:36:28,WBA,33.61,13,BID
2020-10-30 10:36:27,WBA,33.62,12,ASK
2020-10-30 10:36:29,WBA,33.6,7,BID
2020-10-30 10:36:30,WBA,33.61,7,ASK
2020-10-30 10:36:29,WBA,33.6,7,BID
2020-10-30 10:36:31,WBA,33.61,7,ASK
2020-10-30 10:36:29,WBA,33.6,7,BID
2020-10-30 10:36:31,WBA,33.61,7,ASK
2020-10-30 10:36:31,WBA,33.58,25,BID
2020-10-30 10:36:31,WBA,33.59,7,ASK
2020-10-30 10:36:32,WBA,33.58,24,BID
2020-10-30 10:36:32,WBA,33.6,7,ASK
2020-10-30 10:36:32,WBA,33.58,24,BID
2020-10-30 10:36:32,WBA,33.6,7,ASK
2020-10-30 10:36:34,WBA,33.58,24,BID
2020-10-30 10:36:34,WBA,33.6,11,ASK
2020-10-30 10:36:34,WBA,33.58,24,BID
2020-10-30 10:36:34,WBA,33.6,11,ASK
2020-10-30 10:36:34,WBA,33.58,22,BID
2020-10-30 10:36:34,WBA,33.6,11,ASK
2020-10-30 10:36:34,WBA,33.58,25,BID
2020-10-30 10:36:38,WBA,33.6,14,ASK
2020-10-30 10:36:39,WBA,33.59,14,BID
2020-10-30 10:36:39,WBA,33.6,14,ASK
2020-10-30 10:36:39,WBA,33.59,11,BID
2020-10-30 10:36:39,WBA,33.6,14,ASK
2020-10-30 10:36:40,WBA,33.59,9,BID
2020-10-30 10:36:40,WBA,33.61,6,ASK
2020-10-30 10:36:40,WBA,33.59,11,BID
2020-10-30 10:36:43,WBA,33.61,6,ASK
2020-10-30 10:36:40,WBA,33.59,9,BID
2020-10-30 10:36:43,WBA,33.61,6,ASK
2020-10-30 10:36:40,WBA,33.59,9,BID
2020-10-30 10:36:43,WBA,33.61,6,ASK
2020-10-30 10:36:45,WBA,33.59,11,BID
2020-10-30 10:36:45,WBA,33.6,9,ASK
2020-10-30 10:36:46,WBA,33.58,26,BID
2020-10-30 10:36:46,WBA,33.59,7,ASK
2020-10-30 10:36:46,WBA,33.58,21,BID
2020-10-30 10:36:46,WBA,33.6,18,ASK
2020-10-30 10:36:46,WBA,33.58,21,BID
2020-10-30 10:36:46,WBA,33.6,18,ASK
2020-10-30 10:36:47,WBA,33.58,23,BID
2020-10-30 10:36:46,WBA,33.6,18,ASK
2020-10-30 10:36:47,WBA,33.58,23,BID
2020-10-30 10:36:46,WBA,33.6,16,ASK
2020-10-30 10:36:47,WBA,33.58,23,BID
2020-10-30 10:36:46,WBA,33.6,16,ASK
2020-10-30 10:36:51,WBA,33.58,27,BID
2020-10-30 10:36:51,WBA,33.59,6,ASK
2020-10-30 10:36:51,WBA,33.58,24,BID
2020-10-30 10:36:51,WBA,33.59,5,ASK
2020-10-30 10:36:51,WBA,33.58,23,BID
2020-10-30 10:36:51,WBA,33.59,5,ASK
2020-10-30 10:36:51,WBA,33.58,24,BID
2020-10-30 10:36:51,WBA,33.59,5,ASK
2020-10-30 10:36:51,WBA,33.58,23,BID
2020-10-30 10:36:51,WBA,33.59,5,ASK
2020-10-30 10:36:51,WBA,33.58,21,BID
2020-10-30 10:36:54,WBA,33.59,5,ASK
2020-10-30 10:36:51,WBA,33.58,22,BID
2020-10-30 10:36:54,WBA,33.59,6,ASK
2020-10-30 10:36:51,WBA,33.58,22,BID
2020-10-30 10:36:54,WBA,33.59,5,ASK
2020-10-30 10:36:55,WBA,33.59,6,BID
2020-10-30 10:36:55,WBA,33.6,14,ASK
2020-10-30 10:36:51,WBA,33.58,22,BID
2020-10-30 10:36:56,WBA,33.6,14,ASK
2020-10-30 10:36:57,WBA,33.58,23,BID
2020-10-30 10:36:57,WBA,33.6,15,ASK
2020-10-30 10:36:57,WBA,33.58,23,BID
2020-10-30 10:36:57,WBA,33.6,14,ASK
2020-10-30 10:36:57,WBA,33.58,26,BID
2020-10-30 10:36:57,WBA,33.6,14,ASK
2020-10-30 10:37:01,WBA,33.59,8,BID
2020-10-30 10:37:01,WBA,33.6,12,ASK
2020-10-30 10:37:01,WBA,33.59,14,BID
2020-10-30 10:37:01,WBA,33.6,9,ASK
2020-10-30 10:36:57,WBA,33.58,26,BID
2020-10-30 10:37:02,WBA,33.6,17,ASK
2020-10-30 10:37:03,WBA,33.59,7,BID
2020-10-30 10:37:03,WBA,33.61,8,ASK
2020-10-30 10:37:03,WBA,33.59,7,BID
2020-10-30 10:37:03,WBA,33.61,6,ASK
2020-10-30 10:37:04,WBA,33.59,7,BID
2020-10-30 10:37:04,WBA,33.61,5,ASK
2020-10-30 10:37:05,WBA,33.59,7,BID
2020-10-30 10:37:05,WBA,33.61,4,ASK
2020-10-30 10:37:05,WBA,33.59,7,BID
2020-10-30 10:37:05,WBA,33.61,4,ASK
2020-10-30 10:37:05,WBA,33.59,7,BID
2020-10-30 10:37:05,WBA,33.61,4,ASK
2020-10-30 10:37:05,WBA,33.59,7,BID
2020-10-30 10:37:05,WBA,33.61,4,ASK
2020-10-30 10:37:05,WBA,33.59,7,BID
2020-10-30 10:37:05,WBA,33.61,4,ASK
2020-10-30 10:37:05,WBA,33.59,7,BID
2020-10-30 10:37:05,WBA,33.61,4,ASK
2020-10-30 10:37:10,WBA,33.59,9,BID
2020-10-30 10:37:10,WBA,33.61,4,ASK
2020-10-30 10:37:10,WBA,33.59,9,BID
2020-10-30 10:37:10,WBA,33.61,4,ASK
2020-10-30 10:37:12,WBA,33.59,8,BID
2020-10-30 10:37:12,WBA,33.61,4,ASK
2020-10-30 10:37:12,WBA,33.59,8,BID
2020-10-30 10:37:12,WBA,33.61,4,ASK
2020-10-30 10:37:12,WBA,33.59,8,BID
2020-10-30 10:37:12,WBA,33.61,4,ASK
2020-10-30 10:37:12,WBA,33.59,8,BID
2020-10-30 10:37:12,WBA,33.61,4,ASK
2020-10-30 10:37:16,WBA,33.6,5,BID
2020-10-30 10:37:16,WBA,33.61,6,ASK
2020-10-30 10:37:17,WBA,33.6,7,BID
2020-10-30 10:37:16,WBA,33.61,6,ASK
2020-10-30 10:37:18,WBA,33.59,9,BID
2020-10-30 10:37:17,WBA,33.61,6,ASK
2020-10-30 10:37:18,WBA,33.59,9,BID
2020-10-30 10:37:17,WBA,33.61,6,ASK
2020-10-30 10:37:20,WBA,33.59,9,BID
2020-10-30 10:37:20,WBA,33.61,6,ASK
2020-10-30 10:37:20,WBA,33.59,9,BID
2020-10-30 10:37:20,WBA,33.61,6,ASK
2020-10-30 10:37:22,WBA,33.59,9,BID
2020-10-30 10:37:20,WBA,33.61,6,ASK
2020-10-30 10:37:23,WBA,33.59,9,BID
2020-10-30 10:37:20,WBA,33.61,5,ASK
2020-10-30 10:37:23,WBA,33.6,15,BID
2020-10-30 10:37:23,WBA,33.62,24,ASK
2020-10-30 10:37:23,WBA,33.6,12,BID
2020-10-30 10:37:23,WBA,33.62,24,ASK
2020-10-30 10:37:23,WBA,33.6,12,BID
2020-10-30 10:37:23,WBA,33.62,24,ASK
2020-10-30 10:37:26,WBA,33.6,12,BID
2020-10-30 10:37:23,WBA,33.62,22,ASK
2020-10-30 10:37:27,WBA,33.61,13,BID
2020-10-30 10:37:23,WBA,33.62,21,ASK
2020-10-30 10:37:28,WBA,33.61,15,BID
2020-10-30 10:37:23,WBA,33.62,23,ASK
2020-10-30 10:37:30,WBA,33.61,15,BID
2020-10-30 10:37:23,WBA,33.62,22,ASK
2020-10-30 10:37:30,WBA,33.61,15,BID
2020-10-30 10:37:23,WBA,33.62,22,ASK
2020-10-30 10:37:27,WBA,33.61,15,BID
2020-10-30 10:37:23,WBA,33.62,22,ASK
2020-10-30 10:37:27,WBA,33.61,15,BID
2020-10-30 10:37:23,WBA,33.62,23,ASK
2020-10-30 10:37:27,WBA,33.61,15,BID
2020-10-30 10:37:23,WBA,33.62,23,ASK
2020-10-30 10:37:27,WBA,33.61,15,BID
2020-10-30 10:37:23,WBA,33.62,22,ASK
2020-10-30 10:37:27,WBA,33.61,15,BID
2020-10-30 10:37:23,WBA,33.62,22,ASK
2020-10-30 10:37:35,WBA,33.61,10,BID
2020-10-30 10:37:35,WBA,33.62,7,ASK
2020-10-30 10:37:35,WBA,33.61,10,BID
2020-10-30 10:37:35,WBA,33.62,4,ASK
2020-10-30 10:37:35,WBA,33.61,10,BID
2020-10-30 10:37:36,WBA,33.62,4,ASK
2020-10-30 10:37:35,WBA,33.61,10,BID
2020-10-30 10:37:37,WBA,33.62,9,ASK
2020-10-30 10:37:35,WBA,33.61,10,BID
2020-10-30 10:37:37,WBA,33.62,5,ASK
2020-10-30 10:37:35,WBA,33.61,12,BID
2020-10-30 10:37:38,WBA,33.62,5,ASK
2020-10-30 10:37:35,WBA,33.61,11,BID
2020-10-30 10:37:38,WBA,33.62,4,ASK
2020-10-30 10:37:35,WBA,33.61,11,BID
2020-10-30 10:37:39,WBA,33.62,7,ASK
2020-10-30 10:37:40,WBA,33.6,6,BID
2020-10-30 10:37:40,WBA,33.61,16,ASK
2020-10-30 10:37:40,WBA,33.6,6,BID
2020-10-30 10:37:41,WBA,33.61,16,ASK
2020-10-30 10:37:40,WBA,33.6,6,BID
2020-10-30 10:37:41,WBA,33.61,16,ASK
2020-10-30 10:37:43,WBA,33.6,9,BID
2020-10-30 10:37:43,WBA,33.61,15,ASK
2020-10-30 10:37:43,WBA,33.6,9,BID
2020-10-30 10:37:43,WBA,33.61,15,ASK
2020-10-30 10:36:57,WBA,33.58,27,BID
2020-10-30 10:37:45,WBA,33.59,9,ASK
2020-10-30 10:36:57,WBA,33.58,27,BID
2020-10-30 10:37:46,WBA,33.59,9,ASK
2020-10-30 10:37:46,WBA,33.59,6,BID
2020-10-30 10:37:45,WBA,33.6,28,ASK
2020-10-30 10:37:47,WBA,33.6,4,BID
2020-10-30 10:37:47,WBA,33.61,18,ASK
2020-10-30 10:37:47,WBA,33.6,3,BID
2020-10-30 10:37:47,WBA,33.61,17,ASK
2020-10-30 10:37:48,WBA,33.6,3,BID
2020-10-30 10:37:48,WBA,33.61,17,ASK
2020-10-30 10:37:48,WBA,33.6,3,BID
2020-10-30 10:37:48,WBA,33.61,17,ASK
2020-10-30 10:37:48,WBA,33.6,3,BID
2020-10-30 10:37:48,WBA,33.61,17,ASK
2020-10-30 10:37:52,WBA,33.6,3,BID
2020-10-30 10:37:48,WBA,33.61,12,ASK
2020-10-30 10:37:52,WBA,33.6,3,BID
2020-10-30 10:37:48,WBA,33.61,12,ASK
2020-10-30 10:37:52,WBA,33.6,6,BID
2020-10-30 10:37:48,WBA,33.61,13,ASK
2020-10-30 10:37:52,WBA,33.6,6,BID
2020-10-30 10:37:48,WBA,33.61,13,ASK
2020-10-30 10:37:54,WBA,33.62,4,BID
2020-10-30 10:37:35,WBA,33.63,20,ASK
2020-10-30 10:37:54,WBA,33.62,7,BID
2020-10-30 10:37:35,WBA,33.63,19,ASK
2020-10-30 10:37:55,WBA,33.62,9,BID
2020-10-30 10:37:55,WBA,33.63,17,ASK
2020-10-30 10:37:55,WBA,33.63,2,BID
2020-10-30 10:35:57,WBA,33.64,23,ASK
2020-10-30 10:37:55,WBA,33.63,4,BID
2020-10-30 10:35:57,WBA,33.64,22,ASK
2020-10-30 10:37:57,WBA,33.63,9,BID
2020-10-30 10:35:57,WBA,33.64,20,ASK
2020-10-30 10:37:58,WBA,33.63,8,BID
2020-10-30 10:35:57,WBA,33.64,22,ASK
2020-10-30 10:38:00,WBA,33.63,8,BID
2020-10-30 10:35:57,WBA,33.64,20,ASK
2020-10-30 10:38:00,WBA,33.63,7,BID
2020-10-30 10:35:57,WBA,33.64,21,ASK
2020-10-30 10:38:01,WBA,33.63,10,BID
2020-10-30 10:35:57,WBA,33.64,19,ASK
2020-10-30 10:38:01,WBA,33.63,10,BID
2020-10-30 10:35:57,WBA,33.64,20,ASK
2020-10-30 10:38:02,WBA,33.63,11,BID
2020-10-30 10:35:57,WBA,33.64,19,ASK
2020-10-30 10:38:03,WBA,33.63,9,BID
2020-10-30 10:35:57,WBA,33.64,22,ASK
2020-10-30 10:38:03,WBA,33.63,9,BID
2020-10-30 10:35:57,WBA,33.64,22,ASK
2020-10-30 10:38:03,WBA,33.63,9,BID
2020-10-30 10:35:57,WBA,33.64,22,ASK
2020-10-30 10:38:05,WBA,33.63,12,BID
2020-10-30 10:35:57,WBA,33.64,21,ASK
2020-10-30 10:38:06,WBA,33.63,12,BID
2020-10-30 10:35:57,WBA,33.64,23,ASK
2020-10-30 10:38:06,WBA,33.63,12,BID
2020-10-30 10:35:57,WBA,33.64,23,ASK
2020-10-30 10:38:08,WBA,33.63,14,BID
2020-10-30 10:35:57,WBA,33.64,21,ASK
2020-10-30 10:38:08,WBA,33.63,13,BID
2020-10-30 10:35:57,WBA,33.64,21,ASK
2020-10-30 10:38:08,WBA,33.63,13,BID
2020-10-30 10:35:57,WBA,33.64,21,ASK
2020-10-30 10:38:08,WBA,33.63,12,BID
2020-10-30 10:35:57,WBA,33.64,23,ASK
2020-10-30 10:38:08,WBA,33.63,12,BID
2020-10-30 10:35:57,WBA,33.64,23,ASK
2020-10-30 10:38:12,WBA,33.62,13,BID
2020-10-30 10:38:13,WBA,33.63,21,ASK
2020-10-30 10:38:13,WBA,33.62,13,BID
2020-10-30 10:38:13,WBA,33.63,22,ASK
2020-10-30 10:38:14,WBA,33.62,13,BID
2020-10-30 10:38:13,WBA,33.63,21,ASK
2020-10-30 10:38:15,WBA,33.62,15,BID
2020-10-30 10:38:16,WBA,33.63,21,ASK
2020-10-30 10:38:17,WBA,33.62,15,BID
2020-10-30 10:38:17,WBA,33.63,21,ASK
2020-10-30 10:38:17,WBA,33.62,15,BID
2020-10-30 10:38:17,WBA,33.63,21,ASK
2020-10-30 10:38:17,WBA,33.62,14,BID
2020-10-30 10:38:18,WBA,33.63,24,ASK
2020-10-30 10:37:55,WBA,33.62,15,BID
2020-10-30 10:38:19,WBA,33.63,21,ASK
2020-10-30 10:38:21,WBA,33.61,4,BID
2020-10-30 10:38:20,WBA,33.62,47,ASK
2020-10-30 10:38:21,WBA,33.61,9,BID
2020-10-30 10:38:20,WBA,33.62,46,ASK
2020-10-30 10:38:21,WBA,33.61,9,BID
2020-10-30 10:38:20,WBA,33.62,46,ASK
2020-10-30 10:38:21,WBA,33.61,9,BID
2020-10-30 10:38:20,WBA,33.62,46,ASK
2020-10-30 10:38:25,WBA,33.61,8,BID
2020-10-30 10:38:20,WBA,33.62,46,ASK
2020-10-30 10:38:25,WBA,33.61,8,BID
2020-10-30 10:38:20,WBA,33.62,46,ASK
2020-10-30 10:38:28,WBA,33.61,8,BID
2020-10-30 10:38:20,WBA,33.62,48,ASK
2020-10-30 10:38:28,WBA,33.61,8,BID
2020-10-30 10:38:20,WBA,33.62,47,ASK
2020-10-30 10:38:30,WBA,33.61,6,BID
2020-10-30 10:38:20,WBA,33.62,49,ASK
2020-10-30 10:38:31,WBA,33.61,8,BID
2020-10-30 10:38:20,WBA,33.62,48,ASK
2020-10-30 10:38:31,WBA,33.61,8,BID
2020-10-30 10:38:20,WBA,33.62,48,ASK
2020-10-30 10:38:33,WBA,33.61,8,BID
2020-10-30 10:38:20,WBA,33.62,48,ASK
2020-10-30 10:38:35,WBA,33.6,20,BID
2020-10-30 10:38:35,WBA,33.61,26,ASK
2020-10-30 10:36:57,WBA,33.58,28,BID
2020-10-30 10:38:36,WBA,33.6,8,ASK
2020-10-30 10:38:37,WBA,33.59,13,BID
2020-10-30 10:38:37,WBA,33.6,14,ASK
2020-10-30 10:38:37,WBA,33.6,5,BID
2020-10-30 10:38:35,WBA,33.61,19,ASK
2020-10-30 10:38:37,WBA,33.6,10,BID
2020-10-30 10:38:35,WBA,33.61,19,ASK
2020-10-30 10:38:38,WBA,33.6,9,BID
2020-10-30 10:38:35,WBA,33.61,18,ASK
2020-10-30 10:38:40,WBA,33.59,11,BID
2020-10-30 10:38:39,WBA,33.61,18,ASK
2020-10-30 10:38:40,WBA,33.59,11,BID
2020-10-30 10:38:39,WBA,33.61,18,ASK
2020-10-30 10:38:41,WBA,33.59,9,BID
2020-10-30 10:38:39,WBA,33.61,18,ASK
2020-10-30 10:38:41,WBA,33.59,9,BID
2020-10-30 10:38:39,WBA,33.61,18,ASK
2020-10-30 10:38:41,WBA,33.59,9,BID
2020-10-30 10:38:39,WBA,33.61,18,ASK
2020-10-30 10:38:46,WBA,33.59,9,BID
2020-10-30 10:38:39,WBA,33.61,19,ASK
2020-10-30 10:38:46,WBA,33.59,9,BID
2020-10-30 10:38:39,WBA,33.61,19,ASK
2020-10-30 10:38:48,WBA,33.59,9,BID
2020-10-30 10:38:48,WBA,33.61,20,ASK
2020-10-30 10:38:49,WBA,33.6,10,BID
2020-10-30 10:38:49,WBA,33.61,19,ASK
2020-10-30 10:38:50,WBA,33.61,18,BID
2020-10-30 10:38:50,WBA,33.62,66,ASK
2020-10-30 10:38:50,WBA,33.61,20,BID
2020-10-30 10:38:50,WBA,33.62,18,ASK
2020-10-30 10:38:51,WBA,33.62,10,BID
2020-10-30 10:38:19,WBA,33.63,20,ASK
2020-10-30 10:38:51,WBA,33.62,12,BID
2020-10-30 10:35:57,WBA,33.64,32,ASK
2020-10-30 10:38:52,WBA,33.63,7,BID
2020-10-30 10:35:57,WBA,33.64,26,ASK
2020-10-30 10:38:52,WBA,33.62,16,BID
2020-10-30 10:35:57,WBA,33.64,27,ASK
2020-10-30 10:38:53,WBA,33.62,14,BID
2020-10-30 10:35:57,WBA,33.64,27,ASK
2020-10-30 10:38:54,WBA,33.62,15,BID
2020-10-30 10:35:57,WBA,33.64,27,ASK
2020-10-30 10:38:54,WBA,33.62,15,BID
2020-10-30 10:35:57,WBA,33.64,27,ASK
2020-10-30 10:38:56,WBA,33.62,15,BID
2020-10-30 10:35:57,WBA,33.64,25,ASK
2020-10-30 10:38:56,WBA,33.62,15,BID
2020-10-30 10:35:57,WBA,33.64,25,ASK
2020-10-30 10:38:56,WBA,33.62,15,BID
2020-10-30 10:35:57,WBA,33.64,25,ASK
2020-10-30 10:39:00,WBA,33.62,15,BID
2020-10-30 10:39:00,WBA,33.63,5,ASK
2020-10-30 10:39:00,WBA,33.62,21,BID
2020-10-30 10:39:01,WBA,33.63,6,ASK
2020-10-30 10:39:02,WBA,33.63,7,BID
2020-10-30 10:35:57,WBA,33.64,23,ASK
2020-10-30 10:39:02,WBA,33.63,6,BID
2020-10-30 10:35:57,WBA,33.64,23,ASK
2020-10-30 10:39:03,WBA,33.63,11,BID
2020-10-30 10:35:57,WBA,33.64,23,ASK
2020-10-30 10:39:03,WBA,33.63,10,BID
2020-10-30 10:35:57,WBA,33.64,21,ASK
2020-10-30 10:39:03,WBA,33.63,10,BID
2020-10-30 10:35:57,WBA,33.64,21,ASK
2020-10-30 10:39:03,WBA,33.63,8,BID
2020-10-30 10:35:57,WBA,33.64,21,ASK
2020-10-30 10:39:03,WBA,33.63,8,BID
2020-10-30 10:35:57,WBA,33.64,21,ASK
2020-10-30 10:39:03,WBA,33.63,9,BID
2020-10-30 10:35:57,WBA,33.64,21,ASK
2020-10-30 10:39:03,WBA,33.63,11,BID
2020-10-30 10:35:57,WBA,33.64,19,ASK
2020-10-30 10:39:10,WBA,33.63,11,BID
2020-10-30 10:35:57,WBA,33.64,23,ASK
2020-10-30 10:39:10,WBA,33.63,11,BID
2020-10-30 10:35:57,WBA,33.64,23,ASK
2020-10-30 10:39:00,WBA,33.62,17,BID
2020-10-30 10:39:10,WBA,33.63,11,ASK
2020-10-30 10:39:00,WBA,33.62,11,BID
2020-10-30 10:39:12,WBA,33.63,13,ASK
2020-10-30 10:39:00,WBA,33.62,12,BID
2020-10-30 10:39:12,WBA,33.63,13,ASK
2020-10-30 10:39:00,WBA,33.62,12,BID
2020-10-30 10:39:12,WBA,33.63,12,ASK
2020-10-30 10:39:00,WBA,33.62,12,BID
2020-10-30 10:39:14,WBA,33.63,15,ASK
2020-10-30 10:39:00,WBA,33.62,14,BID
2020-10-30 10:39:14,WBA,33.63,15,ASK
2020-10-30 10:39:20,WBA,33.63,8,BID
2020-10-30 10:35:16,WBA,33.65,18,ASK
2020-10-30 10:39:22,WBA,33.64,20,BID
2020-10-30 10:39:22,WBA,33.66,21,ASK
2020-10-30 10:39:24,WBA,33.64,14,BID
2020-10-30 10:39:22,WBA,33.66,21,ASK
2020-10-30 10:39:25,WBA,33.64,19,BID
2020-10-30 10:39:26,WBA,33.66,24,ASK
2020-10-30 10:39:25,WBA,33.64,17,BID
2020-10-30 10:39:26,WBA,33.66,24,ASK
2020-10-30 10:39:25,WBA,33.64,17,BID
2020-10-30 10:39:26,WBA,33.66,24,ASK
2020-10-30 10:39:25,WBA,33.64,17,BID
2020-10-30 10:39:26,WBA,33.66,24,ASK
2020-10-30 10:39:25,WBA,33.64,17,BID
2020-10-30 10:39:26,WBA,33.66,24,ASK
2020-10-30 10:39:25,WBA,33.64,18,BID
2020-10-30 10:39:31,WBA,33.66,24,ASK
2020-10-30 10:39:25,WBA,33.64,18,BID
2020-10-30 10:39:31,WBA,33.66,24,ASK
2020-10-30 10:39:25,WBA,33.64,18,BID
2020-10-30 10:39:31,WBA,33.66,24,ASK
2020-10-30 10:39:25,WBA,33.64,18,BID
2020-10-30 10:39:31,WBA,33.66,24,ASK
2020-10-30 10:39:25,WBA,33.64,16,BID
2020-10-30 10:39:31,WBA,33.66,27,ASK
2020-10-30 10:39:25,WBA,33.64,15,BID
2020-10-30 10:39:37,WBA,33.66,25,ASK
2020-10-30 10:39:25,WBA,33.64,15,BID
2020-10-30 10:39:37,WBA,33.66,27,ASK
2020-10-30 10:39:25,WBA,33.64,17,BID
2020-10-30 10:39:39,WBA,33.66,24,ASK
2020-10-30 10:39:25,WBA,33.64,19,BID
2020-10-30 10:39:41,WBA,33.66,24,ASK
2020-10-30 10:39:25,WBA,33.64,19,BID
2020-10-30 10:39:41,WBA,33.66,24,ASK
2020-10-30 10:39:25,WBA,33.64,19,BID
2020-10-30 10:39:41,WBA,33.66,24,ASK
2020-10-30 10:39:25,WBA,33.64,17,BID
2020-10-30 10:39:41,WBA,33.66,26,ASK
2020-10-30 10:39:00,WBA,33.62,13,BID
2020-10-30 10:39:46,WBA,33.63,23,ASK
2020-10-30 10:39:00,WBA,33.62,13,BID
2020-10-30 10:39:46,WBA,33.63,22,ASK
2020-10-30 10:39:00,WBA,33.62,13,BID
2020-10-30 10:39:46,WBA,33.63,18,ASK
2020-10-30 10:39:00,WBA,33.62,15,BID
2020-10-30 10:39:46,WBA,33.63,18,ASK
2020-10-30 10:39:47,WBA,33.63,11,BID
2020-10-30 10:39:48,WBA,33.64,24,ASK
2020-10-30 10:39:47,WBA,33.63,11,BID
2020-10-30 10:39:48,WBA,33.64,24,ASK
2020-10-30 10:39:51,WBA,33.63,11,BID
2020-10-30 10:39:51,WBA,33.64,24,ASK
2020-10-30 10:39:52,WBA,33.63,11,BID
2020-10-30 10:39:52,WBA,33.64,24,ASK
2020-10-30 10:39:52,WBA,33.63,11,BID
2020-10-30 10:39:55,WBA,33.64,24,ASK
2020-10-30 10:39:52,WBA,33.63,11,BID
2020-10-30 10:39:56,WBA,33.64,25,ASK
2020-10-30 10:39:57,WBA,33.62,17,BID
2020-10-30 10:39:56,WBA,33.64,25,ASK
2020-10-30 10:39:57,WBA,33.62,17,BID
2020-10-30 10:39:56,WBA,33.64,25,ASK
2020-10-30 10:39:57,WBA,33.62,19,BID
2020-10-30 10:39:56,WBA,33.64,23,ASK
2020-10-30 10:39:57,WBA,33.62,19,BID
2020-10-30 10:39:56,WBA,33.64,23,ASK
2020-10-30 10:39:57,WBA,33.62,19,BID
2020-10-30 10:39:56,WBA,33.64,23,ASK
2020-10-30 10:39:57,WBA,33.62,19,BID
2020-10-30 10:39:56,WBA,33.64,23,ASK
2020-10-30 10:39:57,WBA,33.62,19,BID
2020-10-30 10:39:56,WBA,33.64,23,ASK
2020-10-30 10:39:57,WBA,33.62,18,BID
2020-10-30 10:40:00,WBA,33.63,3,ASK
2020-10-30 10:39:57,WBA,33.62,18,BID
2020-10-30 10:40:00,WBA,33.63,3,ASK
2020-10-30 10:39:57,WBA,33.62,18,BID
2020-10-30 10:40:00,WBA,33.63,7,ASK
2020-10-30 10:39:57,WBA,33.62,17,BID
2020-10-30 10:40:00,WBA,33.63,7,ASK
2020-10-30 10:39:57,WBA,33.62,17,BID
2020-10-30 10:40:00,WBA,33.63,7,ASK
2020-10-30 10:40:02,WBA,33.61,19,BID
2020-10-30 10:40:02,WBA,33.62,15,ASK
2020-10-30 10:40:03,WBA,33.59,8,BID
2020-10-30 10:40:03,WBA,33.6,18,ASK
2020-10-30 10:36:57,WBA,33.58,33,BID
2020-10-30 10:40:03,WBA,33.6,27,ASK
2020-10-30 10:36:57,WBA,33.58,33,BID
2020-10-30 10:40:04,WBA,33.6,27,ASK
2020-10-30 10:36:57,WBA,33.58,33,BID
2020-10-30 10:40:06,WBA,33.6,27,ASK
2020-10-30 10:36:57,WBA,33.58,33,BID
2020-10-30 10:40:07,WBA,33.6,22,ASK
2020-10-30 10:36:57,WBA,33.58,33,BID
2020-10-30 10:40:08,WBA,33.6,22,ASK
2020-10-30 10:40:09,WBA,33.59,5,BID
2020-10-30 10:40:08,WBA,33.6,20,ASK
2020-10-30 10:40:09,WBA,33.59,5,BID
2020-10-30 10:40:08,WBA,33.6,20,ASK
2020-10-30 10:40:11,WBA,33.59,6,BID
2020-10-30 10:40:11,WBA,33.6,19,ASK
2020-10-30 10:40:12,WBA,33.59,8,BID
2020-10-30 10:40:11,WBA,33.6,19,ASK
2020-10-30 10:40:13,WBA,33.59,6,BID
2020-10-30 10:40:13,WBA,33.6,25,ASK
2020-10-30 10:36:57,WBA,33.58,35,BID
2020-10-30 10:40:13,WBA,33.59,11,ASK
2020-10-30 10:36:57,WBA,33.58,35,BID
2020-10-30 10:40:13,WBA,33.59,11,ASK
2020-10-30 10:36:57,WBA,33.58,35,BID
2020-10-30 10:40:13,WBA,33.59,11,ASK
2020-10-30 10:40:17,WBA,33.59,16,BID
2020-10-30 10:40:17,WBA,33.61,28,ASK
2020-10-30 10:40:17,WBA,33.59,16,BID
2020-10-30 10:40:17,WBA,33.61,28,ASK
2020-10-30 10:40:17,WBA,33.59,20,BID
2020-10-30 10:40:17,WBA,33.61,28,ASK
2020-10-30 10:40:17,WBA,33.59,20,BID
2020-10-30 10:40:17,WBA,33.61,27,ASK
2020-10-30 10:40:17,WBA,33.59,20,BID
2020-10-30 10:40:17,WBA,33.61,27,ASK
2020-10-30 10:40:17,WBA,33.59,20,BID
2020-10-30 10:40:17,WBA,33.61,27,ASK
2020-10-30 10:40:17,WBA,33.59,20,BID
2020-10-30 10:40:17,WBA,33.61,27,ASK
2020-10-30 10:40:17,WBA,33.59,20,BID
2020-10-30 10:40:17,WBA,33.61,27,ASK
2020-10-30 10:40:17,WBA,33.59,20,BID
2020-10-30 10:40:17,WBA,33.61,27,ASK
2020-10-30 10:40:17,WBA,33.59,20,BID
2020-10-30 10:40:03,WBA,33.61,27,ASK
2020-10-30 10:40:17,WBA,33.59,19,BID
2020-10-30 10:40:03,WBA,33.61,21,ASK
2020-10-30 10:40:17,WBA,33.59,19,BID
2020-10-30 10:40:03,WBA,33.61,24,ASK
2020-10-30 10:40:17,WBA,33.59,17,BID
2020-10-30 10:40:31,WBA,33.6,10,ASK
2020-10-30 10:40:17,WBA,33.59,17,BID
2020-10-30 10:40:31,WBA,33.6,11,ASK
2020-10-30 10:36:57,WBA,33.58,32,BID
2020-10-30 10:40:32,WBA,33.6,22,ASK
2020-10-30 10:36:57,WBA,33.58,31,BID
2020-10-30 10:40:33,WBA,33.59,2,ASK
2020-10-30 10:40:34,WBA,33.57,17,BID
2020-10-30 10:40:34,WBA,33.58,12,ASK
2020-10-30 10:40:34,WBA,33.57,19,BID
2020-10-30 10:40:34,WBA,33.59,12,ASK
2020-10-30 10:40:36,WBA,33.59,13,BID
2020-10-30 10:40:32,WBA,33.6,19,ASK
2020-10-30 10:40:37,WBA,33.6,1,BID
2020-10-30 10:40:03,WBA,33.61,26,ASK
2020-10-30 10:40:38,WBA,33.6,1,BID
2020-10-30 10:40:03,WBA,33.61,30,ASK
2020-10-30 10:40:39,WBA,33.59,15,BID
2020-10-30 10:40:03,WBA,33.61,30,ASK
2020-10-30 10:40:39,WBA,33.59,15,BID
2020-10-30 10:40:03,WBA,33.61,30,ASK
2020-10-30 10:40:41,WBA,33.59,15,BID
2020-10-30 10:40:03,WBA,33.61,30,ASK
2020-10-30 10:40:43,WBA,33.58,20,BID
2020-10-30 10:40:43,WBA,33.6,15,ASK
2020-10-30 10:40:45,WBA,33.59,18,BID
2020-10-30 10:40:45,WBA,33.6,14,ASK
2020-10-30 10:40:45,WBA,33.59,18,BID
2020-10-30 10:40:03,WBA,33.61,28,ASK
2020-10-30 10:40:45,WBA,33.59,18,BID
2020-10-30 10:40:03,WBA,33.61,28,ASK
2020-10-30 10:40:45,WBA,33.59,20,BID
2020-10-30 10:40:03,WBA,33.61,28,ASK
2020-10-30 10:40:45,WBA,33.59,20,BID
2020-10-30 10:40:03,WBA,33.61,28,ASK
2020-10-30 10:40:45,WBA,33.59,19,BID
2020-10-30 10:40:03,WBA,33.61,28,ASK
2020-10-30 10:40:45,WBA,33.59,19,BID
2020-10-30 10:40:03,WBA,33.61,28,ASK
2020-10-30 10:40:45,WBA,33.59,18,BID
2020-10-30 10:40:03,WBA,33.61,28,ASK
2020-10-30 10:40:45,WBA,33.59,18,BID
2020-10-30 10:40:03,WBA,33.61,28,ASK
2020-10-30 10:40:54,WBA,33.61,15,BID
2020-10-30 10:40:54,WBA,33.62,19,ASK
2020-10-30 10:40:55,WBA,33.62,11,BID
2020-10-30 10:40:55,WBA,33.63,12,ASK
2020-10-30 10:40:55,WBA,33.62,11,BID
2020-10-30 10:40:55,WBA,33.63,10,ASK
2020-10-30 10:40:55,WBA,33.62,10,BID
2020-10-30 10:40:57,WBA,33.63,9,ASK
2020-10-30 10:40:55,WBA,33.62,10,BID
2020-10-30 10:40:57,WBA,33.63,9,ASK
2020-10-30 10:40:55,WBA,33.62,9,BID
2020-10-30 10:40:57,WBA,33.63,10,ASK
2020-10-30 10:40:55,WBA,33.62,9,BID
2020-10-30 10:40:57,WBA,33.63,9,ASK
2020-10-30 10:40:55,WBA,33.62,9,BID
2020-10-30 10:40:57,WBA,33.63,9,ASK
2020-10-30 10:40:55,WBA,33.62,9,BID
2020-10-30 10:40:57,WBA,33.63,8,ASK
2020-10-30 10:40:55,WBA,33.62,9,BID
2020-10-30 10:40:57,WBA,33.63,8,ASK
2020-10-30 10:40:55,WBA,33.62,10,BID
2020-10-30 10:40:57,WBA,33.63,8,ASK
2020-10-30 10:40:55,WBA,33.62,10,BID
2020-10-30 10:40:57,WBA,33.63,8,ASK
2020-10-30 10:40:55,WBA,33.62,9,BID
2020-10-30 10:40:57,WBA,33.63,9,ASK
2020-10-30 10:40:55,WBA,33.62,9,BID
2020-10-30 10:40:57,WBA,33.63,9,ASK
2020-10-30 10:41:07,WBA,33.62,14,BID
2020-10-30 10:40:57,WBA,33.63,9,ASK
2020-10-30 10:41:08,WBA,33.62,12,BID
2020-10-30 10:41:08,WBA,33.63,15,ASK
2020-10-30 10:41:08,WBA,33.62,12,BID
2020-10-30 10:41:08,WBA,33.63,15,ASK
2020-10-30 10:41:08,WBA,33.62,12,BID
2020-10-30 10:41:08,WBA,33.63,15,ASK
2020-10-30 10:41:08,WBA,33.62,13,BID
2020-10-30 10:41:08,WBA,33.63,15,ASK
2020-10-30 10:41:08,WBA,33.62,12,BID
2020-10-30 10:41:08,WBA,33.63,14,ASK
2020-10-30 10:41:08,WBA,33.62,12,BID
2020-10-30 10:41:08,WBA,33.63,14,ASK
2020-10-30 10:41:08,WBA,33.62,14,BID
2020-10-30 10:41:08,WBA,33.63,15,ASK
2020-10-30 10:41:08,WBA,33.62,14,BID
2020-10-30 10:41:08,WBA,33.63,15,ASK
2020-10-30 10:41:08,WBA,33.62,13,BID
2020-10-30 10:41:08,WBA,33.63,15,ASK
2020-10-30 10:41:08,WBA,33.62,12,BID
2020-10-30 10:41:08,WBA,33.63,15,ASK
2020-10-30 10:41:20,WBA,33.61,21,BID
2020-10-30 10:41:20,WBA,33.62,15,ASK
2020-10-30 10:41:20,WBA,33.61,24,BID
2020-10-30 10:41:20,WBA,33.62,17,ASK
2020-10-30 10:41:20,WBA,33.61,23,BID
2020-10-30 10:41:21,WBA,33.62,18,ASK
2020-10-30 10:41:22,WBA,33.6,13,BID
2020-10-30 10:41:22,WBA,33.61,4,ASK
2020-10-30 10:41:22,WBA,33.6,13,BID
2020-10-30 10:41:22,WBA,33.61,4,ASK
2020-10-30 10:41:23,WBA,33.6,13,BID
2020-10-30 10:41:22,WBA,33.61,6,ASK
2020-10-30 10:41:23,WBA,33.6,13,BID
2020-10-30 10:41:22,WBA,33.61,7,ASK
2020-10-30 10:41:24,WBA,33.6,11,BID
2020-10-30 10:41:22,WBA,33.61,7,ASK
2020-10-30 10:41:25,WBA,33.6,10,BID
2020-10-30 10:41:22,WBA,33.61,7,ASK
2020-10-30 10:41:25,WBA,33.6,10,BID
2020-10-30 10:41:25,WBA,33.61,11,ASK
2020-10-30 10:41:25,WBA,33.6,16,BID
2020-10-30 10:41:25,WBA,33.61,10,ASK
2020-10-30 10:41:25,WBA,33.6,15,BID
2020-10-30 10:41:25,WBA,33.61,10,ASK
2020-10-30 10:41:28,WBA,33.6,11,BID
2020-10-30 10:41:25,WBA,33.61,11,ASK
2020-10-30 10:41:28,WBA,33.6,13,BID
2020-10-30 10:41:25,WBA,33.61,10,ASK
2020-10-30 10:41:28,WBA,33.6,12,BID
2020-10-30 10:41:25,WBA,33.61,10,ASK
2020-10-30 10:41:28,WBA,33.6,13,BID
2020-10-30 10:41:25,WBA,33.61,11,ASK
2020-10-30 10:41:28,WBA,33.6,13,BID
2020-10-30 10:41:25,WBA,33.61,11,ASK
2020-10-30 10:41:28,WBA,33.6,12,BID
2020-10-30 10:41:25,WBA,33.61,11,ASK
2020-10-30 10:41:35,WBA,33.6,10,BID
2020-10-30 10:41:35,WBA,33.61,14,ASK
2020-10-30 10:41:35,WBA,33.6,10,BID
2020-10-30 10:41:35,WBA,33.61,14,ASK
2020-10-30 10:41:35,WBA,33.6,10,BID
2020-10-30 10:41:35,WBA,33.61,11,ASK
2020-10-30 10:41:38,WBA,33.6,9,BID
2020-10-30 10:41:38,WBA,33.61,15,ASK
2020-10-30 10:41:38,WBA,33.6,9,BID
2020-10-30 10:41:38,WBA,33.61,15,ASK
2020-10-30 10:41:41,WBA,33.59,17,BID
2020-10-30 10:41:41,WBA,33.6,28,ASK
2020-10-30 10:40:43,WBA,33.58,17,BID
2020-10-30 10:41:41,WBA,33.59,12,ASK
2020-10-30 10:40:43,WBA,33.58,15,BID
2020-10-30 10:41:41,WBA,33.59,16,ASK
2020-10-30 10:41:43,WBA,33.59,18,BID
2020-10-30 10:41:43,WBA,33.6,24,ASK
2020-10-30 10:41:43,WBA,33.59,14,BID
2020-10-30 10:41:43,WBA,33.6,23,ASK
2020-10-30 10:41:45,WBA,33.59,10,BID
2020-10-30 10:41:43,WBA,33.6,24,ASK
2020-10-30 10:41:45,WBA,33.59,11,BID
2020-10-30 10:41:43,WBA,33.6,23,ASK
2020-10-30 10:41:45,WBA,33.59,11,BID
2020-10-30 10:41:43,WBA,33.6,23,ASK
2020-10-30 10:41:46,WBA,33.59,14,BID
2020-10-30 10:41:43,WBA,33.6,23,ASK
2020-10-30 10:41:46,WBA,33.59,14,BID
2020-10-30 10:41:43,WBA,33.6,23,ASK
2020-10-30 10:41:46,WBA,33.59,14,BID
2020-10-30 10:41:43,WBA,33.6,23,ASK
2020-10-30 10:41:50,WBA,33.61,7,BID
2020-10-30 10:41:21,WBA,33.62,25,ASK
2020-10-30 10:41:50,WBA,33.6,20,BID
2020-10-30 10:41:50,WBA,33.61,17,ASK
2020-10-30 10:41:50,WBA,33.6,20,BID
2020-10-30 10:41:50,WBA,33.61,17,ASK
2020-10-30 10:41:50,WBA,33.6,20,BID
2020-10-30 10:41:50,WBA,33.61,17,ASK
2020-10-30 10:41:50,WBA,33.6,20,BID
2020-10-30 10:41:50,WBA,33.61,18,ASK
2020-10-30 10:41:50,WBA,33.6,19,BID
2020-10-30 10:41:50,WBA,33.61,19,ASK
2020-10-30 10:41:50,WBA,33.6,19,BID
2020-10-30 10:41:54,WBA,33.61,14,ASK
2020-10-30 10:41:54,WBA,33.61,16,BID
2020-10-30 10:41:21,WBA,33.62,23,ASK
2020-10-30 10:41:54,WBA,33.61,20,BID
2020-10-30 10:41:20,WBA,33.63,20,ASK
2020-10-30 10:41:57,WBA,33.62,20,BID
2020-10-30 10:41:20,WBA,33.63,18,ASK
2020-10-30 10:41:57,WBA,33.62,17,BID
2020-10-30 10:41:57,WBA,33.63,17,ASK
2020-10-30 10:41:58,WBA,33.62,17,BID
2020-10-30 10:41:57,WBA,33.63,17,ASK
2020-10-30 10:41:59,WBA,33.62,17,BID
2020-10-30 10:41:57,WBA,33.63,16,ASK
2020-10-30 10:41:54,WBA,33.61,18,BID
2020-10-30 10:42:00,WBA,33.62,20,ASK
2020-10-30 10:41:54,WBA,33.61,18,BID
2020-10-30 10:42:00,WBA,33.62,21,ASK
2020-10-30 10:41:54,WBA,33.61,18,BID
2020-10-30 10:42:00,WBA,33.62,21,ASK
2020-10-30 10:41:54,WBA,33.61,18,BID
2020-10-30 10:42:00,WBA,33.62,21,ASK
2020-10-30 10:41:54,WBA,33.61,18,BID
2020-10-30 10:42:00,WBA,33.62,21,ASK
2020-10-30 10:41:50,WBA,33.6,25,BID
2020-10-30 10:42:03,WBA,33.61,10,ASK
2020-10-30 10:41:50,WBA,33.6,25,BID
2020-10-30 10:42:04,WBA,33.61,17,ASK
2020-10-30 10:41:50,WBA,33.6,25,BID
2020-10-30 10:42:04,WBA,33.61,17,ASK
2020-10-30 10:41:50,WBA,33.6,25,BID
2020-10-30 10:42:05,WBA,33.61,19,ASK
2020-10-30 10:41:50,WBA,33.6,25,BID
2020-10-30 10:42:05,WBA,33.61,21,ASK
2020-10-30 10:41:50,WBA,33.6,25,BID
2020-10-30 10:42:05,WBA,33.61,21,ASK
2020-10-30 10:42:06,WBA,33.59,10,BID
2020-10-30 10:42:07,WBA,33.6,17,ASK
2020-10-30 10:42:06,WBA,33.59,11,BID
2020-10-30 10:42:07,WBA,33.6,18,ASK
2020-10-30 10:42:09,WBA,33.59,10,BID
2020-10-30 10:42:07,WBA,33.6,15,ASK
2020-10-30 10:42:10,WBA,33.59,16,BID
2020-10-30 10:42:09,WBA,33.61,28,ASK
2020-10-30 10:42:10,WBA,33.59,16,BID
2020-10-30 10:42:09,WBA,33.61,28,ASK
2020-10-30 10:42:11,WBA,33.59,16,BID
2020-10-30 10:42:09,WBA,33.61,25,ASK
2020-10-30 10:42:11,WBA,33.59,16,BID
2020-10-30 10:42:09,WBA,33.61,25,ASK
2020-10-30 10:42:13,WBA,33.59,16,BID
2020-10-30 10:42:10,WBA,33.61,24,ASK
2020-10-30 10:42:14,WBA,33.59,16,BID
2020-10-30 10:42:10,WBA,33.61,23,ASK
2020-10-30 10:42:16,WBA,33.59,13,BID
2020-10-30 10:42:10,WBA,33.61,22,ASK
2020-10-30 10:42:16,WBA,33.59,13,BID
2020-10-30 10:42:10,WBA,33.61,22,ASK
2020-10-30 10:42:16,WBA,33.59,13,BID
2020-10-30 10:42:10,WBA,33.61,22,ASK
2020-10-30 10:42:16,WBA,33.59,13,BID
2020-10-30 10:42:10,WBA,33.61,22,ASK
2020-10-30 10:42:16,WBA,33.59,13,BID
2020-10-30 10:42:10,WBA,33.61,24,ASK
2020-10-30 10:42:16,WBA,33.59,13,BID
2020-10-30 10:42:10,WBA,33.61,23,ASK
2020-10-30 10:42:16,WBA,33.59,13,BID
2020-10-30 10:42:10,WBA,33.61,25,ASK
2020-10-30 10:42:23,WBA,33.6,11,BID
2020-10-30 10:42:10,WBA,33.61,23,ASK
2020-10-30 10:42:25,WBA,33.6,15,BID
2020-10-30 10:42:10,WBA,33.61,19,ASK
2020-10-30 10:42:26,WBA,33.61,10,BID
2020-10-30 10:42:26,WBA,33.62,18,ASK
2020-10-30 10:42:27,WBA,33.62,2,BID
2020-10-30 10:42:00,WBA,33.63,25,ASK
2020-10-30 10:42:28,WBA,33.62,5,BID
2020-10-30 10:42:28,WBA,33.63,17,ASK
2020-10-30 10:42:29,WBA,33.62,7,BID
2020-10-30 10:42:28,WBA,33.63,17,ASK
2020-10-30 10:42:30,WBA,33.62,10,BID
2020-10-30 10:42:30,WBA,33.63,21,ASK
2020-10-30 10:42:31,WBA,33.62,10,BID
2020-10-30 10:42:31,WBA,33.63,21,ASK
2020-10-30 10:42:33,WBA,33.62,10,BID
2020-10-30 10:42:31,WBA,33.63,21,ASK
2020-10-30 10:42:35,WBA,33.62,10,BID
2020-10-30 10:42:35,WBA,33.63,20,ASK
2020-10-30 10:42:36,WBA,33.61,13,BID
2020-10-30 10:42:36,WBA,33.62,15,ASK
2020-10-30 10:42:37,WBA,33.62,16,BID
2020-10-30 10:42:37,WBA,33.63,34,ASK
2020-10-30 10:42:36,WBA,33.61,14,BID
2020-10-30 10:42:38,WBA,33.62,10,ASK
2020-10-30 10:42:36,WBA,33.61,14,BID
2020-10-30 10:42:38,WBA,33.62,9,ASK
2020-10-30 10:42:36,WBA,33.61,15,BID
2020-10-30 10:42:38,WBA,33.62,9,ASK
2020-10-30 10:42:40,WBA,33.6,15,BID
2020-10-30 10:42:40,WBA,33.61,11,ASK
2020-10-30 10:42:42,WBA,33.6,7,BID
2020-10-30 10:42:41,WBA,33.61,12,ASK
2020-10-30 10:42:43,WBA,33.6,8,BID
2020-10-30 10:42:41,WBA,33.61,12,ASK
2020-10-30 10:42:43,WBA,33.6,10,BID
2020-10-30 10:42:41,WBA,33.61,12,ASK
2020-10-30 10:42:45,WBA,33.61,8,BID
2020-10-30 10:42:45,WBA,33.62,19,ASK
2020-10-30 10:42:46,WBA,33.61,9,BID
2020-10-30 10:42:45,WBA,33.62,22,ASK
2020-10-30 10:42:47,WBA,33.61,9,BID
2020-10-30 10:42:45,WBA,33.62,23,ASK
2020-10-30 10:42:48,WBA,33.61,8,BID
2020-10-30 10:42:45,WBA,33.62,23,ASK
2020-10-30 10:42:50,WBA,33.6,18,BID
2020-10-30 10:42:50,WBA,33.61,11,ASK
2020-10-30 10:42:51,WBA,33.6,19,BID
2020-10-30 10:42:51,WBA,33.61,13,ASK
2020-10-30 10:42:52,WBA,33.61,10,BID
2020-10-30 10:42:45,WBA,33.62,23,ASK
2020-10-30 10:42:53,WBA,33.61,14,BID
2020-10-30 10:42:45,WBA,33.62,23,ASK
2020-10-30 10:42:53,WBA,33.61,16,BID
2020-10-30 10:42:45,WBA,33.62,20,ASK
2020-10-30 10:42:55,WBA,33.62,14,BID
2020-10-30 10:42:37,WBA,33.63,19,ASK
2020-10-30 10:42:55,WBA,33.62,14,BID
2020-10-30 10:42:37,WBA,33.63,19,ASK
2020-10-30 10:42:55,WBA,33.62,14,BID
2020-10-30 10:42:37,WBA,33.63,20,ASK
2020-10-30 10:42:55,WBA,33.62,15,BID
2020-10-30 10:42:37,WBA,33.63,16,ASK
2020-10-30 10:42:55,WBA,33.62,15,BID
2020-10-30 10:42:37,WBA,33.63,16,ASK
2020-10-30 10:42:55,WBA,33.62,15,BID
2020-10-30 10:42:37,WBA,33.63,16,ASK
2020-10-30 10:42:55,WBA,33.62,12,BID
2020-10-30 10:42:37,WBA,33.63,17,ASK
2020-10-30 10:43:00,WBA,33.63,4,BID
2020-10-30 10:42:37,WBA,33.63,15,ASK
2020-10-30 10:42:55,WBA,33.62,15,BID
2020-10-30 10:42:37,WBA,33.63,15,ASK
2020-10-30 10:43:01,WBA,33.63,3,BID
2020-10-30 10:43:01,WBA,33.64,21,ASK
2020-10-30 10:43:00,WBA,33.62,15,BID
2020-10-30 10:43:01,WBA,33.63,2,ASK
2020-10-30 10:43:02,WBA,33.63,8,BID
2020-10-30 10:43:01,WBA,33.64,21,ASK
2020-10-30 10:43:02,WBA,33.63,6,BID
2020-10-30 10:43:01,WBA,33.64,15,ASK
2020-10-30 10:43:02,WBA,33.63,6,BID
2020-10-30 10:43:01,WBA,33.64,15,ASK
2020-10-30 10:43:03,WBA,33.64,19,BID
2020-10-30 10:43:03,WBA,33.65,16,ASK
2020-10-30 10:43:03,WBA,33.65,17,BID
2020-10-30 10:43:03,WBA,33.66,27,ASK
2020-10-30 10:43:03,WBA,33.65,21,BID
2020-10-30 10:43:03,WBA,33.67,16,ASK
2020-10-30 10:43:03,WBA,33.65,21,BID
2020-10-30 10:43:03,WBA,33.67,16,ASK
2020-10-30 10:43:04,WBA,33.65,25,BID
2020-10-30 10:43:04,WBA,33.67,16,ASK
2020-10-30 10:43:04,WBA,33.65,19,BID
2020-10-30 10:43:05,WBA,33.66,4,ASK
2020-10-30 10:43:05,WBA,33.65,18,BID
2020-10-30 10:43:05,WBA,33.66,5,ASK
2020-10-30 10:43:05,WBA,33.65,16,BID
2020-10-30 10:43:05,WBA,33.66,4,ASK
2020-10-30 10:43:06,WBA,33.65,14,BID
2020-10-30 10:43:06,WBA,33.66,21,ASK
2020-10-30 10:43:06,WBA,33.65,15,BID
2020-10-30 10:43:06,WBA,33.66,23,ASK
2020-10-30 10:43:07,WBA,33.63,8,BID
2020-10-30 10:43:07,WBA,33.65,13,ASK
2020-10-30 10:43:08,WBA,33.63,12,BID
2020-10-30 10:43:07,WBA,33.65,13,ASK
2020-10-30 10:43:08,WBA,33.63,12,BID
2020-10-30 10:43:07,WBA,33.65,13,ASK
2020-10-30 10:43:09,WBA,33.63,16,BID
2020-10-30 10:43:07,WBA,33.65,13,ASK
2020-10-30 10:43:09,WBA,33.63,16,BID
2020-10-30 10:43:07,WBA,33.65,13,ASK
2020-10-30 10:43:11,WBA,33.63,17,BID
2020-10-30 10:43:11,WBA,33.65,17,ASK
2020-10-30 10:43:11,WBA,33.63,17,BID
2020-10-30 10:43:11,WBA,33.65,17,ASK
2020-10-30 10:43:11,WBA,33.63,17,BID
2020-10-30 10:43:11,WBA,33.65,17,ASK
2020-10-30 10:43:11,WBA,33.63,17,BID
2020-10-30 10:43:14,WBA,33.65,20,ASK
2020-10-30 10:43:15,WBA,33.64,3,BID
2020-10-30 10:43:15,WBA,33.65,20,ASK
2020-10-30 10:43:15,WBA,33.64,3,BID
2020-10-30 10:43:15,WBA,33.65,20,ASK
2020-10-30 10:43:16,WBA,33.64,20,BID
2020-10-30 10:43:16,WBA,33.65,20,ASK
2020-10-30 10:43:16,WBA,33.64,15,BID
2020-10-30 10:43:17,WBA,33.65,24,ASK
2020-10-30 10:43:11,WBA,33.63,17,BID
2020-10-30 10:43:18,WBA,33.64,1,ASK
2020-10-30 10:43:18,WBA,33.63,21,BID
2020-10-30 10:43:18,WBA,33.64,7,ASK
2020-10-30 10:43:18,WBA,33.63,21,BID
2020-10-30 10:43:19,WBA,33.64,7,ASK
2020-10-30 10:43:18,WBA,33.63,21,BID
2020-10-30 10:43:20,WBA,33.64,16,ASK
2020-10-30 10:43:18,WBA,33.63,20,BID
2020-10-30 10:43:20,WBA,33.64,16,ASK
2020-10-30 10:43:21,WBA,33.62,9,BID
2020-10-30 10:43:21,WBA,33.63,11,ASK
2020-10-30 10:43:22,WBA,33.62,9,BID
2020-10-30 10:43:21,WBA,33.63,15,ASK
2020-10-30 10:43:22,WBA,33.61,17,BID
2020-10-30 10:43:22,WBA,33.62,2,ASK
2020-10-30 10:43:22,WBA,33.62,12,BID
2020-10-30 10:43:22,WBA,33.63,22,ASK
2020-10-30 10:43:23,WBA,33.62,1,BID
2020-10-30 10:43:23,WBA,33.62,3,ASK
2020-10-30 10:43:23,WBA,33.61,19,BID
2020-10-30 10:43:23,WBA,33.62,4,ASK
2020-10-30 10:43:23,WBA,33.61,19,BID
2020-10-30 10:43:23,WBA,33.62,4,ASK
2020-10-30 10:43:24,WBA,33.61,19,BID
2020-10-30 10:43:24,WBA,33.62,3,ASK
2020-10-30 10:43:24,WBA,33.61,19,BID
2020-10-30 10:43:24,WBA,33.62,3,ASK
2020-10-30 10:43:24,WBA,33.61,19,BID
2020-10-30 10:43:24,WBA,33.62,3,ASK
2020-10-30 10:43:24,WBA,33.61,19,BID
2020-10-30 10:43:24,WBA,33.62,3,ASK
2020-10-30 10:43:27,WBA,33.61,19,BID
2020-10-30 10:43:24,WBA,33.62,4,ASK
2020-10-30 10:43:28,WBA,33.62,5,BID
2020-10-30 10:43:23,WBA,33.63,23,ASK
2020-10-30 10:43:29,WBA,33.62,9,BID
2020-10-30 10:43:29,WBA,33.63,16,ASK
2020-10-30 10:43:30,WBA,33.62,9,BID
2020-10-30 10:43:30,WBA,33.63,15,ASK
2020-10-30 10:43:30,WBA,33.62,9,BID
2020-10-30 10:43:30,WBA,33.63,15,ASK
2020-10-30 10:43:32,WBA,33.62,24,BID
2020-10-30 10:43:32,WBA,33.63,23,ASK
2020-10-30 10:43:33,WBA,33.61,22,BID
2020-10-30 10:43:33,WBA,33.62,18,ASK
2020-10-30 10:43:33,WBA,33.61,22,BID
2020-10-30 10:43:33,WBA,33.62,18,ASK
2020-10-30 10:43:33,WBA,33.61,21,BID
2020-10-30 10:43:33,WBA,33.62,18,ASK
2020-10-30 10:43:37,WBA,33.61,20,BID
2020-10-30 10:43:37,WBA,33.62,22,ASK
2020-10-30 10:43:37,WBA,33.61,20,BID
2020-10-30 10:43:38,WBA,33.62,22,ASK
2020-10-30 10:43:39,WBA,33.61,21,BID
2020-10-30 10:43:39,WBA,33.62,22,ASK
2020-10-30 10:43:39,WBA,33.61,19,BID
2020-10-30 10:43:40,WBA,33.62,33,ASK
2020-10-30 10:43:39,WBA,33.61,19,BID
2020-10-30 10:43:40,WBA,33.62,33,ASK
2020-10-30 10:43:41,WBA,33.62,14,BID
2020-10-30 10:43:32,WBA,33.63,28,ASK
2020-10-30 10:43:43,WBA,33.62,25,BID
2020-10-30 10:43:43,WBA,33.63,27,ASK
2020-10-30 10:43:45,WBA,33.62,26,BID
2020-10-30 10:43:45,WBA,33.63,1,ASK
2020-10-30 10:43:41,WBA,33.61,32,BID
2020-10-30 10:43:45,WBA,33.62,18,ASK
2020-10-30 10:43:41,WBA,33.61,27,BID
2020-10-30 10:43:45,WBA,33.62,16,ASK
2020-10-30 10:43:41,WBA,33.61,27,BID
2020-10-30 10:43:45,WBA,33.62,16,ASK
2020-10-30 10:42:42,WBA,33.6,12,BID
2020-10-30 10:43:47,WBA,33.61,7,ASK
2020-10-30 10:43:47,WBA,33.59,24,BID
2020-10-30 10:43:47,WBA,33.6,5,ASK
2020-10-30 10:43:47,WBA,33.6,9,BID
2020-10-30 10:43:47,WBA,33.61,6,ASK
2020-10-30 10:43:48,WBA,33.6,2,BID
2020-10-30 10:43:48,WBA,33.61,14,ASK
2020-10-30 10:43:48,WBA,33.6,2,BID
2020-10-30 10:43:48,WBA,33.61,14,ASK
2020-10-30 10:43:49,WBA,33.6,4,BID
2020-10-30 10:43:49,WBA,33.61,14,ASK
2020-10-30 10:43:49,WBA,33.59,27,BID
2020-10-30 10:43:49,WBA,33.6,27,ASK
2020-10-30 10:43:49,WBA,33.58,19,BID
2020-10-30 10:43:49,WBA,33.59,2,ASK
2020-10-30 10:43:50,WBA,33.57,17,BID
2020-10-30 10:43:50,WBA,33.58,6,ASK
2020-10-30 10:43:50,WBA,33.57,23,BID
2020-10-30 10:43:50,WBA,33.59,12,ASK
2020-10-30 10:43:50,WBA,33.59,18,BID
2020-10-30 10:43:50,WBA,33.6,25,ASK
2020-10-30 10:43:50,WBA,33.59,16,BID
2020-10-30 10:43:50,WBA,33.6,25,ASK
2020-10-30 10:43:50,WBA,33.59,17,BID
2020-10-30 10:43:51,WBA,33.6,24,ASK
2020-10-30 10:43:51,WBA,33.59,20,BID
2020-10-30 10:43:51,WBA,33.6,21,ASK
2020-10-30 10:43:51,WBA,33.59,19,BID
2020-10-30 10:43:51,WBA,33.6,12,ASK
2020-10-30 10:43:51,WBA,33.59,17,BID
2020-10-30 10:43:52,WBA,33.6,3,ASK
2020-10-30 10:43:52,WBA,33.57,24,BID
2020-10-30 10:43:52,WBA,33.58,7,ASK
2020-10-30 10:43:52,WBA,33.56,16,BID
2020-10-30 10:43:52,WBA,33.57,11,ASK
2020-10-30 10:43:53,WBA,33.58,4,BID
2020-10-30 10:43:52,WBA,33.59,23,ASK
2020-10-30 10:43:53,WBA,33.59,7,BID
2020-10-30 10:43:53,WBA,33.6,5,ASK
2020-10-30 10:43:53,WBA,33.59,18,BID
2020-10-30 10:43:53,WBA,33.6,5,ASK
2020-10-30 10:43:53,WBA,33.59,17,BID
2020-10-30 10:43:53,WBA,33.6,5,ASK
2020-10-30 10:43:53,WBA,33.59,16,BID
2020-10-30 10:43:53,WBA,33.6,5,ASK
2020-10-30 10:43:54,WBA,33.59,15,BID
2020-10-30 10:43:53,WBA,33.6,5,ASK
2020-10-30 10:43:54,WBA,33.59,15,BID
2020-10-30 10:43:53,WBA,33.6,5,ASK
2020-10-30 10:43:54,WBA,33.59,15,BID
2020-10-30 10:43:53,WBA,33.6,5,ASK
2020-10-30 10:43:54,WBA,33.59,15,BID
2020-10-30 10:43:53,WBA,33.6,5,ASK
2020-10-30 10:43:54,WBA,33.59,13,BID
2020-10-30 10:43:53,WBA,33.6,9,ASK
2020-10-30 10:43:56,WBA,33.58,7,BID
2020-10-30 10:43:56,WBA,33.59,5,ASK
2020-10-30 10:43:56,WBA,33.58,7,BID
2020-10-30 10:43:56,WBA,33.59,5,ASK
2020-10-30 10:43:57,WBA,33.57,24,BID
2020-10-30 10:43:57,WBA,33.59,5,ASK
2020-10-30 10:43:57,WBA,33.57,27,BID
2020-10-30 10:43:57,WBA,33.59,10,ASK
2020-10-30 10:43:57,WBA,33.57,31,BID
2020-10-30 10:43:57,WBA,33.59,10,ASK
2020-10-30 10:43:57,WBA,33.57,31,BID
2020-10-30 10:43:59,WBA,33.59,5,ASK
2020-10-30 10:43:59,WBA,33.59,12,BID
2020-10-30 10:43:59,WBA,33.6,9,ASK
2020-10-30 10:44:00,WBA,33.59,13,BID
2020-10-30 10:44:00,WBA,33.6,11,ASK
2020-10-30 10:44:00,WBA,33.59,20,BID
2020-10-30 10:44:00,WBA,33.6,18,ASK
2020-10-30 10:44:01,WBA,33.58,16,BID
2020-10-30 10:44:00,WBA,33.6,18,ASK
2020-10-30 10:44:02,WBA,33.58,16,BID
2020-10-30 10:44:02,WBA,33.6,21,ASK
2020-10-30 10:44:02,WBA,33.58,16,BID
2020-10-30 10:44:02,WBA,33.6,21,ASK
2020-10-30 10:44:02,WBA,33.58,16,BID
2020-10-30 10:44:02,WBA,33.6,21,ASK
2020-10-30 10:44:04,WBA,33.59,3,BID
2020-10-30 10:44:03,WBA,33.6,21,ASK
2020-10-30 10:44:04,WBA,33.59,6,BID
2020-10-30 10:44:04,WBA,33.6,22,ASK
2020-10-30 10:44:04,WBA,33.59,7,BID
2020-10-30 10:44:04,WBA,33.6,22,ASK
2020-10-30 10:44:04,WBA,33.59,11,BID
2020-10-30 10:44:05,WBA,33.6,22,ASK
2020-10-30 10:44:05,WBA,33.59,8,BID
2020-10-30 10:44:05,WBA,33.6,22,ASK
2020-10-30 10:44:06,WBA,33.58,21,BID
2020-10-30 10:44:06,WBA,33.59,5,ASK
2020-10-30 10:44:06,WBA,33.58,20,BID
2020-10-30 10:44:06,WBA,33.59,3,ASK
2020-10-30 10:44:06,WBA,33.58,20,BID
2020-10-30 10:44:06,WBA,33.59,3,ASK
2020-10-30 10:44:08,WBA,33.58,19,BID
2020-10-30 10:44:07,WBA,33.6,27,ASK
2020-10-30 10:44:08,WBA,33.58,22,BID
2020-10-30 10:44:07,WBA,33.6,23,ASK
2020-10-30 10:44:08,WBA,33.58,25,BID
2020-10-30 10:44:07,WBA,33.6,22,ASK
2020-10-30 10:44:08,WBA,33.58,27,BID
2020-10-30 10:44:07,WBA,33.6,22,ASK
2020-10-30 10:44:08,WBA,33.58,27,BID
2020-10-30 10:44:07,WBA,33.6,22,ASK
2020-10-30 10:44:08,WBA,33.58,31,BID
2020-10-30 10:44:11,WBA,33.6,22,ASK
2020-10-30 10:44:08,WBA,33.58,31,BID
2020-10-30 10:44:11,WBA,33.6,22,ASK
2020-10-30 10:44:12,WBA,33.59,14,BID
2020-10-30 10:44:00,WBA,33.61,14,ASK
2020-10-30 10:44:12,WBA,33.6,14,BID
2020-10-30 10:44:00,WBA,33.61,13,ASK
2020-10-30 10:44:12,WBA,33.6,15,BID
2020-10-30 10:44:00,WBA,33.61,11,ASK
2020-10-30 10:44:12,WBA,33.6,14,BID
2020-10-30 10:44:00,WBA,33.61,11,ASK
2020-10-30 10:44:12,WBA,33.6,14,BID
2020-10-30 10:44:00,WBA,33.61,11,ASK
2020-10-30 10:44:12,WBA,33.6,14,BID
2020-10-30 10:44:00,WBA,33.61,11,ASK
2020-10-30 10:44:21,WBA,33.61,18,BID
2020-10-30 10:43:45,WBA,33.62,14,ASK
2020-10-30 10:44:21,WBA,33.61,22,BID
2020-10-30 10:44:21,WBA,33.62,16,ASK
2020-10-30 10:44:23,WBA,33.62,5,BID
2020-10-30 10:44:23,WBA,33.63,21,ASK
2020-10-30 10:44:23,WBA,33.62,14,BID
2020-10-30 10:44:23,WBA,33.64,28,ASK
2020-10-30 10:44:24,WBA,33.62,17,BID
2020-10-30 10:44:23,WBA,33.64,29,ASK
2020-10-30 10:44:25,WBA,33.63,7,BID
2020-10-30 10:44:23,WBA,33.64,26,ASK
2020-10-30 10:44:25,WBA,33.63,7,BID
2020-10-30 10:44:23,WBA,33.64,26,ASK
2020-10-30 10:44:24,WBA,33.62,17,BID
2020-10-30 10:44:27,WBA,33.63,3,ASK
2020-10-30 10:44:28,WBA,33.63,11,BID
2020-10-30 10:43:17,WBA,33.65,24,ASK
2020-10-30 10:44:30,WBA,33.64,5,BID
2020-10-30 10:44:29,WBA,33.65,20,ASK
2020-10-30 10:44:31,WBA,33.64,4,BID
2020-10-30 10:44:31,WBA,33.65,20,ASK
2020-10-30 10:44:33,WBA,33.64,5,BID
2020-10-30 10:44:31,WBA,33.65,18,ASK
2020-10-30 10:44:34,WBA,33.64,7,BID
2020-10-30 10:44:31,WBA,33.65,17,ASK
2020-10-30 10:44:34,WBA,33.64,5,BID
2020-10-30 10:44:31,WBA,33.65,18,ASK
2020-10-30 10:44:34,WBA,33.64,5,BID
2020-10-30 10:44:31,WBA,33.65,18,ASK
2020-10-30 10:44:38,WBA,33.63,16,BID
2020-10-30 10:44:38,WBA,33.64,22,ASK
2020-10-30 10:44:39,WBA,33.63,15,BID
2020-10-30 10:44:39,WBA,33.64,29,ASK
2020-10-30 10:44:40,WBA,33.62,15,BID
2020-10-30 10:44:39,WBA,33.63,17,ASK
2020-10-30 10:44:21,WBA,33.61,27,BID
2020-10-30 10:44:40,WBA,33.62,9,ASK
2020-10-30 10:44:41,WBA,33.61,17,BID
2020-10-30 10:44:40,WBA,33.62,16,ASK
2020-10-30 10:44:41,WBA,33.61,17,BID
2020-10-30 10:44:40,WBA,33.62,16,ASK
2020-10-30 10:44:41,WBA,33.61,17,BID
2020-10-30 10:44:40,WBA,33.62,19,ASK
2020-10-30 10:44:41,WBA,33.61,17,BID
2020-10-30 10:44:40,WBA,33.62,18,ASK
2020-10-30 10:44:43,WBA,33.6,16,BID
2020-10-30 10:44:43,WBA,33.61,16,ASK
2020-10-30 10:44:44,WBA,33.6,16,BID
2020-10-30 10:44:44,WBA,33.61,16,ASK
2020-10-30 10:44:45,WBA,33.61,13,BID
2020-10-30 10:44:46,WBA,33.63,28,ASK
2020-10-30 10:44:45,WBA,33.61,13,BID
2020-10-30 10:44:46,WBA,33.63,28,ASK
2020-10-30 10:44:47,WBA,33.61,1,BID
2020-10-30 10:44:47,WBA,33.62,11,ASK
2020-10-30 10:44:47,WBA,33.61,1,BID
2020-10-30 10:44:47,WBA,33.62,11,ASK
2020-10-30 10:44:49,WBA,33.61,5,BID
2020-10-30 10:44:49,WBA,33.62,13,ASK
2020-10-30 10:44:49,WBA,33.62,3,BID
2020-10-30 10:44:50,WBA,33.63,26,ASK
2020-10-30 10:44:51,WBA,33.61,1,BID
2020-10-30 10:44:51,WBA,33.62,12,ASK
2020-10-30 10:44:51,WBA,33.61,1,BID
2020-10-30 10:44:51,WBA,33.62,12,ASK
2020-10-30 10:44:52,WBA,33.61,4,BID
2020-10-30 10:44:52,WBA,33.62,7,ASK
2020-10-30 10:44:52,WBA,33.61,4,BID
2020-10-30 10:44:52,WBA,33.62,7,ASK
2020-10-30 10:44:53,WBA,33.61,5,BID
2020-10-30 10:44:53,WBA,33.62,19,ASK
2020-10-30 10:44:44,WBA,33.6,29,BID
2020-10-30 10:44:54,WBA,33.61,9,ASK
2020-10-30 10:44:44,WBA,33.6,29,BID
2020-10-30 10:44:54,WBA,33.61,7,ASK
2020-10-30 10:44:44,WBA,33.6,24,BID
2020-10-30 10:44:54,WBA,33.61,7,ASK
2020-10-30 10:44:44,WBA,33.6,24,BID
2020-10-30 10:44:54,WBA,33.61,7,ASK
2020-10-30 10:44:44,WBA,33.6,24,BID
2020-10-30 10:44:54,WBA,33.61,7,ASK
2020-10-30 10:44:44,WBA,33.6,24,BID
2020-10-30 10:44:54,WBA,33.61,7,ASK
2020-10-30 10:44:44,WBA,33.6,24,BID
2020-10-30 10:44:54,WBA,33.61,7,ASK
2020-10-30 10:44:44,WBA,33.6,24,BID
2020-10-30 10:44:54,WBA,33.61,7,ASK
2020-10-30 10:44:44,WBA,33.6,24,BID
2020-10-30 10:44:54,WBA,33.61,7,ASK
2020-10-30 10:44:44,WBA,33.6,24,BID
2020-10-30 10:44:54,WBA,33.61,7,ASK
2020-10-30 10:44:44,WBA,33.6,25,BID
2020-10-30 10:44:54,WBA,33.62,21,ASK
2020-10-30 10:44:44,WBA,33.6,25,BID
2020-10-30 10:44:56,WBA,33.62,21,ASK
2020-10-30 10:44:59,WBA,33.61,12,BID
2020-10-30 10:44:59,WBA,33.62,19,ASK
2020-10-30 10:45:00,WBA,33.62,22,BID
2020-10-30 10:45:00,WBA,33.63,3,ASK
2020-10-30 10:45:00,WBA,33.62,16,BID
2020-10-30 10:45:00,WBA,33.64,31,ASK
2020-10-30 10:45:00,WBA,33.62,16,BID
2020-10-30 10:45:00,WBA,33.64,31,ASK
2020-10-30 10:45:01,WBA,33.62,17,BID
2020-10-30 10:45:00,WBA,33.64,31,ASK
2020-10-30 10:45:02,WBA,33.63,7,BID
2020-10-30 10:45:00,WBA,33.64,31,ASK
2020-10-30 10:45:02,WBA,33.63,7,BID
2020-10-30 10:45:00,WBA,33.64,31,ASK
2020-10-30 10:45:03,WBA,33.63,8,BID
2020-10-30 10:45:00,WBA,33.64,31,ASK
2020-10-30 10:45:03,WBA,33.63,8,BID
2020-10-30 10:45:00,WBA,33.64,31,ASK
2020-10-30 10:45:03,WBA,33.63,8,BID
2020-10-30 10:45:00,WBA,33.64,31,ASK
2020-10-30 10:45:03,WBA,33.63,8,BID
2020-10-30 10:45:00,WBA,33.64,31,ASK
2020-10-30 10:45:04,WBA,33.62,22,BID
2020-10-30 10:45:04,WBA,33.63,9,ASK
2020-10-30 10:45:04,WBA,33.62,19,BID
2020-10-30 10:45:04,WBA,33.63,12,ASK
2020-10-30 10:45:06,WBA,33.61,18,BID
2020-10-30 10:45:06,WBA,33.62,1,ASK
2020-10-30 10:45:06,WBA,33.62,7,BID
2020-10-30 10:45:00,WBA,33.64,35,ASK
2020-10-30 10:45:07,WBA,33.62,18,BID
2020-10-30 10:45:00,WBA,33.64,33,ASK
2020-10-30 10:45:07,WBA,33.62,18,BID
2020-10-30 10:45:00,WBA,33.64,32,ASK
2020-10-30 10:45:09,WBA,33.62,17,BID
2020-10-30 10:45:09,WBA,33.64,31,ASK
2020-10-30 10:45:10,WBA,33.62,22,BID
2020-10-30 10:45:09,WBA,33.64,30,ASK
2020-10-30 10:45:11,WBA,33.62,19,BID
2020-10-30 10:45:09,WBA,33.64,30,ASK
2020-10-30 10:45:11,WBA,33.62,19,BID
2020-10-30 10:44:39,WBA,33.64,30,ASK
2020-10-30 10:45:11,WBA,33.62,24,BID
2020-10-30 10:45:12,WBA,33.65,26,ASK
2020-10-30 10:45:11,WBA,33.62,21,BID
2020-10-30 10:45:14,WBA,33.65,22,ASK
2020-10-30 10:45:15,WBA,33.62,20,BID
2020-10-30 10:45:14,WBA,33.65,22,ASK
2020-10-30 10:45:15,WBA,33.62,22,BID
2020-10-30 10:45:16,WBA,33.64,9,ASK
2020-10-30 10:45:15,WBA,33.62,23,BID
2020-10-30 10:45:16,WBA,33.64,12,ASK
2020-10-30 10:45:17,WBA,33.62,21,BID
2020-10-30 10:45:14,WBA,33.65,25,ASK
2020-10-30 10:45:18,WBA,33.63,14,BID
2020-10-30 10:45:14,WBA,33.65,23,ASK
2020-10-30 10:45:17,WBA,33.62,22,BID
2020-10-30 10:45:14,WBA,33.65,23,ASK
2020-10-30 10:45:17,WBA,33.62,22,BID
2020-10-30 10:45:20,WBA,33.64,13,ASK
2020-10-30 10:45:17,WBA,33.62,22,BID
2020-10-30 10:45:21,WBA,33.64,19,ASK
2020-10-30 10:45:22,WBA,33.61,21,BID
2020-10-30 10:45:22,WBA,33.62,7,ASK
2020-10-30 10:45:22,WBA,33.61,21,BID
2020-10-30 10:45:22,WBA,33.62,6,ASK
2020-10-30 10:45:23,WBA,33.62,15,BID
2020-10-30 10:45:23,WBA,33.63,22,ASK
2020-10-30 10:45:23,WBA,33.62,15,BID
2020-10-30 10:45:23,WBA,33.63,22,ASK
2020-10-30 10:45:24,WBA,33.62,19,BID
2020-10-30 10:45:22,WBA,33.64,25,ASK
2020-10-30 10:45:26,WBA,33.62,19,BID
2020-10-30 10:45:26,WBA,33.64,20,ASK
2020-10-30 10:45:26,WBA,33.62,23,BID
2020-10-30 10:45:27,WBA,33.64,21,ASK
2020-10-30 10:45:27,WBA,33.62,22,BID
2020-10-30 10:45:28,WBA,33.64,25,ASK
2020-10-30 10:45:27,WBA,33.62,22,BID
2020-10-30 10:45:28,WBA,33.64,28,ASK
2020-10-30 10:45:27,WBA,33.62,22,BID
2020-10-30 10:45:30,WBA,33.64,26,ASK
2020-10-30 10:45:31,WBA,33.62,22,BID
2020-10-30 10:45:30,WBA,33.64,26,ASK
2020-10-30 10:45:31,WBA,33.62,22,BID
2020-10-30 10:45:30,WBA,33.64,26,ASK
2020-10-30 10:45:34,WBA,33.64,12,BID
2020-10-30 10:45:34,WBA,33.65,23,ASK
2020-10-30 10:45:34,WBA,33.64,13,BID
2020-10-30 10:45:34,WBA,33.65,23,ASK
2020-10-30 10:45:36,WBA,33.64,13,BID
2020-10-30 10:45:34,WBA,33.65,23,ASK
2020-10-30 10:45:37,WBA,33.64,13,BID
2020-10-30 10:45:34,WBA,33.65,23,ASK
2020-10-30 10:45:38,WBA,33.64,16,BID
2020-10-30 10:45:34,WBA,33.65,23,ASK
2020-10-30 10:45:38,WBA,33.64,16,BID
2020-10-30 10:45:34,WBA,33.65,24,ASK
2020-10-30 10:45:38,WBA,33.64,16,BID
2020-10-30 10:45:34,WBA,33.65,24,ASK
2020-10-30 10:45:42,WBA,33.64,16,BID
2020-10-30 10:45:34,WBA,33.65,24,ASK
2020-10-30 10:45:43,WBA,33.64,18,BID
2020-10-30 10:45:34,WBA,33.65,24,ASK
2020-10-30 10:45:44,WBA,33.64,18,BID
2020-10-30 10:45:34,WBA,33.65,22,ASK
2020-10-30 10:45:45,WBA,33.64,18,BID
2020-10-30 10:45:34,WBA,33.65,22,ASK
2020-10-30 10:45:45,WBA,33.64,18,BID
2020-10-30 10:45:34,WBA,33.65,21,ASK
2020-10-30 10:45:46,WBA,33.65,20,BID
2020-10-30 10:45:46,WBA,33.66,16,ASK
2020-10-30 10:45:46,WBA,33.65,26,BID
2020-10-30 10:43:04,WBA,33.67,24,ASK
2020-10-30 10:45:47,WBA,33.66,2,BID
2020-10-30 10:45:47,WBA,33.67,29,ASK
2020-10-30 10:45:47,WBA,33.66,2,BID
2020-10-30 10:45:47,WBA,33.67,29,ASK
2020-10-30 10:45:49,WBA,33.66,5,BID
2020-10-30 10:45:47,WBA,33.67,27,ASK
2020-10-30 10:45:46,WBA,33.65,23,BID
2020-10-30 10:45:51,WBA,33.66,22,ASK
2020-10-30 10:45:46,WBA,33.65,23,BID
2020-10-30 10:45:53,WBA,33.66,22,ASK
2020-10-30 10:45:46,WBA,33.65,23,BID
2020-10-30 10:45:54,WBA,33.66,22,ASK
2020-10-30 10:45:46,WBA,33.65,23,BID
2020-10-30 10:45:55,WBA,33.66,22,ASK
2020-10-30 10:45:57,WBA,33.64,17,BID
2020-10-30 10:45:57,WBA,33.65,13,ASK
2020-10-30 10:45:57,WBA,33.64,16,BID
2020-10-30 10:45:57,WBA,33.65,13,ASK
2020-10-30 10:46:00,WBA,33.65,11,BID
2020-10-30 10:45:47,WBA,33.67,41,ASK
2020-10-30 10:45:57,WBA,33.64,31,BID
2020-10-30 10:46:01,WBA,33.66,13,ASK
2020-10-30 10:45:57,WBA,33.64,31,BID
2020-10-30 10:46:02,WBA,33.66,14,ASK
2020-10-30 10:45:57,WBA,33.64,31,BID
2020-10-30 10:46:02,WBA,33.66,14,ASK
2020-10-30 10:46:04,WBA,33.65,6,BID
2020-10-30 10:46:04,WBA,33.66,16,ASK
2020-10-30 10:46:05,WBA,33.65,11,BID
2020-10-30 10:46:05,WBA,33.66,20,ASK
2020-10-30 10:46:06,WBA,33.65,11,BID
2020-10-30 10:46:05,WBA,33.66,17,ASK
2020-10-30 10:46:06,WBA,33.65,11,BID
2020-10-30 10:46:05,WBA,33.66,17,ASK
2020-10-30 10:46:09,WBA,33.65,19,BID
2020-10-30 10:45:47,WBA,33.67,36,ASK
2020-10-30 10:46:09,WBA,33.65,19,BID
2020-10-30 10:45:47,WBA,33.67,38,ASK
2020-10-30 10:46:11,WBA,33.65,29,BID
2020-10-30 10:45:47,WBA,33.67,36,ASK
2020-10-30 10:46:11,WBA,33.65,29,BID
2020-10-30 10:45:47,WBA,33.67,34,ASK
2020-10-30 10:46:11,WBA,33.65,29,BID
2020-10-30 10:45:47,WBA,33.67,34,ASK
2020-10-30 10:46:13,WBA,33.65,33,BID
2020-10-30 10:45:47,WBA,33.67,35,ASK
2020-10-30 10:46:09,WBA,33.65,33,BID
2020-10-30 10:46:09,WBA,33.67,36,ASK
2020-10-30 10:46:09,WBA,33.65,34,BID
2020-10-30 10:46:09,WBA,33.67,36,ASK
2020-10-30 10:46:15,WBA,33.67,15,BID
2020-10-30 10:46:15,WBA,33.68,18,ASK
2020-10-30 10:46:17,WBA,33.67,31,BID
2020-10-30 10:46:17,WBA,33.69,18,ASK
2020-10-30 10:46:17,WBA,33.67,34,BID
2020-10-30 10:46:17,WBA,33.69,13,ASK
2020-10-30 10:46:17,WBA,33.67,34,BID
2020-10-30 10:46:18,WBA,33.69,17,ASK
2020-10-30 10:46:17,WBA,33.67,31,BID
2020-10-30 10:46:19,WBA,33.68,5,ASK
2020-10-30 10:46:19,WBA,33.66,2,BID
2020-10-30 10:46:19,WBA,33.67,17,ASK
2020-10-30 10:46:19,WBA,33.65,30,BID
2020-10-30 10:46:19,WBA,33.66,12,ASK
2020-10-30 10:46:19,WBA,33.65,32,BID
2020-10-30 10:46:19,WBA,33.67,19,ASK
2020-10-30 10:46:19,WBA,33.65,29,BID
2020-10-30 10:46:19,WBA,33.67,18,ASK
2020-10-30 10:46:21,WBA,33.65,8,BID
2020-10-30 10:46:21,WBA,33.66,23,ASK
2020-10-30 10:45:41,WBA,33.64,30,BID
2020-10-30 10:46:22,WBA,33.66,32,ASK
2020-10-30 10:46:23,WBA,33.64,31,BID
2020-10-30 10:46:22,WBA,33.66,32,ASK
2020-10-30 10:46:23,WBA,33.64,31,BID
2020-10-30 10:46:22,WBA,33.66,32,ASK
2020-10-30 10:46:23,WBA,33.64,30,BID
2020-10-30 10:46:22,WBA,33.66,33,ASK
2020-10-30 10:46:23,WBA,33.64,30,BID
2020-10-30 10:46:22,WBA,33.66,33,ASK
2020-10-30 10:46:23,WBA,33.64,30,BID
2020-10-30 10:46:22,WBA,33.66,33,ASK
2020-10-30 10:46:27,WBA,33.65,18,BID
2020-10-30 10:46:27,WBA,33.66,35,ASK
2020-10-30 10:46:26,WBA,33.64,30,BID
2020-10-30 10:46:28,WBA,33.66,36,ASK
2020-10-30 10:46:26,WBA,33.64,36,BID
2020-10-30 10:46:29,WBA,33.66,34,ASK
2020-10-30 10:46:26,WBA,33.64,37,BID
2020-10-30 10:46:30,WBA,33.66,1,ASK
2020-10-30 10:46:26,WBA,33.64,37,BID
2020-10-30 10:46:31,WBA,33.66,1,ASK
2020-10-30 10:46:26,WBA,33.64,36,BID
2020-10-30 10:46:32,WBA,33.66,4,ASK
2020-10-30 10:46:33,WBA,33.65,26,BID
2020-10-30 10:46:33,WBA,33.67,7,ASK
2020-10-30 10:46:26,WBA,33.64,37,BID
2020-10-30 10:46:34,WBA,33.66,3,ASK
2020-10-30 10:46:35,WBA,33.65,13,BID
2020-10-30 10:46:35,WBA,33.67,12,ASK
2020-10-30 10:46:36,WBA,33.65,15,BID
2020-10-30 10:46:36,WBA,33.67,15,ASK
2020-10-30 10:46:37,WBA,33.65,14,BID
2020-10-30 10:46:38,WBA,33.67,19,ASK
2020-10-30 10:46:38,WBA,33.66,11,BID
2020-10-30 10:46:38,WBA,33.67,15,ASK
2020-10-30 10:46:39,WBA,33.65,25,BID
2020-10-30 10:46:38,WBA,33.67,15,ASK
2020-10-30 10:46:41,WBA,33.65,28,BID
2020-10-30 10:46:41,WBA,33.66,1,ASK
2020-10-30 10:46:41,WBA,33.65,3,BID
2020-10-30 10:46:41,WBA,33.66,10,ASK
2020-10-30 10:46:42,WBA,33.66,6,BID
2020-10-30 10:46:41,WBA,33.67,23,ASK
2020-10-30 10:46:44,WBA,33.65,17,BID
2020-10-30 10:46:44,WBA,33.66,3,ASK
2020-10-30 10:46:44,WBA,33.65,23,BID
2020-10-30 10:46:45,WBA,33.66,2,ASK
2020-10-30 10:46:45,WBA,33.67,21,BID
2020-10-30 10:46:45,WBA,33.68,8,ASK
2020-10-30 10:46:46,WBA,33.67,21,BID
2020-10-30 10:46:18,WBA,33.69,20,ASK
2020-10-30 10:46:46,WBA,33.67,21,BID
2020-10-30 10:46:18,WBA,33.69,20,ASK
2020-10-30 10:46:46,WBA,33.67,21,BID
2020-10-30 10:46:18,WBA,33.69,19,ASK
2020-10-30 10:46:46,WBA,33.67,20,BID
2020-10-30 10:46:50,WBA,33.68,15,ASK
2020-10-30 10:46:51,WBA,33.67,21,BID
2020-10-30 10:46:18,WBA,33.69,25,ASK
2020-10-30 10:46:51,WBA,33.67,21,BID
2020-10-30 10:46:18,WBA,33.69,25,ASK
2020-10-30 10:46:51,WBA,33.67,21,BID
2020-10-30 10:46:18,WBA,33.69,25,ASK
2020-10-30 10:46:51,WBA,33.67,21,BID
2020-10-30 10:46:18,WBA,33.69,25,ASK
2020-10-30 10:46:51,WBA,33.67,21,BID
2020-10-30 10:46:18,WBA,33.69,25,ASK
2020-10-30 10:46:51,WBA,33.67,21,BID
2020-10-30 10:46:18,WBA,33.69,25,ASK
2020-10-30 10:46:51,WBA,33.67,21,BID
2020-10-30 10:46:18,WBA,33.69,25,ASK
2020-10-30 10:46:51,WBA,33.67,21,BID
2020-10-30 10:46:18,WBA,33.69,25,ASK
2020-10-30 10:46:51,WBA,33.67,21,BID
2020-10-30 10:46:18,WBA,33.69,25,ASK
2020-10-30 10:46:51,WBA,33.67,21,BID
2020-10-30 10:46:18,WBA,33.69,25,ASK
2020-10-30 10:46:51,WBA,33.67,21,BID
2020-10-30 10:46:18,WBA,33.69,25,ASK
2020-10-30 10:46:51,WBA,33.67,21,BID
2020-10-30 10:46:18,WBA,33.69,25,ASK
2020-10-30 10:46:51,WBA,33.67,21,BID
2020-10-30 10:46:18,WBA,33.69,25,ASK
2020-10-30 10:46:51,WBA,33.67,21,BID
2020-10-30 10:46:18,WBA,33.69,25,ASK
2020-10-30 10:46:51,WBA,33.67,21,BID
2020-10-30 10:46:18,WBA,33.69,25,ASK
2020-10-30 10:46:51,WBA,33.67,21,BID
2020-10-30 10:46:18,WBA,33.69,25,ASK
2020-10-30 10:46:51,WBA,33.67,21,BID
2020-10-30 10:46:18,WBA,33.69,25,ASK
2020-10-30 10:46:51,WBA,33.67,21,BID
2020-10-30 10:46:18,WBA,33.69,25,ASK
2020-10-30 10:46:51,WBA,33.67,21,BID
2020-10-30 10:46:18,WBA,33.69,25,ASK
2020-10-30 10:46:45,WBA,33.67,21,BID
2020-10-30 10:46:18,WBA,33.69,25,ASK
2020-10-30 10:46:45,WBA,33.67,21,BID
2020-10-30 10:46:18,WBA,33.69,25,ASK
2020-10-30 10:46:45,WBA,33.67,21,BID
2020-10-30 10:46:18,WBA,33.69,25,ASK
2020-10-30 10:46:45,WBA,33.67,21,BID
2020-10-30 10:46:18,WBA,33.69,25,ASK
2020-10-30 10:46:45,WBA,33.67,21,BID
2020-10-30 10:46:18,WBA,33.69,25,ASK
2020-10-30 10:46:45,WBA,33.67,21,BID
2020-10-30 10:46:18,WBA,33.69,25,ASK
2020-10-30 10:46:45,WBA,33.67,21,BID
2020-10-30 10:46:18,WBA,33.69,25,ASK
2020-10-30 10:46:45,WBA,33.67,21,BID
2020-10-30 10:46:18,WBA,33.69,25,ASK
2020-10-30 10:46:58,WBA,33.69,1,BID
2020-10-30 10:31:51,WBA,33.7,20,ASK
2020-10-30 10:46:58,WBA,33.68,21,BID
2020-10-30 10:31:51,WBA,33.7,21,ASK
2020-10-30 10:47:00,WBA,33.69,26,BID
2020-10-30 10:47:01,WBA,33.7,16,ASK
2020-10-30 10:47:00,WBA,33.69,27,BID
2020-10-30 10:47:02,WBA,33.7,18,ASK
2020-10-30 10:47:00,WBA,33.69,27,BID
2020-10-30 10:47:02,WBA,33.7,18,ASK
2020-10-30 10:47:00,WBA,33.69,27,BID
2020-10-30 10:47:02,WBA,33.7,18,ASK
2020-10-30 10:47:00,WBA,33.69,27,BID
2020-10-30 10:47:02,WBA,33.7,18,ASK
2020-10-30 10:47:00,WBA,33.69,27,BID
2020-10-30 10:47:02,WBA,33.7,18,ASK
2020-10-30 10:47:00,WBA,33.69,27,BID
2020-10-30 10:47:02,WBA,33.7,18,ASK
2020-10-30 10:47:00,WBA,33.69,27,BID
2020-10-30 10:47:02,WBA,33.7,18,ASK
2020-10-30 10:47:02,WBA,33.69,27,BID
2020-10-30 10:47:02,WBA,33.75,17,ASK
2020-10-30 10:47:07,WBA,33.7,1,BID
2020-10-30 10:47:07,WBA,33.71,29,ASK
2020-10-30 10:47:07,WBA,33.7,11,BID
2020-10-30 10:47:07,WBA,33.71,7,ASK
2020-10-30 10:47:02,WBA,33.69,25,BID
2020-10-30 10:47:07,WBA,33.71,22,ASK
2020-10-30 10:47:02,WBA,33.69,27,BID
2020-10-30 10:47:08,WBA,33.7,10,ASK
2020-10-30 10:47:08,WBA,33.7,7,BID
2020-10-30 10:47:08,WBA,33.71,2,ASK
2020-10-30 10:47:08,WBA,33.7,6,BID
2020-10-30 10:47:08,WBA,33.71,2,ASK
2020-10-30 10:47:08,WBA,33.7,6,BID
2020-10-30 10:47:08,WBA,33.71,4,ASK
2020-10-30 10:47:08,WBA,33.7,8,BID
2020-10-30 10:47:08,WBA,33.71,3,ASK
2020-10-30 10:47:08,WBA,33.7,8,BID
2020-10-30 10:47:08,WBA,33.71,2,ASK
2020-10-30 10:47:08,WBA,33.7,8,BID
2020-10-30 10:47:08,WBA,33.71,2,ASK
2020-10-30 10:47:08,WBA,33.7,8,BID
2020-10-30 10:47:08,WBA,33.71,2,ASK
2020-10-30 10:47:08,WBA,33.7,8,BID
2020-10-30 10:47:08,WBA,33.71,2,ASK
2020-10-30 10:47:08,WBA,33.7,8,BID
2020-10-30 10:47:08,WBA,33.71,2,ASK
2020-10-30 10:47:08,WBA,33.7,8,BID
2020-10-30 10:47:08,WBA,33.71,2,ASK
2020-10-30 10:47:08,WBA,33.7,8,BID
2020-10-30 10:47:08,WBA,33.71,2,ASK
2020-10-30 10:47:13,WBA,33.7,13,BID
2020-10-30 10:47:13,WBA,33.71,3,ASK
2020-10-30 10:47:13,WBA,33.7,7,BID
2020-10-30 10:47:13,WBA,33.71,15,ASK
2020-10-30 10:47:15,WBA,33.71,14,BID
2020-10-30 10:47:15,WBA,33.72,13,ASK
2020-10-30 10:47:17,WBA,33.71,13,BID
2020-10-30 10:47:17,WBA,33.72,14,ASK
2020-10-30 10:47:17,WBA,33.71,22,BID
2020-10-30 10:47:17,WBA,33.72,10,ASK
2020-10-30 10:47:17,WBA,33.71,21,BID
2020-10-30 10:47:19,WBA,33.72,12,ASK
2020-10-30 10:47:17,WBA,33.71,21,BID
2020-10-30 10:47:19,WBA,33.72,12,ASK
2020-10-30 10:47:17,WBA,33.71,21,BID
2020-10-30 10:47:21,WBA,33.72,17,ASK
2020-10-30 10:47:17,WBA,33.71,21,BID
2020-10-30 10:47:21,WBA,33.72,17,ASK
2020-10-30 10:47:17,WBA,33.71,21,BID
2020-10-30 10:47:21,WBA,33.72,17,ASK
2020-10-30 10:47:17,WBA,33.71,21,BID
2020-10-30 10:47:21,WBA,33.72,16,ASK
2020-10-30 10:47:24,WBA,33.72,12,BID
2020-10-30 10:47:24,WBA,33.73,22,ASK
2020-10-30 10:47:25,WBA,33.72,8,BID
2020-10-30 10:47:25,WBA,33.73,25,ASK
2020-10-30 10:47:26,WBA,33.72,8,BID
2020-10-30 10:47:26,WBA,33.73,26,ASK
2020-10-30 10:47:26,WBA,33.72,8,BID
2020-10-30 10:47:26,WBA,33.73,26,ASK
2020-10-30 10:47:29,WBA,33.72,10,BID
2020-10-30 10:47:26,WBA,33.73,27,ASK
2020-10-30 10:47:30,WBA,33.72,10,BID
2020-10-30 10:47:26,WBA,33.73,28,ASK
2020-10-30 10:47:17,WBA,33.71,17,BID
2020-10-30 10:47:32,WBA,33.72,15,ASK
2020-10-30 10:47:33,WBA,33.7,9,BID
2020-10-30 10:47:33,WBA,33.71,10,ASK
2020-10-30 10:47:33,WBA,33.7,9,BID
2020-10-30 10:47:34,WBA,33.71,12,ASK
2020-10-30 10:47:33,WBA,33.7,9,BID
2020-10-30 10:47:35,WBA,33.71,12,ASK
2020-10-30 10:47:33,WBA,33.7,9,BID
2020-10-30 10:47:36,WBA,33.71,16,ASK
2020-10-30 10:47:37,WBA,33.69,21,BID
2020-10-30 10:47:37,WBA,33.7,16,ASK
2020-10-30 10:47:02,WBA,33.68,19,BID
2020-10-30 10:47:38,WBA,33.69,32,ASK
2020-10-30 10:47:38,WBA,33.68,17,BID
2020-10-30 10:47:38,WBA,33.69,25,ASK
2020-10-30 10:47:40,WBA,33.68,17,BID
2020-10-30 10:47:40,WBA,33.69,25,ASK
2020-10-30 10:47:38,WBA,33.68,16,BID
2020-10-30 10:47:38,WBA,33.69,25,ASK
2020-10-30 10:47:41,WBA,33.68,28,BID
2020-10-30 10:47:38,WBA,33.69,18,ASK
2020-10-30 10:47:42,WBA,33.68,20,BID
2020-10-30 10:47:42,WBA,33.69,22,ASK
2020-10-30 10:47:42,WBA,33.68,20,BID
2020-10-30 10:47:42,WBA,33.69,22,ASK
2020-10-30 10:47:42,WBA,33.68,20,BID
2020-10-30 10:47:44,WBA,33.69,22,ASK
2020-10-30 10:47:42,WBA,33.68,19,BID
2020-10-30 10:47:45,WBA,33.69,18,ASK
2020-10-30 10:47:42,WBA,33.68,19,BID
2020-10-30 10:47:46,WBA,33.69,21,ASK
2020-10-30 10:47:42,WBA,33.68,19,BID
2020-10-30 10:47:46,WBA,33.69,24,ASK
2020-10-30 10:47:48,WBA,33.67,4,BID
2020-10-30 10:47:48,WBA,33.68,26,ASK
2020-10-30 10:47:49,WBA,33.67,1,BID
2020-10-30 10:47:48,WBA,33.68,26,ASK
2020-10-30 10:47:48,WBA,33.66,26,BID
2020-10-30 10:47:48,WBA,33.68,28,ASK
2020-10-30 10:47:48,WBA,33.66,22,BID
2020-10-30 10:47:51,WBA,33.67,23,ASK
2020-10-30 10:47:02,WBA,33.65,15,BID
2020-10-30 10:47:52,WBA,33.66,19,ASK
2020-10-30 10:47:02,WBA,33.65,15,BID
2020-10-30 10:47:52,WBA,33.66,18,ASK
2020-10-30 10:47:02,WBA,33.65,16,BID
2020-10-30 10:47:53,WBA,33.66,15,ASK
2020-10-30 10:47:02,WBA,33.65,17,BID
2020-10-30 10:47:54,WBA,33.66,14,ASK
2020-10-30 10:47:55,WBA,33.65,17,BID
2020-10-30 10:47:54,WBA,33.66,11,ASK
2020-10-30 10:47:56,WBA,33.65,17,BID
2020-10-30 10:47:54,WBA,33.66,11,ASK
2020-10-30 10:47:56,WBA,33.65,17,BID
2020-10-30 10:47:54,WBA,33.66,11,ASK
2020-10-30 10:47:58,WBA,33.64,31,BID
2020-10-30 10:47:58,WBA,33.65,7,ASK
2020-10-30 10:47:58,WBA,33.64,23,BID
2020-10-30 10:47:58,WBA,33.65,7,ASK
2020-10-30 10:47:58,WBA,33.64,24,BID
2020-10-30 10:47:59,WBA,33.65,4,ASK
2020-10-30 10:47:02,WBA,33.62,22,BID
2020-10-30 10:48:00,WBA,33.63,3,ASK
2020-10-30 10:48:01,WBA,33.63,6,BID
2020-10-30 10:48:00,WBA,33.65,13,ASK
2020-10-30 10:48:01,WBA,33.63,4,BID
2020-10-30 10:48:01,WBA,33.65,18,ASK
2020-10-30 10:48:01,WBA,33.63,4,BID
2020-10-30 10:48:02,WBA,33.65,18,ASK
2020-10-30 10:48:01,WBA,33.63,4,BID
2020-10-30 10:48:02,WBA,33.65,16,ASK
2020-10-30 10:48:01,WBA,33.63,4,BID
2020-10-30 10:48:02,WBA,33.65,16,ASK
2020-10-30 10:48:05,WBA,33.63,14,BID
2020-10-30 10:48:02,WBA,33.65,16,ASK
2020-10-30 10:48:07,WBA,33.63,11,BID
2020-10-30 10:48:02,WBA,33.65,16,ASK
2020-10-30 10:48:08,WBA,33.64,11,BID
2020-10-30 10:48:08,WBA,33.65,7,ASK
2020-10-30 10:48:09,WBA,33.64,14,BID
2020-10-30 10:48:09,WBA,33.65,9,ASK
2020-10-30 10:48:10,WBA,33.63,12,BID
2020-10-30 10:48:10,WBA,33.65,12,ASK
2020-10-30 10:48:10,WBA,33.63,12,BID
2020-10-30 10:48:11,WBA,33.65,11,ASK
2020-10-30 10:48:10,WBA,33.63,13,BID
2020-10-30 10:48:12,WBA,33.65,7,ASK
2020-10-30 10:48:10,WBA,33.63,16,BID
2020-10-30 10:48:15,WBA,33.65,11,ASK
2020-10-30 10:48:10,WBA,33.63,16,BID
2020-10-30 10:48:15,WBA,33.65,11,ASK
2020-10-30 10:48:10,WBA,33.63,13,BID
2020-10-30 10:48:16,WBA,33.65,14,ASK
2020-10-30 10:48:10,WBA,33.63,13,BID
2020-10-30 10:48:17,WBA,33.65,14,ASK
2020-10-30 10:48:10,WBA,33.63,9,BID
2020-10-30 10:48:19,WBA,33.64,7,ASK
2020-10-30 10:48:20,WBA,33.62,22,BID
2020-10-30 10:48:20,WBA,33.63,6,ASK
2020-10-30 10:48:21,WBA,33.63,1,BID
2020-10-30 10:48:20,WBA,33.64,15,ASK
2020-10-30 10:48:22,WBA,33.62,22,BID
2020-10-30 10:48:20,WBA,33.64,15,ASK
2020-10-30 10:48:23,WBA,33.63,25,BID
2020-10-30 10:48:19,WBA,33.65,16,ASK
2020-10-30 10:48:25,WBA,33.63,10,BID
2020-10-30 10:48:19,WBA,33.65,16,ASK
2020-10-30 10:48:25,WBA,33.63,11,BID
2020-10-30 10:48:19,WBA,33.65,16,ASK
2020-10-30 10:48:25,WBA,33.63,14,BID
2020-10-30 10:48:19,WBA,33.65,16,ASK
2020-10-30 10:48:27,WBA,33.63,24,BID
2020-10-30 10:48:19,WBA,33.65,16,ASK
2020-10-30 10:48:27,WBA,33.63,23,BID
2020-10-30 10:48:19,WBA,33.65,16,ASK
2020-10-30 10:48:27,WBA,33.63,27,BID
2020-10-30 10:48:19,WBA,33.65,22,ASK
2020-10-30 10:48:27,WBA,33.63,26,BID
2020-10-30 10:48:19,WBA,33.65,22,ASK
2020-10-30 10:48:27,WBA,33.63,26,BID
2020-10-30 10:48:19,WBA,33.65,22,ASK
2020-10-30 10:48:35,WBA,33.63,27,BID
2020-10-30 10:48:19,WBA,33.65,22,ASK
2020-10-30 10:48:35,WBA,33.63,27,BID
2020-10-30 10:48:19,WBA,33.65,23,ASK
2020-10-30 10:48:38,WBA,33.63,27,BID
2020-10-30 10:48:19,WBA,33.65,23,ASK
2020-10-30 10:48:38,WBA,33.63,27,BID
2020-10-30 10:48:19,WBA,33.65,23,ASK
2020-10-30 10:48:38,WBA,33.63,25,BID
2020-10-30 10:48:19,WBA,33.65,23,ASK
2020-10-30 10:48:38,WBA,33.63,25,BID
2020-10-30 10:48:19,WBA,33.65,23,ASK
2020-10-30 10:48:44,WBA,33.63,25,BID
2020-10-30 10:48:19,WBA,33.65,23,ASK
2020-10-30 10:48:44,WBA,33.63,24,BID
2020-10-30 10:48:46,WBA,33.64,5,ASK
2020-10-30 10:48:47,WBA,33.62,26,BID
2020-10-30 10:48:47,WBA,33.64,20,ASK
2020-10-30 10:48:47,WBA,33.62,24,BID
2020-10-30 10:48:47,WBA,33.64,15,ASK
2020-10-30 10:48:50,WBA,33.62,27,BID
2020-10-30 10:48:50,WBA,33.64,26,ASK
2020-10-30 10:48:50,WBA,33.62,28,BID
2020-10-30 10:48:52,WBA,33.64,25,ASK
2020-10-30 10:48:50,WBA,33.62,28,BID
2020-10-30 10:48:52,WBA,33.64,25,ASK
2020-10-30 10:48:55,WBA,33.63,22,BID
2020-10-30 10:48:19,WBA,33.65,24,ASK
2020-10-30 10:48:50,WBA,33.62,31,BID
2020-10-30 10:48:57,WBA,33.64,19,ASK
2020-10-30 10:48:57,WBA,33.63,2,BID
2020-10-30 10:48:57,WBA,33.64,19,ASK
2020-10-30 10:48:50,WBA,33.62,29,BID
2020-10-30 10:48:58,WBA,33.63,13,ASK
2020-10-30 10:48:50,WBA,33.62,27,BID
2020-10-30 10:48:59,WBA,33.63,10,ASK
2020-10-30 10:48:50,WBA,33.62,28,BID
2020-10-30 10:48:59,WBA,33.63,9,ASK
2020-10-30 10:49:01,WBA,33.63,10,BID
2020-10-30 10:49:01,WBA,33.64,22,ASK
2020-10-30 10:49:01,WBA,33.63,10,BID
2020-10-30 10:49:01,WBA,33.64,22,ASK
2020-10-30 10:49:01,WBA,33.63,10,BID
2020-10-30 10:49:01,WBA,33.64,22,ASK
2020-10-30 10:49:01,WBA,33.63,10,BID
2020-10-30 10:49:01,WBA,33.64,22,ASK
2020-10-30 10:49:01,WBA,33.63,10,BID
2020-10-30 10:49:01,WBA,33.64,22,ASK
2020-10-30 10:49:01,WBA,33.63,10,BID
2020-10-30 10:49:01,WBA,33.64,22,ASK
2020-10-30 10:49:01,WBA,33.63,10,BID
2020-10-30 10:49:01,WBA,33.64,22,ASK
2020-10-30 10:49:01,WBA,33.63,10,BID
2020-10-30 10:49:01,WBA,33.64,22,ASK
2020-10-30 10:49:01,WBA,33.63,10,BID
2020-10-30 10:49:01,WBA,33.64,22,ASK
2020-10-30 10:49:01,WBA,33.63,10,BID
2020-10-30 10:49:01,WBA,33.64,22,ASK
2020-10-30 10:49:01,WBA,33.63,10,BID
2020-10-30 10:49:01,WBA,33.64,22,ASK
2020-10-30 10:49:01,WBA,33.63,10,BID
2020-10-30 10:49:01,WBA,33.64,22,ASK
2020-10-30 10:49:01,WBA,33.63,10,BID
2020-10-30 10:49:01,WBA,33.64,22,ASK
2020-10-30 10:49:01,WBA,33.63,10,BID
2020-10-30 10:49:01,WBA,33.64,22,ASK
2020-10-30 10:49:01,WBA,33.63,10,BID
2020-10-30 10:49:01,WBA,33.64,22,ASK
2020-10-30 10:49:01,WBA,33.63,10,BID
2020-10-30 10:49:01,WBA,33.64,22,ASK
2020-10-30 10:49:01,WBA,33.63,10,BID
2020-10-30 10:49:01,WBA,33.64,22,ASK
2020-10-30 10:49:01,WBA,33.63,10,BID
2020-10-30 10:49:01,WBA,33.64,22,ASK
2020-10-30 10:49:01,WBA,33.63,10,BID
2020-10-30 10:49:01,WBA,33.64,22,ASK
2020-10-30 10:49:01,WBA,33.63,10,BID
2020-10-30 10:49:01,WBA,33.64,22,ASK
2020-10-30 10:49:01,WBA,33.63,10,BID
2020-10-30 10:49:01,WBA,33.64,22,ASK
2020-10-30 10:49:01,WBA,33.63,10,BID
2020-10-30 10:49:01,WBA,33.64,22,ASK
2020-10-30 10:49:01,WBA,33.63,10,BID
2020-10-30 10:49:01,WBA,33.64,22,ASK
2020-10-30 10:49:01,WBA,33.63,10,BID
2020-10-30 10:49:01,WBA,33.64,22,ASK
2020-10-30 10:49:01,WBA,33.63,10,BID
2020-10-30 10:49:01,WBA,33.64,22,ASK
2020-10-30 10:49:01,WBA,33.63,10,BID
2020-10-30 10:49:01,WBA,33.64,22,ASK
2020-10-30 10:49:01,WBA,33.63,13,BID
2020-10-30 10:48:19,WBA,33.65,22,ASK
2020-10-30 10:49:09,WBA,33.64,11,BID
2020-10-30 10:48:19,WBA,33.65,22,ASK
2020-10-30 10:49:12,WBA,33.64,21,BID
2020-10-30 10:48:19,WBA,33.65,22,ASK
2020-10-30 10:49:12,WBA,33.64,20,BID
2020-10-30 10:49:12,WBA,33.66,25,ASK
2020-10-30 10:49:13,WBA,33.64,15,BID
2020-10-30 10:49:13,WBA,33.65,5,ASK
2020-10-30 10:49:13,WBA,33.64,18,BID
2020-10-30 10:49:13,WBA,33.65,14,ASK
2020-10-30 10:49:13,WBA,33.64,18,BID
2020-10-30 10:49:15,WBA,33.65,17,ASK
2020-10-30 10:49:13,WBA,33.64,25,BID
2020-10-30 10:49:16,WBA,33.65,6,ASK
2020-10-30 10:49:13,WBA,33.64,24,BID
2020-10-30 10:49:17,WBA,33.65,8,ASK
2020-10-30 10:49:13,WBA,33.64,20,BID
2020-10-30 10:49:18,WBA,33.65,12,ASK
2020-10-30 10:49:13,WBA,33.64,19,BID
2020-10-30 10:49:19,WBA,33.65,12,ASK
2020-10-30 10:49:13,WBA,33.64,19,BID
2020-10-30 10:49:19,WBA,33.65,13,ASK
2020-10-30 10:49:21,WBA,33.63,3,BID
2020-10-30 10:49:21,WBA,33.64,29,ASK
2020-10-30 10:48:50,WBA,33.62,29,BID
2020-10-30 10:49:22,WBA,33.64,29,ASK
2020-10-30 10:48:50,WBA,33.62,29,BID
2020-10-30 10:49:24,WBA,33.64,25,ASK
2020-10-30 10:49:26,WBA,33.63,11,BID
2020-10-30 10:49:26,WBA,33.64,18,ASK
2020-10-30 10:49:26,WBA,33.63,11,BID
2020-10-30 10:49:26,WBA,33.64,18,ASK
2020-10-30 10:49:29,WBA,33.63,13,BID
2020-10-30 10:49:29,WBA,33.64,18,ASK
2020-10-30 10:49:31,WBA,33.63,12,BID
2020-10-30 10:49:31,WBA,33.64,18,ASK
2020-10-30 10:49:31,WBA,33.63,16,BID
2020-10-30 10:49:21,WBA,33.65,26,ASK
2020-10-30 10:49:31,WBA,33.63,16,BID
2020-10-30 10:49:21,WBA,33.65,26,ASK
2020-10-30 10:49:31,WBA,33.63,16,BID
2020-10-30 10:49:21,WBA,33.65,26,ASK
2020-10-30 10:49:31,WBA,33.63,16,BID
2020-10-30 10:49:21,WBA,33.65,26,ASK
2020-10-30 10:49:31,WBA,33.63,16,BID
2020-10-30 10:49:21,WBA,33.65,26,ASK
2020-10-30 10:49:31,WBA,33.63,16,BID
2020-10-30 10:49:21,WBA,33.65,26,ASK
2020-10-30 10:49:32,WBA,33.63,16,BID
2020-10-30 10:49:32,WBA,33.65,26,ASK
2020-10-30 10:49:37,WBA,33.63,14,BID
2020-10-30 10:49:37,WBA,33.64,3,ASK
2020-10-30 10:49:37,WBA,33.63,14,BID
2020-10-30 10:49:37,WBA,33.64,6,ASK
2020-10-30 10:49:37,WBA,33.63,14,BID
2020-10-30 10:49:37,WBA,33.64,6,ASK
2020-10-30 10:49:37,WBA,33.63,14,BID
2020-10-30 10:49:37,WBA,33.64,6,ASK
2020-10-30 10:49:39,WBA,33.62,29,BID
2020-10-30 10:49:39,WBA,33.64,17,ASK
2020-10-30 10:49:40,WBA,33.62,26,BID
2020-10-30 10:49:40,WBA,33.63,4,ASK
2020-10-30 10:49:41,WBA,33.62,26,BID
2020-10-30 10:49:41,WBA,33.63,8,ASK
2020-10-30 10:49:44,WBA,33.61,27,BID
2020-10-30 10:49:42,WBA,33.63,16,ASK
2020-10-30 10:49:44,WBA,33.61,25,BID
2020-10-30 10:49:42,WBA,33.63,16,ASK
2020-10-30 10:49:44,WBA,33.61,25,BID
2020-10-30 10:49:48,WBA,33.63,21,ASK
2020-10-30 10:49:49,WBA,33.62,8,BID
2020-10-30 10:49:48,WBA,33.63,19,ASK
2020-10-30 10:49:49,WBA,33.62,7,BID
2020-10-30 10:49:48,WBA,33.63,19,ASK
2020-10-30 10:49:44,WBA,33.61,26,BID
2020-10-30 10:49:50,WBA,33.63,20,ASK
2020-10-30 10:49:44,WBA,33.61,24,BID
2020-10-30 10:49:50,WBA,33.63,20,ASK
2020-10-30 10:49:44,WBA,33.61,24,BID
2020-10-30 10:49:50,WBA,33.63,20,ASK
2020-10-30 10:49:44,WBA,33.61,24,BID
2020-10-30 10:49:50,WBA,33.63,20,ASK
2020-10-30 10:49:44,WBA,33.61,23,BID
2020-10-30 10:49:55,WBA,33.63,25,ASK
2020-10-30 10:49:44,WBA,33.61,22,BID
2020-10-30 10:49:57,WBA,33.63,22,ASK
2020-10-30 10:49:44,WBA,33.61,22,BID
2020-10-30 10:49:59,WBA,33.63,22,ASK
2020-10-30 10:49:44,WBA,33.61,27,BID
2020-10-30 10:49:59,WBA,33.63,22,ASK
2020-10-30 10:49:44,WBA,33.61,27,BID
2020-10-30 10:49:59,WBA,33.63,22,ASK
2020-10-30 10:50:02,WBA,33.62,8,BID
2020-10-30 10:49:59,WBA,33.63,16,ASK
2020-10-30 10:50:02,WBA,33.62,12,BID
2020-10-30 10:49:59,WBA,33.63,19,ASK
2020-10-30 10:50:03,WBA,33.62,13,BID
2020-10-30 10:50:03,WBA,33.63,25,ASK
2020-10-30 10:50:03,WBA,33.62,13,BID
2020-10-30 10:50:03,WBA,33.63,25,ASK
2020-10-30 10:50:04,WBA,33.61,16,BID
2020-10-30 10:50:04,WBA,33.62,15,ASK
2020-10-30 10:50:04,WBA,33.61,19,BID
2020-10-30 10:50:03,WBA,33.63,31,ASK
2020-10-30 10:50:06,WBA,33.61,23,BID
2020-10-30 10:50:06,WBA,33.63,27,ASK
2020-10-30 10:50:07,WBA,33.61,23,BID
2020-10-30 10:50:07,WBA,33.62,16,ASK
2020-10-30 10:50:07,WBA,33.61,24,BID
2020-10-30 10:50:07,WBA,33.62,19,ASK
2020-10-30 10:50:07,WBA,33.61,27,BID
2020-10-30 10:50:06,WBA,33.63,25,ASK
2020-10-30 10:50:07,WBA,33.61,27,BID
2020-10-30 10:50:06,WBA,33.63,25,ASK
2020-10-30 10:50:07,WBA,33.61,27,BID
2020-10-30 10:50:06,WBA,33.63,25,ASK
2020-10-30 10:50:07,WBA,33.61,29,BID
2020-10-30 10:50:06,WBA,33.63,22,ASK
2020-10-30 10:50:07,WBA,33.61,29,BID
2020-10-30 10:50:06,WBA,33.63,21,ASK
2020-10-30 10:50:07,WBA,33.61,29,BID
2020-10-30 10:50:06,WBA,33.63,21,ASK
2020-10-30 10:50:14,WBA,33.62,3,BID
2020-10-30 10:50:06,WBA,33.63,17,ASK
2020-10-30 10:50:16,WBA,33.63,12,BID
2020-10-30 10:49:39,WBA,33.64,18,ASK
2020-10-30 10:50:16,WBA,33.62,11,BID
2020-10-30 10:50:16,WBA,33.63,5,ASK
2020-10-30 10:50:16,WBA,33.62,11,BID
2020-10-30 10:50:16,WBA,33.63,7,ASK
2020-10-30 10:50:16,WBA,33.62,11,BID
2020-10-30 10:50:19,WBA,33.63,7,ASK
2020-10-30 10:50:16,WBA,33.62,11,BID
2020-10-30 10:50:19,WBA,33.63,7,ASK
2020-10-30 10:50:16,WBA,33.62,12,BID
2020-10-30 10:50:19,WBA,33.63,7,ASK
2020-10-30 10:50:07,WBA,33.61,25,BID
2020-10-30 10:50:23,WBA,33.62,12,ASK
2020-10-30 10:50:25,WBA,33.62,9,BID
2020-10-30 10:50:25,WBA,33.63,18,ASK
2020-10-30 10:50:25,WBA,33.62,9,BID
2020-10-30 10:50:26,WBA,33.63,23,ASK
2020-10-30 10:50:25,WBA,33.62,9,BID
2020-10-30 10:50:26,WBA,33.63,23,ASK
2020-10-30 10:50:25,WBA,33.62,9,BID
2020-10-30 10:50:26,WBA,33.63,23,ASK
2020-10-30 10:50:07,WBA,33.61,28,BID
2020-10-30 10:50:29,WBA,33.62,4,ASK
2020-10-30 10:50:07,WBA,33.61,26,BID
2020-10-30 10:50:31,WBA,33.63,13,ASK
2020-10-30 10:50:33,WBA,33.62,10,BID
2020-10-30 10:50:32,WBA,33.63,18,ASK
2020-10-30 10:50:33,WBA,33.62,22,BID
2020-10-30 10:50:33,WBA,33.64,27,ASK
2020-10-30 10:50:34,WBA,33.62,17,BID
2020-10-30 10:50:34,WBA,33.63,3,ASK
2020-10-30 10:50:34,WBA,33.62,16,BID
2020-10-30 10:50:33,WBA,33.64,29,ASK
2020-10-30 10:50:07,WBA,33.61,30,BID
2020-10-30 10:50:36,WBA,33.63,6,ASK
2020-10-30 10:50:07,WBA,33.61,29,BID
2020-10-30 10:50:36,WBA,33.63,9,ASK
2020-10-30 10:50:07,WBA,33.61,29,BID
2020-10-30 10:50:37,WBA,33.63,14,ASK
2020-10-30 10:50:36,WBA,33.61,29,BID
2020-10-30 10:50:39,WBA,33.63,19,ASK
2020-10-30 10:50:36,WBA,33.61,29,BID
2020-10-30 10:50:40,WBA,33.63,27,ASK
2020-10-30 10:50:42,WBA,33.62,11,BID
2020-10-30 10:50:40,WBA,33.63,22,ASK
2020-10-30 10:50:42,WBA,33.62,10,BID
2020-10-30 10:50:43,WBA,33.63,23,ASK
2020-10-30 10:50:42,WBA,33.62,11,BID
2020-10-30 10:50:44,WBA,33.63,24,ASK
2020-10-30 10:50:42,WBA,33.62,11,BID
2020-10-30 10:50:46,WBA,33.63,24,ASK
2020-10-30 10:50:48,WBA,33.62,7,BID
2020-10-30 10:50:46,WBA,33.63,26,ASK
2020-10-30 10:50:36,WBA,33.61,28,BID
2020-10-30 10:50:50,WBA,33.62,17,ASK
2020-10-30 10:50:36,WBA,33.61,29,BID
2020-10-30 10:50:53,WBA,33.62,15,ASK
2020-10-30 10:50:36,WBA,33.61,29,BID
2020-10-30 10:50:53,WBA,33.62,15,ASK
2020-10-30 10:50:36,WBA,33.61,29,BID
2020-10-30 10:50:53,WBA,33.62,15,ASK
2020-10-30 10:50:57,WBA,33.62,31,BID
2020-10-30 10:50:57,WBA,33.63,24,ASK
2020-10-30 10:50:57,WBA,33.63,8,BID
2020-10-30 10:50:34,WBA,33.64,25,ASK
2020-10-30 10:50:58,WBA,33.63,13,BID
2020-10-30 10:50:34,WBA,33.64,23,ASK
2020-10-30 10:50:58,WBA,33.63,21,BID
2020-10-30 10:50:58,WBA,33.65,29,ASK
2020-10-30 10:51:00,WBA,33.63,20,BID
2020-10-30 10:50:58,WBA,33.65,21,ASK
2020-10-30 10:51:00,WBA,33.63,20,BID
2020-10-30 10:50:58,WBA,33.65,21,ASK
2020-10-30 10:51:00,WBA,33.63,20,BID
2020-10-30 10:50:58,WBA,33.65,21,ASK
2020-10-30 10:51:03,WBA,33.64,16,BID
2020-10-30 10:51:03,WBA,33.65,20,ASK
2020-10-30 10:51:03,WBA,33.65,11,BID
2020-10-30 10:49:32,WBA,33.66,26,ASK
2020-10-30 10:51:03,WBA,33.64,12,BID
2020-10-30 10:51:03,WBA,33.66,21,ASK
2020-10-30 10:51:03,WBA,33.64,12,BID
2020-10-30 10:51:04,WBA,33.66,25,ASK
2020-10-30 10:51:03,WBA,33.64,12,BID
2020-10-30 10:51:04,WBA,33.66,23,ASK
2020-10-30 10:51:06,WBA,33.64,14,BID
2020-10-30 10:51:06,WBA,33.65,14,ASK
2020-10-30 10:51:07,WBA,33.64,14,BID
2020-10-30 10:51:07,WBA,33.65,18,ASK
2020-10-30 10:51:08,WBA,33.64,13,BID
2020-10-30 10:51:09,WBA,33.65,24,ASK
2020-10-30 10:51:00,WBA,33.63,17,BID
2020-10-30 10:51:11,WBA,33.64,4,ASK
2020-10-30 10:51:00,WBA,33.63,17,BID
2020-10-30 10:51:12,WBA,33.64,2,ASK
2020-10-30 10:51:00,WBA,33.63,18,BID
2020-10-30 10:51:14,WBA,33.64,5,ASK
2020-10-30 10:51:00,WBA,33.63,18,BID
2020-10-30 10:51:14,WBA,33.64,5,ASK
2020-10-30 10:51:00,WBA,33.63,18,BID
2020-10-30 10:51:14,WBA,33.64,5,ASK
2020-10-30 10:51:00,WBA,33.63,19,BID
2020-10-30 10:51:10,WBA,33.65,23,ASK
2020-10-30 10:51:19,WBA,33.65,9,BID
2020-10-30 10:51:06,WBA,33.66,23,ASK
2020-10-30 10:51:19,WBA,33.65,17,BID
2020-10-30 10:51:06,WBA,33.66,23,ASK
2020-10-30 10:51:20,WBA,33.67,8,BID
2020-10-30 10:51:20,WBA,33.68,22,ASK
2020-10-30 10:51:20,WBA,33.67,9,BID
2020-10-30 10:51:20,WBA,33.68,22,ASK
2020-10-30 10:51:20,WBA,33.67,13,BID
2020-10-30 10:51:20,WBA,33.68,22,ASK
2020-10-30 10:51:21,WBA,33.66,18,BID
2020-10-30 10:51:21,WBA,33.67,3,ASK
2020-10-30 10:51:22,WBA,33.66,15,BID
2020-10-30 10:51:22,WBA,33.67,18,ASK
2020-10-30 10:51:22,WBA,33.66,14,BID
2020-10-30 10:51:22,WBA,33.67,19,ASK
2020-10-30 10:51:23,WBA,33.66,15,BID
2020-10-30 10:51:22,WBA,33.67,19,ASK
2020-10-30 10:51:23,WBA,33.66,15,BID
2020-10-30 10:51:22,WBA,33.67,19,ASK
2020-10-30 10:51:23,WBA,33.66,15,BID
2020-10-30 10:51:22,WBA,33.67,19,ASK
2020-10-30 10:51:23,WBA,33.66,15,BID
2020-10-30 10:51:22,WBA,33.67,19,ASK
2020-10-30 10:51:23,WBA,33.66,15,BID
2020-10-30 10:51:22,WBA,33.67,19,ASK
2020-10-30 10:51:23,WBA,33.66,15,BID
2020-10-30 10:51:22,WBA,33.67,19,ASK
2020-10-30 10:51:23,WBA,33.66,15,BID
2020-10-30 10:51:22,WBA,33.67,19,ASK
2020-10-30 10:51:23,WBA,33.66,15,BID
