timestamp,ticker,price,volume,bid_ask
2020-10-30 10:31:24,WMT,137.75,7,BID
2020-10-30 10:31:26,WMT,137.81,2,ASK
2020-10-30 10:31:24,WMT,137.75,7,BID
2020-10-30 10:31:26,WMT,137.81,2,ASK
2020-10-30 10:31:24,WMT,137.75,7,BID
2020-10-30 10:31:28,WMT,137.83,3,ASK
2020-10-30 10:31:24,WMT,137.75,10,BID
2020-10-30 10:31:28,WMT,137.83,3,ASK
2020-10-30 10:31:24,WMT,137.75,10,BID
2020-10-30 10:31:28,WMT,137.83,3,ASK
2020-10-30 10:31:31,WMT,137.76,4,BID
2020-10-30 10:31:31,WMT,137.83,3,ASK
2020-10-30 10:31:24,WMT,137.75,9,BID
2020-10-30 10:31:32,WMT,137.81,2,ASK
2020-10-30 10:31:33,WMT,137.73,9,BID
2020-10-30 10:31:33,WMT,137.81,13,ASK
2020-10-30 10:31:35,WMT,137.74,6,BID
2020-10-30 10:31:34,WMT,137.81,11,ASK
2020-10-30 10:31:35,WMT,137.74,6,BID
2020-10-30 10:31:34,WMT,137.81,11,ASK
2020-10-30 10:31:36,WMT,137.75,2,BID
2020-10-30 10:31:36,WMT,137.8,6,ASK
2020-10-30 10:31:36,WMT,137.75,2,BID
2020-10-30 10:31:36,WMT,137.8,6,ASK
2020-10-30 10:31:36,WMT,137.75,2,BID
2020-10-30 10:31:38,WMT,137.8,6,ASK
2020-10-30 10:31:39,WMT,137.71,15,BID
2020-10-30 10:31:39,WMT,137.78,2,ASK
2020-10-30 10:31:39,WMT,137.71,15,BID
2020-10-30 10:31:39,WMT,137.78,2,ASK
2020-10-30 10:31:41,WMT,137.72,3,BID
2020-10-30 10:31:41,WMT,137.78,3,ASK
2020-10-30 10:31:41,WMT,137.72,3,BID
2020-10-30 10:31:41,WMT,137.78,3,ASK
2020-10-30 10:31:41,WMT,137.72,3,BID
2020-10-30 10:31:41,WMT,137.78,3,ASK
2020-10-30 10:31:41,WMT,137.72,3,BID
2020-10-30 10:31:41,WMT,137.78,3,ASK
2020-10-30 10:31:46,WMT,137.75,2,BID
2020-10-30 10:31:46,WMT,137.81,13,ASK
2020-10-30 10:31:46,WMT,137.75,1,BID
2020-10-30 10:31:46,WMT,137.81,13,ASK
2020-10-30 10:31:46,WMT,137.75,1,BID
2020-10-30 10:31:46,WMT,137.81,13,ASK
2020-10-30 10:31:46,WMT,137.75,1,BID
2020-10-30 10:31:46,WMT,137.81,13,ASK
2020-10-30 10:31:49,WMT,137.75,3,BID
2020-10-30 10:31:46,WMT,137.81,13,ASK
2020-10-30 10:31:49,WMT,137.75,3,BID
2020-10-30 10:31:46,WMT,137.81,13,ASK
2020-10-30 10:31:49,WMT,137.75,3,BID
2020-10-30 10:31:46,WMT,137.81,13,ASK
2020-10-30 10:31:49,WMT,137.75,3,BID
2020-10-30 10:31:46,WMT,137.81,13,ASK
2020-10-30 10:31:49,WMT,137.75,3,BID
2020-10-30 10:31:46,WMT,137.81,13,ASK
2020-10-30 10:31:49,WMT,137.75,3,BID
2020-10-30 10:31:46,WMT,137.81,13,ASK
2020-10-30 10:31:56,WMT,137.76,3,BID
2020-10-30 10:31:56,WMT,137.83,3,ASK
2020-10-30 10:31:57,WMT,137.76,10,BID
2020-10-30 10:31:56,WMT,137.83,4,ASK
2020-10-30 10:31:57,WMT,137.76,9,BID
2020-10-30 10:31:57,WMT,137.83,9,ASK
2020-10-30 10:31:58,WMT,137.76,8,BID
2020-10-30 10:31:59,WMT,137.83,3,ASK
2020-10-30 10:31:59,WMT,137.77,5,BID
2020-10-30 10:32:00,WMT,137.84,4,ASK
2020-10-30 10:32:00,WMT,137.76,14,BID
2020-10-30 10:32:00,WMT,137.84,10,ASK
2020-10-30 10:32:00,WMT,137.76,14,BID
2020-10-30 10:32:00,WMT,137.84,10,ASK
2020-10-30 10:32:00,WMT,137.76,14,BID
2020-10-30 10:32:00,WMT,137.84,10,ASK
2020-10-30 10:32:01,WMT,137.74,2,BID
2020-10-30 10:32:01,WMT,137.8,2,ASK
2020-10-30 10:32:01,WMT,137.74,3,BID
2020-10-30 10:32:01,WMT,137.78,2,ASK
2020-10-30 10:32:02,WMT,137.73,2,BID
2020-10-30 10:32:02,WMT,137.78,13,ASK
2020-10-30 10:32:03,WMT,137.71,12,BID
2020-10-30 10:32:03,WMT,137.76,6,ASK
2020-10-30 10:31:09,WMT,137.7,9,BID
2020-10-30 10:32:04,WMT,137.76,6,ASK
2020-10-30 10:31:09,WMT,137.7,9,BID
2020-10-30 10:32:04,WMT,137.76,6,ASK
2020-10-30 10:32:05,WMT,137.71,2,BID
2020-10-30 10:32:04,WMT,137.76,6,ASK
2020-10-30 10:32:06,WMT,137.73,2,BID
2020-10-30 10:32:06,WMT,137.79,4,ASK
2020-10-30 10:32:07,WMT,137.73,2,BID
2020-10-30 10:32:07,WMT,137.79,3,ASK
2020-10-30 10:32:09,WMT,137.75,3,BID
2020-10-30 10:32:09,WMT,137.79,3,ASK
2020-10-30 10:30:17,WMT,137.69,13,BID
2020-10-30 10:32:09,WMT,137.77,5,ASK
2020-10-30 10:32:10,WMT,137.64,9,BID
2020-10-30 10:32:10,WMT,137.75,21,ASK
2020-10-30 10:32:12,WMT,137.7,1,BID
2020-10-30 10:32:11,WMT,137.75,22,ASK
2020-10-30 10:32:12,WMT,137.7,3,BID
2020-10-30 10:32:12,WMT,137.75,22,ASK
2020-10-30 10:32:13,WMT,137.71,17,BID
2020-10-30 10:32:13,WMT,137.77,5,ASK
2020-10-30 10:32:15,WMT,137.72,4,BID
2020-10-30 10:32:15,WMT,137.79,5,ASK
2020-10-30 10:32:14,WMT,137.71,17,BID
2020-10-30 10:32:16,WMT,137.77,2,ASK
2020-10-30 10:32:14,WMT,137.71,17,BID
2020-10-30 10:32:17,WMT,137.75,1,ASK
2020-10-30 10:32:19,WMT,137.68,7,BID
2020-10-30 10:32:19,WMT,137.73,11,ASK
2020-10-30 10:32:19,WMT,137.61,2,BID
2020-10-30 10:32:19,WMT,137.67,5,ASK
2020-10-30 10:32:20,WMT,137.61,5,BID
2020-10-30 10:32:19,WMT,137.68,9,ASK
2020-10-30 10:32:20,WMT,137.61,5,BID
2020-10-30 10:32:20,WMT,137.68,9,ASK
2020-10-30 10:32:20,WMT,137.61,5,BID
2020-10-30 10:32:20,WMT,137.71,1,ASK
2020-10-30 10:32:21,WMT,137.61,5,BID
2020-10-30 10:32:21,WMT,137.69,6,ASK
2020-10-30 10:32:21,WMT,137.61,4,BID
2020-10-30 10:32:21,WMT,137.69,7,ASK
2020-10-30 10:32:23,WMT,137.61,2,BID
2020-10-30 10:32:22,WMT,137.67,17,ASK
2020-10-30 10:32:23,WMT,137.61,2,BID
2020-10-30 10:32:22,WMT,137.67,17,ASK
2020-10-30 10:32:23,WMT,137.61,2,BID
2020-10-30 10:32:22,WMT,137.67,18,ASK
2020-10-30 10:32:24,WMT,137.56,4,BID
2020-10-30 10:32:24,WMT,137.66,4,ASK
2020-10-30 10:32:24,WMT,137.56,4,BID
2020-10-30 10:32:24,WMT,137.64,12,ASK
2020-10-30 10:32:25,WMT,137.56,5,BID
2020-10-30 10:32:24,WMT,137.64,12,ASK
2020-10-30 10:32:25,WMT,137.56,4,BID
2020-10-30 10:32:25,WMT,137.64,13,ASK
2020-10-30 10:32:25,WMT,137.6,1,BID
2020-10-30 10:32:25,WMT,137.64,14,ASK
2020-10-30 10:32:26,WMT,137.57,1,BID
2020-10-30 10:32:26,WMT,137.64,14,ASK
2020-10-30 10:32:26,WMT,137.57,1,BID
2020-10-30 10:32:26,WMT,137.62,11,ASK
2020-10-30 10:29:48,WMT,137.55,3,BID
2020-10-30 10:32:27,WMT,137.61,3,ASK
2020-10-30 10:29:48,WMT,137.55,3,BID
2020-10-30 10:32:27,WMT,137.61,6,ASK
2020-10-30 10:29:48,WMT,137.55,3,BID
2020-10-30 10:32:27,WMT,137.61,6,ASK
2020-10-30 10:32:28,WMT,137.56,1,BID
2020-10-30 10:32:28,WMT,137.61,4,ASK
2020-10-30 10:32:29,WMT,137.55,6,BID
2020-10-30 10:32:28,WMT,137.61,4,ASK
2020-10-30 10:32:31,WMT,137.57,1,BID
2020-10-30 10:32:26,WMT,137.64,16,ASK
2020-10-30 10:32:31,WMT,137.56,2,BID
2020-10-30 10:32:26,WMT,137.64,14,ASK
2020-10-30 10:32:31,WMT,137.56,2,BID
2020-10-30 10:32:26,WMT,137.64,14,ASK
2020-10-30 10:32:31,WMT,137.56,2,BID
2020-10-30 10:32:26,WMT,137.64,14,ASK
2020-10-30 10:32:31,WMT,137.56,2,BID
2020-10-30 10:32:26,WMT,137.64,14,ASK
2020-10-30 10:32:33,WMT,137.6,1,BID
2020-10-30 10:32:33,WMT,137.68,4,ASK
2020-10-30 10:32:34,WMT,137.62,1,BID
2020-10-30 10:32:33,WMT,137.68,6,ASK
2020-10-30 10:32:34,WMT,137.61,1,BID
2020-10-30 10:32:33,WMT,137.68,6,ASK
2020-10-30 10:32:36,WMT,137.56,3,BID
2020-10-30 10:32:36,WMT,137.65,1,ASK
2020-10-30 10:32:37,WMT,137.56,3,BID
2020-10-30 10:32:37,WMT,137.64,13,ASK
2020-10-30 10:32:38,WMT,137.56,2,BID
2020-10-30 10:32:38,WMT,137.64,16,ASK
2020-10-30 10:32:38,WMT,137.56,2,BID
2020-10-30 10:32:38,WMT,137.64,18,ASK
2020-10-30 10:32:39,WMT,137.56,2,BID
2020-10-30 10:32:38,WMT,137.64,17,ASK
2020-10-30 10:32:40,WMT,137.55,5,BID
2020-10-30 10:32:40,WMT,137.63,1,ASK
2020-10-30 10:32:42,WMT,137.55,5,BID
2020-10-30 10:32:42,WMT,137.63,3,ASK
2020-10-30 10:32:43,WMT,137.56,1,BID
2020-10-30 10:32:38,WMT,137.64,17,ASK
2020-10-30 10:32:43,WMT,137.55,4,BID
2020-10-30 10:32:43,WMT,137.63,6,ASK
2020-10-30 10:32:44,WMT,137.52,4,BID
2020-10-30 10:32:44,WMT,137.59,2,ASK
2020-10-30 10:32:45,WMT,137.5,3,BID
2020-10-30 10:32:45,WMT,137.57,2,ASK
2020-10-30 10:32:45,WMT,137.52,1,BID
2020-10-30 10:32:44,WMT,137.58,3,ASK
2020-10-30 10:32:46,WMT,137.52,3,BID
2020-10-30 10:32:44,WMT,137.58,3,ASK
2020-10-30 10:32:48,WMT,137.53,1,BID
2020-10-30 10:32:48,WMT,137.6,4,ASK
2020-10-30 10:32:49,WMT,137.52,4,BID
2020-10-30 10:32:49,WMT,137.6,4,ASK
2020-10-30 10:32:49,WMT,137.52,4,BID
2020-10-30 10:32:49,WMT,137.6,4,ASK
2020-10-30 10:32:52,WMT,137.52,4,BID
2020-10-30 10:32:52,WMT,137.6,4,ASK
2020-10-30 10:32:54,WMT,137.53,2,BID
2020-10-30 10:32:54,WMT,137.6,4,ASK
2020-10-30 10:32:55,WMT,137.53,3,BID
2020-10-30 10:32:55,WMT,137.6,4,ASK
2020-10-30 10:32:55,WMT,137.53,3,BID
2020-10-30 10:32:55,WMT,137.6,4,ASK
2020-10-30 10:32:55,WMT,137.53,3,BID
2020-10-30 10:32:55,WMT,137.6,4,ASK
2020-10-30 10:32:58,WMT,137.55,1,BID
2020-10-30 10:32:58,WMT,137.6,4,ASK
2020-10-30 10:32:58,WMT,137.57,1,BID
2020-10-30 10:32:58,WMT,137.64,17,ASK
2020-10-30 10:32:59,WMT,137.57,3,BID
2020-10-30 10:32:58,WMT,137.64,17,ASK
2020-10-30 10:33:00,WMT,137.57,4,BID
2020-10-30 10:32:58,WMT,137.64,16,ASK
2020-10-30 10:33:01,WMT,137.61,1,BID
2020-10-30 10:33:01,WMT,137.69,9,ASK
2020-10-30 10:33:02,WMT,137.6,3,BID
2020-10-30 10:33:02,WMT,137.68,3,ASK
2020-10-30 10:33:02,WMT,137.62,2,BID
2020-10-30 10:33:02,WMT,137.69,8,ASK
2020-10-30 10:33:03,WMT,137.62,3,BID
2020-10-30 10:33:02,WMT,137.69,8,ASK
2020-10-30 10:33:04,WMT,137.62,3,BID
2020-10-30 10:33:04,WMT,137.69,8,ASK
2020-10-30 10:33:05,WMT,137.62,3,BID
2020-10-30 10:33:02,WMT,137.69,8,ASK
2020-10-30 10:33:05,WMT,137.62,3,BID
2020-10-30 10:33:02,WMT,137.69,8,ASK
2020-10-30 10:33:05,WMT,137.62,3,BID
2020-10-30 10:33:02,WMT,137.69,8,ASK
2020-10-30 10:33:08,WMT,137.62,4,BID
2020-10-30 10:33:08,WMT,137.69,10,ASK
2020-10-30 10:33:09,WMT,137.62,5,BID
2020-10-30 10:33:09,WMT,137.69,11,ASK
2020-10-30 10:33:10,WMT,137.64,1,BID
2020-10-30 10:33:10,WMT,137.7,13,ASK
2020-10-30 10:33:10,WMT,137.63,5,BID
2020-10-30 10:33:10,WMT,137.7,4,ASK
2020-10-30 10:33:12,WMT,137.64,1,BID
2020-10-30 10:33:10,WMT,137.7,4,ASK
2020-10-30 10:33:14,WMT,137.62,4,BID
2020-10-30 10:33:14,WMT,137.68,2,ASK
2020-10-30 10:33:14,WMT,137.62,5,BID
2020-10-30 10:33:14,WMT,137.69,5,ASK
2020-10-30 10:33:01,WMT,137.6,2,BID
2020-10-30 10:33:16,WMT,137.65,2,ASK
2020-10-30 10:33:16,WMT,137.6,3,BID
2020-10-30 10:33:16,WMT,137.65,2,ASK
2020-10-30 10:33:17,WMT,137.6,3,BID
2020-10-30 10:33:17,WMT,137.65,1,ASK
2020-10-30 10:33:18,WMT,137.57,7,BID
2020-10-30 10:33:19,WMT,137.64,2,ASK
2020-10-30 10:33:18,WMT,137.57,7,BID
2020-10-30 10:33:20,WMT,137.64,5,ASK
2020-10-30 10:33:21,WMT,137.6,2,BID
2020-10-30 10:33:21,WMT,137.69,13,ASK
2020-10-30 10:33:22,WMT,137.61,1,BID
2020-10-30 10:33:22,WMT,137.7,4,ASK
2020-10-30 10:33:22,WMT,137.61,2,BID
2020-10-30 10:33:22,WMT,137.69,1,ASK
2020-10-30 10:33:24,WMT,137.62,1,BID
2020-10-30 10:33:24,WMT,137.7,5,ASK
2020-10-30 10:33:25,WMT,137.61,3,BID
2020-10-30 10:33:25,WMT,137.69,3,ASK
2020-10-30 10:33:27,WMT,137.61,10,BID
2020-10-30 10:33:27,WMT,137.68,11,ASK
2020-10-30 10:33:28,WMT,137.62,1,BID
2020-10-30 10:33:28,WMT,137.7,7,ASK
2020-10-30 10:33:30,WMT,137.62,1,BID
2020-10-30 10:33:28,WMT,137.7,7,ASK
2020-10-30 10:33:30,WMT,137.62,7,BID
2020-10-30 10:33:30,WMT,137.7,5,ASK
2020-10-30 10:33:32,WMT,137.64,4,BID
2020-10-30 10:33:32,WMT,137.72,1,ASK
2020-10-30 10:33:32,WMT,137.64,4,BID
2020-10-30 10:33:33,WMT,137.72,1,ASK
2020-10-30 10:33:33,WMT,137.65,4,BID
2020-10-30 10:33:33,WMT,137.73,3,ASK
2020-10-30 10:33:34,WMT,137.65,2,BID
2020-10-30 10:33:34,WMT,137.75,3,ASK
2020-10-30 10:33:35,WMT,137.67,1,BID
2020-10-30 10:33:35,WMT,137.75,3,ASK
2020-10-30 10:33:34,WMT,137.64,5,BID
2020-10-30 10:33:36,WMT,137.71,1,ASK
2020-10-30 10:33:36,WMT,137.65,1,BID
2020-10-30 10:33:36,WMT,137.72,6,ASK
2020-10-30 10:33:37,WMT,137.66,2,BID
2020-10-30 10:33:37,WMT,137.73,9,ASK
2020-10-30 10:33:38,WMT,137.66,5,BID
2020-10-30 10:33:38,WMT,137.75,7,ASK
2020-10-30 10:33:39,WMT,137.68,4,BID
2020-10-30 10:33:39,WMT,137.73,1,ASK
2020-10-30 10:33:40,WMT,137.74,3,BID
2020-10-30 10:33:40,WMT,137.76,1,ASK
2020-10-30 10:33:42,WMT,137.72,1,BID
2020-10-30 10:33:42,WMT,137.78,14,ASK
2020-10-30 10:33:43,WMT,137.72,2,BID
2020-10-30 10:33:43,WMT,137.78,13,ASK
2020-10-30 10:33:43,WMT,137.73,2,BID
2020-10-30 10:33:43,WMT,137.77,3,ASK
2020-10-30 10:33:44,WMT,137.7,1,BID
2020-10-30 10:33:44,WMT,137.76,16,ASK
2020-10-30 10:33:44,WMT,137.7,1,BID
2020-10-30 10:33:44,WMT,137.76,16,ASK
2020-10-30 10:33:46,WMT,137.72,1,BID
2020-10-30 10:33:46,WMT,137.77,14,ASK
2020-10-30 10:33:46,WMT,137.72,1,BID
2020-10-30 10:33:46,WMT,137.77,14,ASK
2020-10-30 10:33:47,WMT,137.72,1,BID
2020-10-30 10:33:46,WMT,137.77,14,ASK
2020-10-30 10:33:47,WMT,137.72,1,BID
2020-10-30 10:33:46,WMT,137.77,14,ASK
2020-10-30 10:33:47,WMT,137.72,1,BID
2020-10-30 10:33:46,WMT,137.77,14,ASK
2020-10-30 10:33:47,WMT,137.72,1,BID
2020-10-30 10:33:46,WMT,137.77,14,ASK
2020-10-30 10:33:50,WMT,137.74,2,BID
2020-10-30 10:33:50,WMT,137.82,8,ASK
2020-10-30 10:33:52,WMT,137.74,1,BID
2020-10-30 10:33:52,WMT,137.8,1,ASK
2020-10-30 10:33:52,WMT,137.74,1,BID
2020-10-30 10:33:52,WMT,137.82,10,ASK
2020-10-30 10:33:54,WMT,137.76,2,BID
2020-10-30 10:31:59,WMT,137.85,9,ASK
2020-10-30 10:33:54,WMT,137.74,3,BID
2020-10-30 10:33:55,WMT,137.83,6,ASK
2020-10-30 10:33:54,WMT,137.74,3,BID
2020-10-30 10:33:55,WMT,137.83,6,ASK
2020-10-30 10:33:54,WMT,137.74,3,BID
2020-10-30 10:33:59,WMT,137.82,4,ASK
2020-10-30 10:33:59,WMT,137.74,5,BID
2020-10-30 10:34:00,WMT,137.82,4,ASK
2020-10-30 10:33:59,WMT,137.74,4,BID
2020-10-30 10:34:00,WMT,137.82,3,ASK
2020-10-30 10:34:01,WMT,137.74,6,BID
2020-10-30 10:34:01,WMT,137.84,2,ASK
2020-10-30 10:34:02,WMT,137.74,5,BID
2020-10-30 10:34:02,WMT,137.82,3,ASK
2020-10-30 10:34:03,WMT,137.74,5,BID
2020-10-30 10:34:02,WMT,137.81,14,ASK
2020-10-30 10:34:03,WMT,137.74,5,BID
2020-10-30 10:34:03,WMT,137.81,17,ASK
2020-10-30 10:34:03,WMT,137.74,5,BID
2020-10-30 10:34:03,WMT,137.81,17,ASK
2020-10-30 10:34:03,WMT,137.74,5,BID
2020-10-30 10:34:03,WMT,137.81,17,ASK
2020-10-30 10:34:03,WMT,137.74,5,BID
2020-10-30 10:34:03,WMT,137.81,17,ASK
2020-10-30 10:34:07,WMT,137.75,12,BID
2020-10-30 10:34:07,WMT,137.82,1,ASK
2020-10-30 10:34:08,WMT,137.74,9,BID
2020-10-30 10:34:08,WMT,137.81,14,ASK
2020-10-30 10:34:08,WMT,137.74,9,BID
2020-10-30 10:34:09,WMT,137.81,6,ASK
2020-10-30 10:34:09,WMT,137.7,1,BID
2020-10-30 10:34:09,WMT,137.76,3,ASK
2020-10-30 10:33:39,WMT,137.68,6,BID
2020-10-30 10:34:09,WMT,137.76,4,ASK
2020-10-30 10:34:10,WMT,137.7,2,BID
2020-10-30 10:34:10,WMT,137.76,6,ASK
2020-10-30 10:34:10,WMT,137.71,1,BID
2020-10-30 10:34:10,WMT,137.76,5,ASK
2020-10-30 10:34:12,WMT,137.7,3,BID
2020-10-30 10:34:10,WMT,137.76,5,ASK
2020-10-30 10:34:13,WMT,137.73,1,BID
2020-10-30 10:34:13,WMT,137.79,2,ASK
2020-10-30 10:34:14,WMT,137.68,3,BID
2020-10-30 10:34:14,WMT,137.75,8,ASK
2020-10-30 10:34:14,WMT,137.68,3,BID
2020-10-30 10:34:14,WMT,137.78,3,ASK
2020-10-30 10:34:14,WMT,137.68,4,BID
2020-10-30 10:34:14,WMT,137.78,3,ASK
2020-10-30 10:34:15,WMT,137.71,1,BID
2020-10-30 10:34:14,WMT,137.78,3,ASK
2020-10-30 10:34:16,WMT,137.71,1,BID
2020-10-30 10:34:16,WMT,137.78,4,ASK
2020-10-30 10:34:18,WMT,137.71,3,BID
2020-10-30 10:34:17,WMT,137.78,3,ASK
2020-10-30 10:34:19,WMT,137.71,3,BID
2020-10-30 10:34:19,WMT,137.75,2,ASK
2020-10-30 10:34:19,WMT,137.71,3,BID
2020-10-30 10:34:19,WMT,137.75,2,ASK
2020-10-30 10:34:22,WMT,137.71,3,BID
2020-10-30 10:34:22,WMT,137.75,2,ASK
2020-10-30 10:34:23,WMT,137.72,1,BID
2020-10-30 10:34:23,WMT,137.75,2,ASK
2020-10-30 10:34:24,WMT,137.66,5,BID
2020-10-30 10:34:24,WMT,137.72,1,ASK
2020-10-30 10:34:24,WMT,137.66,5,BID
2020-10-30 10:34:24,WMT,137.72,2,ASK
2020-10-30 10:34:25,WMT,137.66,5,BID
2020-10-30 10:34:25,WMT,137.74,10,ASK
2020-10-30 10:34:26,WMT,137.74,1,BID
2020-10-30 10:34:26,WMT,137.76,1,ASK
2020-10-30 10:34:27,WMT,137.74,1,BID
2020-10-30 10:34:27,WMT,137.77,2,ASK
2020-10-30 10:34:29,WMT,137.75,1,BID
2020-10-30 10:34:29,WMT,137.78,5,ASK
2020-10-30 10:34:27,WMT,137.73,4,BID
2020-10-30 10:34:30,WMT,137.78,17,ASK
2020-10-30 10:34:27,WMT,137.73,4,BID
2020-10-30 10:34:32,WMT,137.78,17,ASK
2020-10-30 10:34:34,WMT,137.72,2,BID
2020-10-30 10:34:34,WMT,137.77,2,ASK
2020-10-30 10:34:35,WMT,137.72,1,BID
2020-10-30 10:34:35,WMT,137.77,1,ASK
2020-10-30 10:34:36,WMT,137.74,7,BID
2020-10-30 10:34:36,WMT,137.8,4,ASK
2020-10-30 10:34:36,WMT,137.74,9,BID
2020-10-30 10:34:36,WMT,137.8,4,ASK
2020-10-30 10:34:38,WMT,137.77,1,BID
2020-10-30 10:34:38,WMT,137.82,1,ASK
2020-10-30 10:34:38,WMT,137.77,1,BID
2020-10-30 10:34:38,WMT,137.82,1,ASK
2020-10-30 10:34:42,WMT,137.77,3,BID
2020-10-30 10:34:42,WMT,137.84,2,ASK
2020-10-30 10:34:43,WMT,137.77,3,BID
2020-10-30 10:34:42,WMT,137.84,3,ASK
2020-10-30 10:34:45,WMT,137.77,9,BID
2020-10-30 10:34:45,WMT,137.83,16,ASK
2020-10-30 10:34:46,WMT,137.8,1,BID
2020-10-30 10:34:46,WMT,137.86,4,ASK
2020-10-30 10:34:49,WMT,137.82,1,BID
2020-10-30 10:34:49,WMT,137.86,5,ASK
2020-10-30 10:34:49,WMT,137.85,1,BID
2020-10-30 10:34:49,WMT,137.88,3,ASK
2020-10-30 10:34:50,WMT,137.86,1,BID
2020-10-30 10:34:50,WMT,137.89,1,ASK
2020-10-30 10:34:50,WMT,137.85,3,BID
2020-10-30 10:34:50,WMT,137.9,4,ASK
2020-10-30 10:34:50,WMT,137.85,3,BID
2020-10-30 10:34:50,WMT,137.9,4,ASK
2020-10-30 10:34:50,WMT,137.85,3,BID
2020-10-30 10:34:51,WMT,137.89,5,ASK
2020-10-30 10:34:52,WMT,137.85,4,BID
2020-10-30 10:34:52,WMT,137.89,5,ASK
2020-10-30 10:34:52,WMT,137.85,4,BID
2020-10-30 10:34:52,WMT,137.89,5,ASK
2020-10-30 10:34:53,WMT,137.85,5,BID
2020-10-30 10:34:53,WMT,137.9,3,ASK
2020-10-30 10:34:53,WMT,137.85,5,BID
2020-10-30 10:34:53,WMT,137.9,3,ASK
2020-10-30 10:34:53,WMT,137.83,1,BID
2020-10-30 10:34:53,WMT,137.88,1,ASK
2020-10-30 10:34:48,WMT,137.79,4,BID
2020-10-30 10:34:53,WMT,137.86,4,ASK
2020-10-30 10:34:48,WMT,137.79,4,BID
2020-10-30 10:34:53,WMT,137.86,3,ASK
2020-10-30 10:34:54,WMT,137.77,9,BID
2020-10-30 10:34:54,WMT,137.85,1,ASK
2020-10-30 10:34:55,WMT,137.75,2,BID
2020-10-30 10:34:55,WMT,137.83,2,ASK
2020-10-30 10:34:58,WMT,137.74,22,BID
2020-10-30 10:34:58,WMT,137.84,2,ASK
2020-10-30 10:35:00,WMT,137.74,19,BID
2020-10-30 10:35:00,WMT,137.8,15,ASK
2020-10-30 10:35:01,WMT,137.74,15,BID
2020-10-30 10:35:03,WMT,137.81,1,ASK
2020-10-30 10:35:01,WMT,137.74,15,BID
2020-10-30 10:35:04,WMT,137.81,2,ASK
2020-10-30 10:35:01,WMT,137.74,15,BID
2020-10-30 10:35:04,WMT,137.81,2,ASK
2020-10-30 10:35:01,WMT,137.74,15,BID
2020-10-30 10:35:04,WMT,137.81,2,ASK
2020-10-30 10:35:01,WMT,137.74,15,BID
2020-10-30 10:35:04,WMT,137.81,2,ASK
2020-10-30 10:35:01,WMT,137.74,15,BID
2020-10-30 10:35:05,WMT,137.8,2,ASK
2020-10-30 10:35:01,WMT,137.74,15,BID
2020-10-30 10:35:05,WMT,137.8,2,ASK
2020-10-30 10:35:02,WMT,137.74,15,BID
2020-10-30 10:35:05,WMT,137.8,2,ASK
2020-10-30 10:35:02,WMT,137.74,15,BID
2020-10-30 10:35:05,WMT,137.8,2,ASK
2020-10-30 10:35:02,WMT,137.74,15,BID
2020-10-30 10:35:05,WMT,137.8,2,ASK
2020-10-30 10:35:02,WMT,137.74,15,BID
2020-10-30 10:35:05,WMT,137.8,2,ASK
2020-10-30 10:35:02,WMT,137.74,15,BID
2020-10-30 10:35:05,WMT,137.8,2,ASK
2020-10-30 10:35:02,WMT,137.74,15,BID
2020-10-30 10:35:05,WMT,137.8,2,ASK
2020-10-30 10:35:02,WMT,137.74,15,BID
2020-10-30 10:35:05,WMT,137.8,2,ASK
2020-10-30 10:35:02,WMT,137.74,15,BID
2020-10-30 10:35:05,WMT,137.8,2,ASK
2020-10-30 10:35:02,WMT,137.74,15,BID
2020-10-30 10:35:05,WMT,137.8,2,ASK
2020-10-30 10:35:02,WMT,137.74,15,BID
2020-10-30 10:35:05,WMT,137.8,2,ASK
2020-10-30 10:35:02,WMT,137.74,15,BID
2020-10-30 10:35:05,WMT,137.8,2,ASK
2020-10-30 10:35:02,WMT,137.74,15,BID
2020-10-30 10:35:05,WMT,137.8,2,ASK
2020-10-30 10:35:02,WMT,137.74,15,BID
2020-10-30 10:35:05,WMT,137.8,2,ASK
2020-10-30 10:35:02,WMT,137.74,15,BID
2020-10-30 10:35:05,WMT,137.8,2,ASK
2020-10-30 10:35:02,WMT,137.74,15,BID
2020-10-30 10:35:05,WMT,137.8,2,ASK
2020-10-30 10:35:02,WMT,137.74,14,BID
2020-10-30 10:35:11,WMT,137.81,2,ASK
2020-10-30 10:35:12,WMT,137.77,3,BID
2020-10-30 10:35:12,WMT,137.84,2,ASK
2020-10-30 10:35:17,WMT,137.78,2,BID
2020-10-30 10:35:17,WMT,137.85,7,ASK
2020-10-30 10:35:20,WMT,137.75,6,BID
2020-10-30 10:35:20,WMT,137.82,13,ASK
2020-10-30 10:35:20,WMT,137.73,1,BID
2020-10-30 10:35:20,WMT,137.77,2,ASK
2020-10-30 10:35:20,WMT,137.73,2,BID
2020-10-30 10:35:20,WMT,137.79,4,ASK
2020-10-30 10:35:20,WMT,137.72,2,BID
2020-10-30 10:35:20,WMT,137.76,3,ASK
2020-10-30 10:35:21,WMT,137.72,2,BID
2020-10-30 10:35:21,WMT,137.78,13,ASK
2020-10-30 10:35:21,WMT,137.71,3,BID
2020-10-30 10:35:21,WMT,137.75,1,ASK
2020-10-30 10:35:21,WMT,137.66,5,BID
2020-10-30 10:35:21,WMT,137.71,4,ASK
2020-10-30 10:35:22,WMT,137.65,2,BID
2020-10-30 10:35:22,WMT,137.7,12,ASK
2020-10-30 10:35:22,WMT,137.65,2,BID
2020-10-30 10:35:22,WMT,137.69,7,ASK
2020-10-30 10:35:22,WMT,137.67,1,BID
2020-10-30 10:35:22,WMT,137.73,1,ASK
2020-10-30 10:35:23,WMT,137.66,1,BID
2020-10-30 10:35:23,WMT,137.73,2,ASK
2020-10-30 10:35:24,WMT,137.66,1,BID
2020-10-30 10:35:24,WMT,137.73,2,ASK
2020-10-30 10:35:24,WMT,137.65,4,BID
2020-10-30 10:35:24,WMT,137.72,15,ASK
2020-10-30 10:35:24,WMT,137.65,4,BID
2020-10-30 10:35:25,WMT,137.73,9,ASK
2020-10-30 10:35:25,WMT,137.66,1,BID
2020-10-30 10:35:25,WMT,137.73,9,ASK
2020-10-30 10:35:24,WMT,137.65,5,BID
2020-10-30 10:35:27,WMT,137.73,7,ASK
2020-10-30 10:35:24,WMT,137.65,4,BID
2020-10-30 10:35:28,WMT,137.72,10,ASK
2020-10-30 10:35:24,WMT,137.65,4,BID
2020-10-30 10:35:28,WMT,137.72,15,ASK
2020-10-30 10:35:24,WMT,137.65,5,BID
2020-10-30 10:35:29,WMT,137.72,17,ASK
2020-10-30 10:35:24,WMT,137.65,5,BID
2020-10-30 10:35:29,WMT,137.72,17,ASK
2020-10-30 10:35:24,WMT,137.65,5,BID
2020-10-30 10:35:30,WMT,137.72,17,ASK
2020-10-30 10:35:30,WMT,137.6,2,BID
2020-10-30 10:35:30,WMT,137.67,13,ASK
2020-10-30 10:35:31,WMT,137.6,2,BID
2020-10-30 10:35:31,WMT,137.66,9,ASK
2020-10-30 10:35:32,WMT,137.6,2,BID
2020-10-30 10:35:31,WMT,137.66,9,ASK
2020-10-30 10:35:32,WMT,137.6,2,BID
2020-10-30 10:35:31,WMT,137.66,9,ASK
2020-10-30 10:35:32,WMT,137.6,2,BID
2020-10-30 10:35:31,WMT,137.66,9,ASK
2020-10-30 10:35:32,WMT,137.6,2,BID
2020-10-30 10:35:31,WMT,137.66,9,ASK
2020-10-30 10:35:32,WMT,137.6,2,BID
2020-10-30 10:35:31,WMT,137.66,9,ASK
2020-10-30 10:35:36,WMT,137.62,2,BID
2020-10-30 10:35:36,WMT,137.71,1,ASK
2020-10-30 10:35:36,WMT,137.62,3,BID
2020-10-30 10:35:36,WMT,137.7,4,ASK
2020-10-30 10:35:38,WMT,137.62,3,BID
2020-10-30 10:35:38,WMT,137.7,9,ASK
2020-10-30 10:35:40,WMT,137.63,2,BID
2020-10-30 10:35:40,WMT,137.7,12,ASK
2020-10-30 10:35:41,WMT,137.63,2,BID
2020-10-30 10:35:41,WMT,137.69,7,ASK
2020-10-30 10:35:41,WMT,137.63,2,BID
2020-10-30 10:35:42,WMT,137.69,8,ASK
2020-10-30 10:35:41,WMT,137.63,2,BID
2020-10-30 10:35:42,WMT,137.69,8,ASK
2020-10-30 10:35:44,WMT,137.64,2,BID
2020-10-30 10:35:44,WMT,137.68,1,ASK
2020-10-30 10:35:44,WMT,137.67,7,BID
2020-10-30 10:35:44,WMT,137.79,8,ASK
2020-10-30 10:35:44,WMT,137.67,7,BID
2020-10-30 10:35:44,WMT,137.78,2,ASK
2020-10-30 10:35:44,WMT,137.67,7,BID
2020-10-30 10:35:45,WMT,137.78,6,ASK
2020-10-30 10:35:44,WMT,137.67,7,BID
2020-10-30 10:35:45,WMT,137.76,12,ASK
2020-10-30 10:35:44,WMT,137.67,7,BID
2020-10-30 10:35:45,WMT,137.76,12,ASK
2020-10-30 10:35:44,WMT,137.67,7,BID
2020-10-30 10:35:47,WMT,137.75,1,ASK
2020-10-30 10:35:44,WMT,137.67,7,BID
2020-10-30 10:35:47,WMT,137.76,10,ASK
2020-10-30 10:35:44,WMT,137.67,7,BID
2020-10-30 10:35:47,WMT,137.76,10,ASK
2020-10-30 10:35:44,WMT,137.67,7,BID
2020-10-30 10:35:51,WMT,137.76,10,ASK
2020-10-30 10:35:52,WMT,137.7,2,BID
2020-10-30 10:35:51,WMT,137.78,9,ASK
2020-10-30 10:35:52,WMT,137.7,2,BID
2020-10-30 10:35:52,WMT,137.78,13,ASK
2020-10-30 10:35:53,WMT,137.71,1,BID
2020-10-30 10:35:52,WMT,137.78,10,ASK
2020-10-30 10:35:55,WMT,137.71,3,BID
2020-10-30 10:35:52,WMT,137.78,10,ASK
2020-10-30 10:35:55,WMT,137.71,3,BID
2020-10-30 10:35:52,WMT,137.78,10,ASK
2020-10-30 10:35:56,WMT,137.75,2,BID
2020-10-30 10:35:56,WMT,137.82,2,ASK
2020-10-30 10:35:57,WMT,137.75,3,BID
2020-10-30 10:35:57,WMT,137.83,9,ASK
2020-10-30 10:35:57,WMT,137.75,3,BID
2020-10-30 10:35:57,WMT,137.83,9,ASK
2020-10-30 10:35:57,WMT,137.75,3,BID
2020-10-30 10:35:57,WMT,137.83,9,ASK
2020-10-30 10:35:57,WMT,137.75,3,BID
2020-10-30 10:35:57,WMT,137.83,9,ASK
2020-10-30 10:35:57,WMT,137.75,3,BID
2020-10-30 10:35:57,WMT,137.83,9,ASK
2020-10-30 10:35:58,WMT,137.77,1,BID
2020-10-30 10:35:58,WMT,137.85,3,ASK
2020-10-30 10:36:00,WMT,137.77,2,BID
2020-10-30 10:36:00,WMT,137.84,9,ASK
2020-10-30 10:36:02,WMT,137.76,3,BID
2020-10-30 10:36:02,WMT,137.82,2,ASK
2020-10-30 10:36:02,WMT,137.76,3,BID
2020-10-30 10:36:03,WMT,137.85,4,ASK
2020-10-30 10:36:03,WMT,137.8,3,BID
2020-10-30 10:36:04,WMT,137.87,5,ASK
2020-10-30 10:36:05,WMT,137.83,2,BID
2020-10-30 10:36:05,WMT,137.9,5,ASK
2020-10-30 10:36:03,WMT,137.8,4,BID
2020-10-30 10:36:05,WMT,137.89,6,ASK
2020-10-30 10:36:06,WMT,137.81,1,BID
2020-10-30 10:36:06,WMT,137.89,6,ASK
2020-10-30 10:36:07,WMT,137.82,1,BID
2020-10-30 10:36:07,WMT,137.89,4,ASK
2020-10-30 10:36:07,WMT,137.82,1,BID
2020-10-30 10:36:07,WMT,137.89,4,ASK
2020-10-30 10:36:11,WMT,137.82,1,BID
2020-10-30 10:36:07,WMT,137.89,4,ASK
2020-10-30 10:36:11,WMT,137.82,3,BID
2020-10-30 10:36:12,WMT,137.87,8,ASK
2020-10-30 10:36:11,WMT,137.82,3,BID
2020-10-30 10:36:14,WMT,137.86,3,ASK
2020-10-30 10:36:14,WMT,137.81,3,BID
2020-10-30 10:36:14,WMT,137.84,6,ASK
2020-10-30 10:36:15,WMT,137.81,3,BID
2020-10-30 10:36:14,WMT,137.84,5,ASK
2020-10-30 10:36:15,WMT,137.81,3,BID
2020-10-30 10:36:14,WMT,137.84,4,ASK
2020-10-30 10:36:16,WMT,137.81,4,BID
2020-10-30 10:36:14,WMT,137.84,4,ASK
2020-10-30 10:36:17,WMT,137.81,4,BID
2020-10-30 10:36:14,WMT,137.84,4,ASK
2020-10-30 10:36:18,WMT,137.81,4,BID
2020-10-30 10:36:18,WMT,137.84,5,ASK
2020-10-30 10:36:18,WMT,137.81,4,BID
2020-10-30 10:36:18,WMT,137.84,5,ASK
2020-10-30 10:36:20,WMT,137.77,1,BID
2020-10-30 10:36:20,WMT,137.82,14,ASK
2020-10-30 10:36:21,WMT,137.77,2,BID
2020-10-30 10:36:21,WMT,137.82,15,ASK
2020-10-30 10:36:21,WMT,137.77,2,BID
2020-10-30 10:36:21,WMT,137.82,11,ASK
2020-10-30 10:36:21,WMT,137.77,2,BID
2020-10-30 10:36:21,WMT,137.82,11,ASK
2020-10-30 10:36:22,WMT,137.73,6,BID
2020-10-30 10:36:22,WMT,137.8,1,ASK
2020-10-30 10:36:23,WMT,137.73,6,BID
2020-10-30 10:36:23,WMT,137.79,2,ASK
2020-10-30 10:36:23,WMT,137.73,6,BID
2020-10-30 10:36:23,WMT,137.79,2,ASK
2020-10-30 10:36:24,WMT,137.74,3,BID
2020-10-30 10:36:24,WMT,137.81,15,ASK
2020-10-30 10:36:24,WMT,137.74,3,BID
2020-10-30 10:36:25,WMT,137.8,11,ASK
2020-10-30 10:36:24,WMT,137.74,3,BID
2020-10-30 10:36:24,WMT,137.81,13,ASK
2020-10-30 10:36:27,WMT,137.78,3,BID
2020-10-30 10:36:27,WMT,137.9,6,ASK
2020-10-30 10:36:27,WMT,137.78,3,BID
2020-10-30 10:36:28,WMT,137.88,4,ASK
2020-10-30 10:36:27,WMT,137.78,3,BID
2020-10-30 10:36:28,WMT,137.87,1,ASK
2020-10-30 10:36:27,WMT,137.78,3,BID
2020-10-30 10:36:30,WMT,137.87,1,ASK
2020-10-30 10:36:24,WMT,137.74,2,BID
2020-10-30 10:36:31,WMT,137.83,5,ASK
2020-10-30 10:36:31,WMT,137.74,4,BID
2020-10-30 10:36:31,WMT,137.83,11,ASK
2020-10-30 10:36:31,WMT,137.73,6,BID
2020-10-30 10:36:31,WMT,137.79,5,ASK
2020-10-30 10:36:32,WMT,137.73,7,BID
2020-10-30 10:36:31,WMT,137.82,10,ASK
2020-10-30 10:36:32,WMT,137.73,7,BID
2020-10-30 10:36:32,WMT,137.81,1,ASK
2020-10-30 10:36:35,WMT,137.74,3,BID
2020-10-30 10:36:35,WMT,137.81,3,ASK
2020-10-30 10:36:32,WMT,137.73,10,BID
2020-10-30 10:36:36,WMT,137.81,3,ASK
2020-10-30 10:36:32,WMT,137.73,11,BID
2020-10-30 10:36:37,WMT,137.81,3,ASK
2020-10-30 10:36:32,WMT,137.73,13,BID
2020-10-30 10:36:37,WMT,137.81,3,ASK
2020-10-30 10:36:32,WMT,137.73,12,BID
2020-10-30 10:36:34,WMT,137.81,3,ASK
2020-10-30 10:36:32,WMT,137.73,13,BID
2020-10-30 10:36:34,WMT,137.81,3,ASK
2020-10-30 10:36:41,WMT,137.74,4,BID
2020-10-30 10:36:34,WMT,137.81,3,ASK
2020-10-30 10:36:41,WMT,137.74,4,BID
2020-10-30 10:36:34,WMT,137.81,3,ASK
2020-10-30 10:36:43,WMT,137.74,4,BID
2020-10-30 10:36:43,WMT,137.79,2,ASK
2020-10-30 10:36:44,WMT,137.74,5,BID
2020-10-30 10:36:44,WMT,137.81,4,ASK
2020-10-30 10:36:44,WMT,137.74,5,BID
2020-10-30 10:36:44,WMT,137.81,4,ASK
2020-10-30 10:36:44,WMT,137.74,4,BID
2020-10-30 10:36:46,WMT,137.78,2,ASK
2020-10-30 10:36:46,WMT,137.72,3,BID
2020-10-30 10:36:46,WMT,137.75,3,ASK
2020-10-30 10:36:47,WMT,137.72,3,BID
2020-10-30 10:36:46,WMT,137.75,3,ASK
2020-10-30 10:36:47,WMT,137.72,3,BID
2020-10-30 10:36:46,WMT,137.75,3,ASK
2020-10-30 10:36:48,WMT,137.71,11,BID
2020-10-30 10:36:48,WMT,137.77,5,ASK
2020-10-30 10:36:48,WMT,137.71,11,BID
2020-10-30 10:36:49,WMT,137.77,5,ASK
2020-10-30 10:36:50,WMT,137.71,2,BID
2020-10-30 10:36:50,WMT,137.77,5,ASK
2020-10-30 10:36:51,WMT,137.71,2,BID
2020-10-30 10:36:51,WMT,137.77,3,ASK
2020-10-30 10:36:51,WMT,137.71,2,BID
2020-10-30 10:36:51,WMT,137.77,3,ASK
2020-10-30 10:36:51,WMT,137.71,2,BID
2020-10-30 10:36:51,WMT,137.77,3,ASK
2020-10-30 10:36:54,WMT,137.71,8,BID
2020-10-30 10:36:54,WMT,137.77,3,ASK
2020-10-30 10:36:54,WMT,137.71,7,BID
2020-10-30 10:36:54,WMT,137.77,3,ASK
2020-10-30 10:36:55,WMT,137.72,13,BID
2020-10-30 10:36:55,WMT,137.77,3,ASK
2020-10-30 10:36:55,WMT,137.72,13,BID
2020-10-30 10:36:55,WMT,137.77,3,ASK
2020-10-30 10:36:55,WMT,137.72,13,BID
2020-10-30 10:36:55,WMT,137.77,3,ASK
2020-10-30 10:36:56,WMT,137.71,7,BID
2020-10-30 10:36:56,WMT,137.75,2,ASK
2020-10-30 10:36:57,WMT,137.71,7,BID
2020-10-30 10:36:57,WMT,137.77,5,ASK
2020-10-30 10:36:57,WMT,137.71,7,BID
2020-10-30 10:36:57,WMT,137.77,5,ASK
2020-10-30 10:37:00,WMT,137.64,5,BID
2020-10-30 10:37:00,WMT,137.72,10,ASK
2020-10-30 10:37:01,WMT,137.64,10,BID
2020-10-30 10:37:01,WMT,137.72,13,ASK
2020-10-30 10:37:01,WMT,137.64,10,BID
2020-10-30 10:37:01,WMT,137.72,13,ASK
2020-10-30 10:37:02,WMT,137.65,3,BID
2020-10-30 10:37:02,WMT,137.72,13,ASK
2020-10-30 10:37:02,WMT,137.65,3,BID
2020-10-30 10:37:02,WMT,137.72,13,ASK
2020-10-30 10:37:02,WMT,137.65,3,BID
2020-10-30 10:37:02,WMT,137.72,13,ASK
2020-10-30 10:37:02,WMT,137.65,3,BID
2020-10-30 10:37:02,WMT,137.72,13,ASK
2020-10-30 10:37:02,WMT,137.65,3,BID
2020-10-30 10:37:02,WMT,137.72,13,ASK
2020-10-30 10:37:06,WMT,137.65,5,BID
2020-10-30 10:37:06,WMT,137.72,13,ASK
2020-10-30 10:37:06,WMT,137.65,5,BID
2020-10-30 10:37:06,WMT,137.72,13,ASK
2020-10-30 10:37:06,WMT,137.65,5,BID
2020-10-30 10:37:06,WMT,137.72,13,ASK
2020-10-30 10:37:06,WMT,137.65,5,BID
2020-10-30 10:37:06,WMT,137.72,13,ASK
2020-10-30 10:37:10,WMT,137.65,2,BID
2020-10-30 10:37:10,WMT,137.72,7,ASK
2020-10-30 10:37:10,WMT,137.65,2,BID
2020-10-30 10:37:10,WMT,137.72,7,ASK
2020-10-30 10:37:11,WMT,137.65,2,BID
2020-10-30 10:37:10,WMT,137.72,8,ASK
2020-10-30 10:37:13,WMT,137.65,8,BID
2020-10-30 10:37:10,WMT,137.72,8,ASK
2020-10-30 10:37:13,WMT,137.65,8,BID
2020-10-30 10:37:10,WMT,137.72,8,ASK
2020-10-30 10:37:13,WMT,137.65,8,BID
2020-10-30 10:37:10,WMT,137.72,8,ASK
2020-10-30 10:37:13,WMT,137.65,9,BID
2020-10-30 10:37:10,WMT,137.72,8,ASK
2020-10-30 10:37:13,WMT,137.65,9,BID
2020-10-30 10:37:10,WMT,137.72,8,ASK
2020-10-30 10:37:13,WMT,137.65,9,BID
2020-10-30 10:37:10,WMT,137.72,8,ASK
2020-10-30 10:37:18,WMT,137.65,7,BID
2020-10-30 10:37:18,WMT,137.72,8,ASK
2020-10-30 10:37:18,WMT,137.66,12,BID
2020-10-30 10:37:18,WMT,137.72,8,ASK
2020-10-30 10:37:18,WMT,137.66,12,BID
2020-10-30 10:37:18,WMT,137.72,8,ASK
2020-10-30 10:37:22,WMT,137.66,2,BID
2020-10-30 10:37:21,WMT,137.72,14,ASK
2020-10-30 10:37:22,WMT,137.68,2,BID
2020-10-30 10:37:22,WMT,137.72,13,ASK
2020-10-30 10:37:22,WMT,137.7,3,BID
2020-10-30 10:37:22,WMT,137.77,5,ASK
2020-10-30 10:37:23,WMT,137.7,3,BID
2020-10-30 10:37:23,WMT,137.77,5,ASK
2020-10-30 10:37:24,WMT,137.7,4,BID
2020-10-30 10:37:24,WMT,137.77,5,ASK
2020-10-30 10:37:24,WMT,137.7,4,BID
2020-10-30 10:37:24,WMT,137.77,5,ASK
2020-10-30 10:37:24,WMT,137.7,3,BID
2020-10-30 10:37:26,WMT,137.77,5,ASK
2020-10-30 10:37:24,WMT,137.7,3,BID
2020-10-30 10:37:26,WMT,137.77,5,ASK
2020-10-30 10:37:24,WMT,137.7,3,BID
2020-10-30 10:37:26,WMT,137.77,5,ASK
2020-10-30 10:37:29,WMT,137.71,10,BID
2020-10-30 10:37:30,WMT,137.77,1,ASK
2020-10-30 10:37:29,WMT,137.71,10,BID
2020-10-30 10:37:30,WMT,137.77,1,ASK
2020-10-30 10:37:31,WMT,137.74,8,BID
2020-10-30 10:36:34,WMT,137.81,4,ASK
2020-10-30 10:37:31,WMT,137.74,8,BID
2020-10-30 10:36:34,WMT,137.81,4,ASK
2020-10-30 10:37:32,WMT,137.74,9,BID
2020-10-30 10:36:34,WMT,137.81,4,ASK
2020-10-30 10:37:33,WMT,137.77,2,BID
2020-10-30 10:36:34,WMT,137.81,4,ASK
2020-10-30 10:37:33,WMT,137.77,2,BID
2020-10-30 10:36:34,WMT,137.81,4,ASK
2020-10-30 10:37:35,WMT,137.78,1,BID
2020-10-30 10:37:35,WMT,137.84,7,ASK
2020-10-30 10:37:35,WMT,137.75,2,BID
2020-10-30 10:37:35,WMT,137.84,9,ASK
2020-10-30 10:37:36,WMT,137.84,3,BID
2020-10-30 10:37:36,WMT,137.87,3,ASK
2020-10-30 10:37:36,WMT,137.84,3,BID
2020-10-30 10:37:37,WMT,137.88,5,ASK
2020-10-30 10:37:37,WMT,137.85,2,BID
2020-10-30 10:37:37,WMT,137.88,5,ASK
2020-10-30 10:37:38,WMT,137.86,2,BID
2020-10-30 10:37:38,WMT,137.9,7,ASK
2020-10-30 10:37:39,WMT,137.89,2,BID
2020-10-30 10:37:39,WMT,137.94,8,ASK
2020-10-30 10:37:39,WMT,137.9,4,BID
2020-10-30 10:37:39,WMT,137.94,8,ASK
2020-10-30 10:37:39,WMT,137.9,3,BID
2020-10-30 10:37:40,WMT,137.94,8,ASK
2020-10-30 10:37:41,WMT,137.9,4,BID
2020-10-30 10:37:41,WMT,137.96,2,ASK
2020-10-30 10:37:41,WMT,137.9,4,BID
2020-10-30 10:37:41,WMT,137.96,2,ASK
2020-10-30 10:37:43,WMT,137.9,5,BID
2020-10-30 10:37:43,WMT,137.97,12,ASK
2020-10-30 10:37:43,WMT,137.9,5,BID
2020-10-30 10:37:44,WMT,137.96,2,ASK
2020-10-30 10:37:43,WMT,137.9,4,BID
2020-10-30 10:37:45,WMT,137.96,4,ASK
2020-10-30 10:37:43,WMT,137.9,5,BID
2020-10-30 10:37:46,WMT,137.96,4,ASK
2020-10-30 10:37:46,WMT,137.92,2,BID
2020-10-30 10:37:46,WMT,137.96,4,ASK
2020-10-30 10:37:47,WMT,137.92,2,BID
2020-10-30 10:37:47,WMT,137.99,2,ASK
2020-10-30 10:37:47,WMT,137.92,2,BID
2020-10-30 10:37:47,WMT,137.99,2,ASK
2020-10-30 10:37:49,WMT,137.92,12,BID
2020-10-30 10:37:48,WMT,137.99,13,ASK
2020-10-30 10:37:50,WMT,137.93,3,BID
2020-10-30 10:37:50,WMT,137.97,1,ASK
2020-10-30 10:37:50,WMT,137.93,3,BID
2020-10-30 10:37:50,WMT,137.97,1,ASK
2020-10-30 10:37:52,WMT,137.93,3,BID
2020-10-30 10:37:52,WMT,137.98,1,ASK
2020-10-30 10:37:52,WMT,137.93,3,BID
2020-10-30 10:37:52,WMT,137.99,6,ASK
2020-10-30 10:37:52,WMT,137.93,3,BID
2020-10-30 10:37:52,WMT,137.99,6,ASK
2020-10-30 10:37:53,WMT,137.94,4,BID
2020-10-30 10:37:53,WMT,137.99,11,ASK
2020-10-30 10:37:53,WMT,137.94,4,BID
2020-10-30 10:37:53,WMT,137.99,2,ASK
2020-10-30 10:37:54,WMT,137.94,5,BID
2020-10-30 10:37:53,WMT,137.99,2,ASK
2020-10-30 10:37:54,WMT,137.94,4,BID
2020-10-30 10:37:53,WMT,137.99,2,ASK
2020-10-30 10:37:55,WMT,137.95,5,BID
2020-10-30 10:37:55,WMT,137.99,7,ASK
2020-10-30 10:37:55,WMT,137.95,8,BID
2020-10-30 10:37:55,WMT,137.99,7,ASK
2020-10-30 10:37:55,WMT,137.95,8,BID
2020-10-30 10:37:55,WMT,137.99,7,ASK
2020-10-30 10:37:55,WMT,137.95,8,BID
2020-10-30 10:37:58,WMT,137.99,11,ASK
2020-10-30 10:37:55,WMT,137.95,6,BID
2020-10-30 10:38:00,WMT,137.99,8,ASK
2020-10-30 10:38:00,WMT,137.95,6,BID
2020-10-30 10:38:00,WMT,137.99,10,ASK
2020-10-30 10:38:00,WMT,137.95,6,BID
2020-10-30 10:38:01,WMT,137.99,13,ASK
2020-10-30 10:38:00,WMT,137.95,6,BID
2020-10-30 10:38:02,WMT,137.99,11,ASK
2020-10-30 10:38:00,WMT,137.95,6,BID
2020-10-30 10:38:02,WMT,137.99,11,ASK
2020-10-30 10:38:03,WMT,137.95,6,BID
2020-10-30 10:38:03,WMT,137.99,12,ASK
2020-10-30 10:38:03,WMT,137.95,6,BID
2020-10-30 10:38:04,WMT,137.99,8,ASK
2020-10-30 10:38:03,WMT,137.95,6,BID
2020-10-30 10:38:04,WMT,137.99,8,ASK
2020-10-30 10:38:03,WMT,137.95,6,BID
2020-10-30 10:38:04,WMT,137.99,8,ASK
2020-10-30 10:38:03,WMT,137.95,6,BID
2020-10-30 10:38:06,WMT,137.99,10,ASK
2020-10-30 10:38:03,WMT,137.95,6,BID
2020-10-30 10:38:06,WMT,137.99,10,ASK
2020-10-30 10:38:03,WMT,137.95,6,BID
2020-10-30 10:38:06,WMT,137.99,10,ASK
2020-10-30 10:38:09,WMT,137.91,5,BID
2020-10-30 10:38:09,WMT,137.97,5,ASK
2020-10-30 10:38:11,WMT,137.91,4,BID
2020-10-30 10:38:11,WMT,137.97,11,ASK
2020-10-30 10:38:12,WMT,137.88,7,BID
2020-10-30 10:38:12,WMT,137.93,5,ASK
2020-10-30 10:38:12,WMT,137.87,2,BID
2020-10-30 10:38:12,WMT,137.93,16,ASK
2020-10-30 10:38:13,WMT,137.87,3,BID
2020-10-30 10:38:12,WMT,137.93,16,ASK
2020-10-30 10:38:13,WMT,137.89,1,BID
2020-10-30 10:38:13,WMT,137.93,15,ASK
2020-10-30 10:38:14,WMT,137.89,1,BID
2020-10-30 10:38:13,WMT,137.93,15,ASK
2020-10-30 10:38:15,WMT,137.89,3,BID
2020-10-30 10:38:13,WMT,137.93,15,ASK
2020-10-30 10:38:15,WMT,137.89,3,BID
2020-10-30 10:38:13,WMT,137.93,15,ASK
2020-10-30 10:38:15,WMT,137.89,3,BID
2020-10-30 10:38:13,WMT,137.93,15,ASK
2020-10-30 10:38:15,WMT,137.89,3,BID
2020-10-30 10:38:13,WMT,137.93,15,ASK
2020-10-30 10:38:19,WMT,137.89,3,BID
2020-10-30 10:38:12,WMT,137.93,15,ASK
2020-10-30 10:38:19,WMT,137.89,3,BID
2020-10-30 10:38:12,WMT,137.93,15,ASK
2020-10-30 10:38:21,WMT,137.92,1,BID
2020-10-30 10:38:21,WMT,137.94,1,ASK
2020-10-30 10:38:21,WMT,137.9,12,BID
2020-10-30 10:38:22,WMT,137.94,4,ASK
2020-10-30 10:38:21,WMT,137.9,12,BID
2020-10-30 10:38:22,WMT,137.94,4,ASK
2020-10-30 10:38:25,WMT,137.91,1,BID
2020-10-30 10:38:25,WMT,137.94,1,ASK
2020-10-30 10:38:26,WMT,137.93,1,BID
2020-10-30 10:38:26,WMT,137.95,3,ASK
2020-10-30 10:38:28,WMT,137.92,7,BID
2020-10-30 10:38:28,WMT,137.95,3,ASK
2020-10-30 10:38:29,WMT,137.92,7,BID
2020-10-30 10:38:29,WMT,137.95,2,ASK
2020-10-30 10:38:30,WMT,137.92,6,BID
2020-10-30 10:38:30,WMT,137.94,1,ASK
2020-10-30 10:38:31,WMT,137.92,4,BID
2020-10-30 10:38:31,WMT,137.94,1,ASK
2020-10-30 10:38:31,WMT,137.92,4,BID
2020-10-30 10:38:31,WMT,137.94,1,ASK
2020-10-30 10:38:34,WMT,137.91,3,BID
2020-10-30 10:38:34,WMT,137.94,3,ASK
2020-10-30 10:38:35,WMT,137.91,5,BID
2020-10-30 10:38:35,WMT,137.95,3,ASK
2020-10-30 10:38:35,WMT,137.91,5,BID
2020-10-30 10:38:35,WMT,137.94,1,ASK
2020-10-30 10:38:35,WMT,137.91,5,BID
2020-10-30 10:38:35,WMT,137.94,1,ASK
2020-10-30 10:38:37,WMT,137.91,5,BID
2020-10-30 10:38:37,WMT,137.94,1,ASK
2020-10-30 10:38:37,WMT,137.91,5,BID
2020-10-30 10:38:37,WMT,137.97,11,ASK
2020-10-30 10:38:38,WMT,137.91,11,BID
2020-10-30 10:38:38,WMT,137.97,10,ASK
2020-10-30 10:38:39,WMT,137.92,2,BID
2020-10-30 10:38:39,WMT,137.97,10,ASK
2020-10-30 10:38:40,WMT,137.93,3,BID
2020-10-30 10:38:40,WMT,137.97,10,ASK
2020-10-30 10:38:41,WMT,137.93,3,BID
2020-10-30 10:38:41,WMT,137.97,10,ASK
2020-10-30 10:38:42,WMT,137.93,3,BID
2020-10-30 10:38:42,WMT,137.97,11,ASK
2020-10-30 10:38:43,WMT,137.94,2,BID
2020-10-30 10:38:43,WMT,137.97,11,ASK
2020-10-30 10:38:46,WMT,137.95,2,BID
2020-10-30 10:38:46,WMT,137.99,10,ASK
2020-10-30 10:38:47,WMT,137.95,2,BID
2020-10-30 10:38:46,WMT,137.99,10,ASK
2020-10-30 10:38:47,WMT,137.95,2,BID
2020-10-30 10:38:46,WMT,137.99,10,ASK
2020-10-30 10:38:47,WMT,137.95,2,BID
2020-10-30 10:38:46,WMT,137.99,10,ASK
2020-10-30 10:38:50,WMT,137.99,13,BID
2020-10-30 10:38:50,WMT,138.03,10,ASK
2020-10-30 10:38:50,WMT,137.97,2,BID
2020-10-30 10:38:50,WMT,138.04,2,ASK
2020-10-30 10:38:51,WMT,138.02,2,BID
2020-10-30 10:38:51,WMT,138.07,7,ASK
2020-10-30 10:38:51,WMT,138.02,2,BID
2020-10-30 10:38:50,WMT,138.08,14,ASK
2020-10-30 10:38:52,WMT,138.02,2,BID
2020-10-30 10:38:52,WMT,138.08,16,ASK
2020-10-30 10:38:52,WMT,138.02,5,BID
2020-10-30 10:38:52,WMT,138.09,2,ASK
2020-10-30 10:38:52,WMT,138.02,5,BID
2020-10-30 10:38:52,WMT,138.09,2,ASK
2020-10-30 10:38:52,WMT,138.02,5,BID
2020-10-30 10:38:52,WMT,138.09,2,ASK
2020-10-30 10:38:52,WMT,138.02,5,BID
2020-10-30 10:38:52,WMT,138.09,2,ASK
2020-10-30 10:38:56,WMT,138.07,3,BID
2020-10-30 10:38:56,WMT,138.14,14,ASK
2020-10-30 10:38:57,WMT,138.08,2,BID
2020-10-30 10:38:57,WMT,138.14,12,ASK
2020-10-30 10:38:59,WMT,138.08,4,BID
2020-10-30 10:38:59,WMT,138.14,12,ASK
2020-10-30 10:39:00,WMT,138.08,4,BID
2020-10-30 10:39:00,WMT,138.12,3,ASK
2020-10-30 10:39:01,WMT,138.08,4,BID
2020-10-30 10:39:01,WMT,138.13,2,ASK
2020-10-30 10:39:02,WMT,138.09,2,BID
2020-10-30 10:39:01,WMT,138.13,2,ASK
2020-10-30 10:39:02,WMT,138.09,2,BID
2020-10-30 10:39:01,WMT,138.13,2,ASK
2020-10-30 10:39:03,WMT,138.07,6,BID
2020-10-30 10:39:03,WMT,138.13,2,ASK
2020-10-30 10:39:04,WMT,138.07,6,BID
2020-10-30 10:39:04,WMT,138.13,2,ASK
2020-10-30 10:39:04,WMT,138.07,6,BID
2020-10-30 10:39:04,WMT,138.13,2,ASK
2020-10-30 10:39:05,WMT,138.07,5,BID
2020-10-30 10:39:05,WMT,138.12,4,ASK
2020-10-30 10:39:06,WMT,138.08,1,BID
2020-10-30 10:39:06,WMT,138.13,2,ASK
2020-10-30 10:39:07,WMT,138.07,5,BID
2020-10-30 10:39:07,WMT,138.13,2,ASK
2020-10-30 10:39:09,WMT,138.11,14,BID
2020-10-30 10:39:09,WMT,138.16,4,ASK
2020-10-30 10:39:10,WMT,138.09,1,BID
2020-10-30 10:39:10,WMT,138.15,3,ASK
2020-10-30 10:39:10,WMT,138.09,1,BID
2020-10-30 10:39:10,WMT,138.15,3,ASK
2020-10-30 10:39:10,WMT,138.07,6,BID
2020-10-30 10:39:10,WMT,138.14,3,ASK
2020-10-30 10:39:11,WMT,138.08,2,BID
2020-10-30 10:39:11,WMT,138.13,1,ASK
2020-10-30 10:39:13,WMT,138.09,2,BID
2020-10-30 10:39:13,WMT,138.13,3,ASK
2020-10-30 10:39:14,WMT,138.1,4,BID
2020-10-30 10:39:09,WMT,138.16,4,ASK
2020-10-30 10:39:15,WMT,138.1,4,BID
2020-10-30 10:39:15,WMT,138.13,1,ASK
2020-10-30 10:39:17,WMT,138.08,2,BID
2020-10-30 10:39:17,WMT,138.13,1,ASK
2020-10-30 10:39:18,WMT,138.09,2,BID
2020-10-30 10:39:18,WMT,138.13,2,ASK
2020-10-30 10:39:22,WMT,138.09,2,BID
2020-10-30 10:39:22,WMT,138.17,1,ASK
2020-10-30 10:39:22,WMT,138.09,2,BID
2020-10-30 10:39:22,WMT,138.17,1,ASK
2020-10-30 10:39:25,WMT,138.09,2,BID
2020-10-30 10:39:25,WMT,138.2,30,ASK
2020-10-30 10:39:22,WMT,138.08,11,BID
2020-10-30 10:39:28,WMT,138.16,3,ASK
2020-10-30 10:39:28,WMT,138.09,2,BID
2020-10-30 10:39:28,WMT,138.17,3,ASK
2020-10-30 10:39:28,WMT,138.09,2,BID
2020-10-30 10:39:28,WMT,138.17,3,ASK
2020-10-30 10:39:30,WMT,138.1,3,BID
2020-10-30 10:39:30,WMT,138.16,3,ASK
2020-10-30 10:39:32,WMT,138.1,8,BID
2020-10-30 10:39:32,WMT,138.17,3,ASK
2020-10-30 10:39:32,WMT,138.1,8,BID
2020-10-30 10:39:32,WMT,138.17,3,ASK
2020-10-30 10:39:32,WMT,138.1,8,BID
2020-10-30 10:39:32,WMT,138.17,3,ASK
2020-10-30 10:39:33,WMT,138.1,7,BID
2020-10-30 10:39:33,WMT,138.17,3,ASK
2020-10-30 10:39:36,WMT,138.07,11,BID
2020-10-30 10:39:36,WMT,138.11,1,ASK
2020-10-30 10:39:36,WMT,138.06,4,BID
2020-10-30 10:39:37,WMT,138.12,3,ASK
2020-10-30 10:39:36,WMT,138.06,4,BID
2020-10-30 10:39:38,WMT,138.12,11,ASK
2020-10-30 10:39:36,WMT,138.06,4,BID
2020-10-30 10:39:39,WMT,138.11,4,ASK
2020-10-30 10:39:40,WMT,138.06,5,BID
2020-10-30 10:39:41,WMT,138.11,7,ASK
2020-10-30 10:39:40,WMT,138.06,5,BID
2020-10-30 10:39:41,WMT,138.11,7,ASK
2020-10-30 10:39:40,WMT,138.06,5,BID
2020-10-30 10:39:41,WMT,138.11,7,ASK
2020-10-30 10:39:46,WMT,138.06,11,BID
2020-10-30 10:39:46,WMT,138.11,7,ASK
2020-10-30 10:39:46,WMT,138.06,11,BID
2020-10-30 10:39:46,WMT,138.11,7,ASK
2020-10-30 10:39:46,WMT,138.06,11,BID
2020-10-30 10:39:46,WMT,138.11,7,ASK
2020-10-30 10:39:47,WMT,138.07,11,BID
2020-10-30 10:39:47,WMT,138.15,3,ASK
2020-10-30 10:39:47,WMT,138.07,17,BID
2020-10-30 10:39:47,WMT,138.13,1,ASK
2020-10-30 10:39:48,WMT,138.07,17,BID
2020-10-30 10:39:48,WMT,138.14,16,ASK
2020-10-30 10:39:49,WMT,138.07,17,BID
2020-10-30 10:39:49,WMT,138.14,11,ASK
2020-10-30 10:39:51,WMT,138.07,12,BID
2020-10-30 10:39:51,WMT,138.13,3,ASK
2020-10-30 10:39:51,WMT,138.07,12,BID
2020-10-30 10:39:51,WMT,138.13,3,ASK
2020-10-30 10:39:56,WMT,138.09,2,BID
2020-10-30 10:39:56,WMT,138.14,10,ASK
2020-10-30 10:39:56,WMT,138.09,3,BID
2020-10-30 10:39:56,WMT,138.14,10,ASK
2020-10-30 10:39:56,WMT,138.09,3,BID
2020-10-30 10:39:56,WMT,138.14,10,ASK
2020-10-30 10:39:59,WMT,138.09,4,BID
2020-10-30 10:39:59,WMT,138.13,1,ASK
2020-10-30 10:40:00,WMT,138.07,14,BID
2020-10-30 10:40:00,WMT,138.09,3,ASK
2020-10-30 10:40:00,WMT,138.07,14,BID
2020-10-30 10:40:00,WMT,138.09,3,ASK
2020-10-30 10:40:00,WMT,138.07,14,BID
2020-10-30 10:40:00,WMT,138.09,3,ASK
2020-10-30 10:40:00,WMT,138.07,14,BID
2020-10-30 10:40:00,WMT,138.09,3,ASK
2020-10-30 10:40:00,WMT,138.07,14,BID
2020-10-30 10:40:00,WMT,138.09,3,ASK
2020-10-30 10:40:00,WMT,138.07,14,BID
2020-10-30 10:40:00,WMT,138.09,3,ASK
2020-10-30 10:40:00,WMT,138.07,14,BID
2020-10-30 10:40:00,WMT,138.09,3,ASK
2020-10-30 10:40:00,WMT,138.07,14,BID
2020-10-30 10:40:00,WMT,138.09,3,ASK
2020-10-30 10:40:01,WMT,138.07,14,BID
2020-10-30 10:40:01,WMT,138.11,2,ASK
2020-10-30 10:40:01,WMT,138.07,14,BID
2020-10-30 10:40:01,WMT,138.11,2,ASK
2020-10-30 10:40:01,WMT,138.07,14,BID
2020-10-30 10:40:01,WMT,138.11,2,ASK
2020-10-30 10:40:03,WMT,137.99,2,BID
2020-10-30 10:40:03,WMT,138.06,1,ASK
2020-10-30 10:40:03,WMT,138.0,2,BID
2020-10-30 10:40:03,WMT,138.05,1,ASK
2020-10-30 10:40:05,WMT,137.96,2,BID
2020-10-30 10:40:05,WMT,138.02,8,ASK
2020-10-30 10:40:06,WMT,137.96,4,BID
2020-10-30 10:40:07,WMT,138.0,2,ASK
2020-10-30 10:40:06,WMT,137.96,4,BID
2020-10-30 10:40:07,WMT,138.0,2,ASK
2020-10-30 10:40:08,WMT,137.97,2,BID
2020-10-30 10:40:07,WMT,138.0,2,ASK
2020-10-30 10:40:09,WMT,137.99,3,BID
2020-10-30 10:40:09,WMT,138.02,5,ASK
2020-10-30 10:40:10,WMT,137.99,3,BID
2020-10-30 10:40:09,WMT,138.02,5,ASK
2020-10-30 10:40:10,WMT,137.99,3,BID
2020-10-30 10:40:09,WMT,138.02,5,ASK
2020-10-30 10:40:10,WMT,137.99,3,BID
2020-10-30 10:40:09,WMT,138.02,5,ASK
2020-10-30 10:40:13,WMT,137.96,1,BID
2020-10-30 10:40:13,WMT,138.0,1,ASK
2020-10-30 10:40:13,WMT,137.96,1,BID
2020-10-30 10:40:13,WMT,138.0,1,ASK
2020-10-30 10:40:14,WMT,137.92,3,BID
2020-10-30 10:40:14,WMT,137.97,3,ASK
2020-10-30 10:40:14,WMT,137.92,3,BID
2020-10-30 10:40:14,WMT,138.0,2,ASK
2020-10-30 10:40:17,WMT,137.93,1,BID
2020-10-30 10:40:17,WMT,138.0,6,ASK
2020-10-30 10:40:17,WMT,137.93,1,BID
2020-10-30 10:40:17,WMT,138.0,6,ASK
2020-10-30 10:40:17,WMT,137.93,1,BID
2020-10-30 10:40:17,WMT,138.0,6,ASK
2020-10-30 10:40:18,WMT,137.93,3,BID
2020-10-30 10:40:18,WMT,138.0,6,ASK
2020-10-30 10:40:18,WMT,137.93,3,BID
2020-10-30 10:40:18,WMT,138.0,6,ASK
2020-10-30 10:40:18,WMT,137.93,3,BID
2020-10-30 10:40:18,WMT,138.0,6,ASK
2020-10-30 10:40:18,WMT,137.94,1,BID
2020-10-30 10:40:18,WMT,138.0,6,ASK
2020-10-30 10:40:18,WMT,137.94,1,BID
2020-10-30 10:40:18,WMT,138.0,6,ASK
2020-10-30 10:40:19,WMT,137.95,1,BID
2020-10-30 10:40:19,WMT,138.0,6,ASK
2020-10-30 10:40:19,WMT,137.95,1,BID
2020-10-30 10:40:13,WMT,138.0,6,ASK
2020-10-30 10:40:27,WMT,138.0,7,BID
2020-10-30 10:40:28,WMT,138.04,11,ASK
2020-10-30 10:40:30,WMT,137.99,2,BID
2020-10-30 10:40:30,WMT,138.03,1,ASK
2020-10-30 10:40:31,WMT,137.95,3,BID
2020-10-30 10:40:31,WMT,138.0,14,ASK
2020-10-30 10:40:17,WMT,137.93,2,BID
2020-10-30 10:40:32,WMT,137.99,2,ASK
2020-10-30 10:40:32,WMT,137.96,1,BID
2020-10-30 10:40:32,WMT,138.02,1,ASK
2020-10-30 10:40:33,WMT,137.95,1,BID
2020-10-30 10:40:33,WMT,138.02,7,ASK
2020-10-30 10:40:33,WMT,137.93,15,BID
2020-10-30 10:40:34,WMT,138.01,5,ASK
2020-10-30 10:40:35,WMT,137.93,7,BID
2020-10-30 10:40:35,WMT,138.0,12,ASK
2020-10-30 10:40:36,WMT,137.93,8,BID
2020-10-30 10:40:35,WMT,138.0,11,ASK
2020-10-30 10:40:37,WMT,137.93,9,BID
2020-10-30 10:40:37,WMT,138.0,10,ASK
2020-10-30 10:40:38,WMT,137.93,9,BID
2020-10-30 10:40:38,WMT,138.0,10,ASK
2020-10-30 10:40:39,WMT,137.93,13,BID
2020-10-30 10:40:39,WMT,138.0,10,ASK
2020-10-30 10:40:39,WMT,137.93,13,BID
2020-10-30 10:40:39,WMT,138.0,10,ASK
2020-10-30 10:40:41,WMT,137.93,12,BID
2020-10-30 10:40:42,WMT,138.0,10,ASK
2020-10-30 10:40:41,WMT,137.93,12,BID
2020-10-30 10:40:42,WMT,138.0,10,ASK
2020-10-30 10:40:45,WMT,137.97,11,BID
2020-10-30 10:40:45,WMT,138.02,7,ASK
2020-10-30 10:40:46,WMT,137.94,9,BID
2020-10-30 10:40:46,WMT,138.0,2,ASK
2020-10-30 10:40:47,WMT,137.94,9,BID
2020-10-30 10:40:47,WMT,138.0,2,ASK
2020-10-30 10:40:48,WMT,137.94,11,BID
2020-10-30 10:40:48,WMT,138.0,2,ASK
2020-10-30 10:40:48,WMT,137.94,11,BID
2020-10-30 10:40:48,WMT,138.0,2,ASK
2020-10-30 10:40:50,WMT,137.94,5,BID
2020-10-30 10:40:50,WMT,138.0,5,ASK
2020-10-30 10:40:50,WMT,137.94,5,BID
2020-10-30 10:40:51,WMT,138.0,7,ASK
2020-10-30 10:40:50,WMT,137.94,11,BID
2020-10-30 10:40:53,WMT,138.0,8,ASK
2020-10-30 10:40:54,WMT,137.95,3,BID
2020-10-30 10:40:53,WMT,138.0,7,ASK
2020-10-30 10:40:55,WMT,137.98,1,BID
2020-10-30 10:40:55,WMT,138.06,1,ASK
2020-10-30 10:40:55,WMT,138.0,1,BID
2020-10-30 10:40:55,WMT,138.06,11,ASK
2020-10-30 10:40:55,WMT,138.0,1,BID
2020-10-30 10:40:55,WMT,138.05,2,ASK
2020-10-30 10:40:57,WMT,138.0,1,BID
2020-10-30 10:40:57,WMT,138.05,1,ASK
2020-10-30 10:40:57,WMT,138.0,1,BID
2020-10-30 10:40:57,WMT,138.05,1,ASK
2020-10-30 10:40:58,WMT,138.0,2,BID
2020-10-30 10:40:58,WMT,138.05,3,ASK
2020-10-30 10:41:00,WMT,137.96,3,BID
2020-10-30 10:41:00,WMT,137.99,2,ASK
2020-10-30 10:41:02,WMT,137.95,5,BID
2020-10-30 10:41:02,WMT,137.99,3,ASK
2020-10-30 10:41:02,WMT,137.95,5,BID
2020-10-30 10:41:02,WMT,137.99,3,ASK
2020-10-30 10:41:02,WMT,137.95,5,BID
2020-10-30 10:41:02,WMT,137.99,3,ASK
2020-10-30 10:41:02,WMT,137.95,5,BID
2020-10-30 10:41:02,WMT,137.99,3,ASK
2020-10-30 10:41:05,WMT,137.95,5,BID
2020-10-30 10:41:02,WMT,137.99,2,ASK
2020-10-30 10:41:06,WMT,137.95,5,BID
2020-10-30 10:41:02,WMT,137.99,2,ASK
2020-10-30 10:41:06,WMT,137.95,5,BID
2020-10-30 10:41:02,WMT,137.99,2,ASK
2020-10-30 10:41:06,WMT,137.95,5,BID
2020-10-30 10:41:02,WMT,137.99,2,ASK
2020-10-30 10:41:08,WMT,137.95,5,BID
2020-10-30 10:41:02,WMT,137.99,3,ASK
2020-10-30 10:41:08,WMT,137.95,5,BID
2020-10-30 10:41:02,WMT,137.99,3,ASK
2020-10-30 10:41:11,WMT,137.95,4,BID
2020-10-30 10:41:02,WMT,137.99,3,ASK
2020-10-30 10:40:54,WMT,137.94,10,BID
2020-10-30 10:41:13,WMT,137.99,3,ASK
2020-10-30 10:40:54,WMT,137.94,10,BID
2020-10-30 10:41:13,WMT,137.99,3,ASK
2020-10-30 10:38:39,WMT,137.92,4,BID
2020-10-30 10:41:16,WMT,137.93,1,ASK
2020-10-30 10:41:16,WMT,137.93,1,BID
2020-10-30 10:41:15,WMT,137.99,3,ASK
2020-10-30 10:41:17,WMT,137.93,2,BID
2020-10-30 10:41:15,WMT,137.99,3,ASK
2020-10-30 10:41:17,WMT,137.93,2,BID
2020-10-30 10:41:15,WMT,137.99,3,ASK
2020-10-30 10:41:17,WMT,137.93,2,BID
2020-10-30 10:41:15,WMT,137.99,3,ASK
2020-10-30 10:41:19,WMT,137.93,2,BID
2020-10-30 10:41:19,WMT,137.98,2,ASK
2020-10-30 10:41:19,WMT,137.93,2,BID
2020-10-30 10:41:19,WMT,137.98,2,ASK
2020-10-30 10:41:22,WMT,137.89,5,BID
2020-10-30 10:41:22,WMT,137.93,7,ASK
2020-10-30 10:37:36,WMT,137.84,5,BID
2020-10-30 10:41:22,WMT,137.92,2,ASK
2020-10-30 10:41:22,WMT,137.83,1,BID
2020-10-30 10:41:22,WMT,137.88,2,ASK
2020-10-30 10:41:23,WMT,137.8,2,BID
2020-10-30 10:41:23,WMT,137.89,12,ASK
2020-10-30 10:41:23,WMT,137.8,2,BID
2020-10-30 10:41:23,WMT,137.89,12,ASK
2020-10-30 10:41:24,WMT,137.83,2,BID
2020-10-30 10:41:23,WMT,137.89,8,ASK
2020-10-30 10:41:25,WMT,137.82,3,BID
2020-10-30 10:41:23,WMT,137.89,8,ASK
2020-10-30 10:41:25,WMT,137.82,3,BID
2020-10-30 10:41:23,WMT,137.89,8,ASK
2020-10-30 10:41:26,WMT,137.83,1,BID
2020-10-30 10:41:23,WMT,137.89,8,ASK
2020-10-30 10:41:27,WMT,137.83,9,BID
2020-10-30 10:41:27,WMT,137.92,2,ASK
2020-10-30 10:41:27,WMT,137.83,9,BID
2020-10-30 10:41:27,WMT,137.93,13,ASK
2020-10-30 10:41:28,WMT,137.83,10,BID
2020-10-30 10:41:28,WMT,137.92,10,ASK
2020-10-30 10:41:29,WMT,137.84,1,BID
2020-10-30 10:41:30,WMT,137.93,1,ASK
2020-10-30 10:41:31,WMT,137.85,1,BID
2020-10-30 10:41:31,WMT,137.92,11,ASK
2020-10-30 10:41:32,WMT,137.85,1,BID
2020-10-30 10:41:32,WMT,137.92,4,ASK
2020-10-30 10:41:34,WMT,137.84,9,BID
2020-10-30 10:41:33,WMT,137.92,5,ASK
2020-10-30 10:41:35,WMT,137.85,2,BID
2020-10-30 10:41:35,WMT,137.92,5,ASK
2020-10-30 10:41:36,WMT,137.84,6,BID
2020-10-30 10:41:36,WMT,137.91,5,ASK
2020-10-30 10:41:36,WMT,137.85,14,BID
2020-10-30 10:41:36,WMT,137.92,3,ASK
2020-10-30 10:41:36,WMT,137.85,14,BID
2020-10-30 10:41:36,WMT,137.92,3,ASK
2020-10-30 10:41:40,WMT,137.84,7,BID
2020-10-30 10:41:40,WMT,137.91,2,ASK
2020-10-30 10:41:41,WMT,137.84,7,BID
2020-10-30 10:41:41,WMT,137.9,2,ASK
2020-10-30 10:41:41,WMT,137.84,7,BID
2020-10-30 10:41:41,WMT,137.89,1,ASK
2020-10-30 10:41:42,WMT,137.84,7,BID
2020-10-30 10:41:42,WMT,137.9,1,ASK
2020-10-30 10:41:43,WMT,137.85,2,BID
2020-10-30 10:41:43,WMT,137.9,4,ASK
2020-10-30 10:41:44,WMT,137.85,16,BID
2020-10-30 10:41:44,WMT,137.93,13,ASK
2020-10-30 10:41:45,WMT,137.86,1,BID
2020-10-30 10:41:44,WMT,137.93,11,ASK
2020-10-30 10:41:45,WMT,137.86,2,BID
2020-10-30 10:41:44,WMT,137.93,11,ASK
2020-10-30 10:41:45,WMT,137.86,2,BID
2020-10-30 10:41:44,WMT,137.93,11,ASK
2020-10-30 10:41:45,WMT,137.86,2,BID
2020-10-30 10:41:44,WMT,137.93,11,ASK
2020-10-30 10:41:47,WMT,137.86,2,BID
2020-10-30 10:41:47,WMT,137.94,3,ASK
2020-10-30 10:41:49,WMT,137.86,2,BID
2020-10-30 10:41:47,WMT,137.94,3,ASK
2020-10-30 10:41:50,WMT,137.86,4,BID
2020-10-30 10:41:50,WMT,137.95,1,ASK
2020-10-30 10:41:50,WMT,137.84,7,BID
2020-10-30 10:41:50,WMT,137.93,1,ASK
2020-10-30 10:41:50,WMT,137.84,6,BID
2020-10-30 10:41:50,WMT,137.93,2,ASK
2020-10-30 10:41:50,WMT,137.84,6,BID
2020-10-30 10:41:50,WMT,137.93,3,ASK
2020-10-30 10:41:50,WMT,137.84,6,BID
2020-10-30 10:41:50,WMT,137.93,3,ASK
2020-10-30 10:41:52,WMT,137.86,3,BID
2020-10-30 10:41:52,WMT,137.94,3,ASK
2020-10-30 10:41:53,WMT,137.86,3,BID
2020-10-30 10:41:53,WMT,137.92,13,ASK
2020-10-30 10:41:53,WMT,137.86,3,BID
2020-10-30 10:41:53,WMT,137.92,13,ASK
2020-10-30 10:41:55,WMT,137.86,4,BID
2020-10-30 10:41:55,WMT,137.92,13,ASK
2020-10-30 10:41:55,WMT,137.86,4,BID
2020-10-30 10:41:55,WMT,137.92,13,ASK
2020-10-30 10:41:55,WMT,137.86,4,BID
2020-10-30 10:41:55,WMT,137.92,13,ASK
2020-10-30 10:41:55,WMT,137.86,4,BID
2020-10-30 10:41:55,WMT,137.92,13,ASK
2020-10-30 10:41:59,WMT,137.86,5,BID
2020-10-30 10:41:59,WMT,137.91,16,ASK
2020-10-30 10:42:00,WMT,137.81,2,BID
2020-10-30 10:42:00,WMT,137.9,1,ASK
2020-10-30 10:42:00,WMT,137.8,2,BID
2020-10-30 10:42:00,WMT,137.86,1,ASK
2020-10-30 10:42:01,WMT,137.8,1,BID
2020-10-30 10:42:01,WMT,137.88,6,ASK
2020-10-30 10:42:02,WMT,137.79,2,BID
2020-10-30 10:42:02,WMT,137.86,13,ASK
2020-10-30 10:42:02,WMT,137.8,2,BID
2020-10-30 10:42:02,WMT,137.86,17,ASK
2020-10-30 10:42:03,WMT,137.8,3,BID
2020-10-30 10:42:03,WMT,137.86,19,ASK
2020-10-30 10:42:02,WMT,137.79,3,BID
2020-10-30 10:42:04,WMT,137.86,19,ASK
2020-10-30 10:42:04,WMT,137.75,2,BID
2020-10-30 10:42:04,WMT,137.82,1,ASK
2020-10-30 10:37:33,WMT,137.74,11,BID
2020-10-30 10:42:05,WMT,137.82,10,ASK
2020-10-30 10:42:05,WMT,137.74,14,BID
2020-10-30 10:42:05,WMT,137.82,9,ASK
2020-10-30 10:42:06,WMT,137.75,2,BID
2020-10-30 10:42:05,WMT,137.82,9,ASK
2020-10-30 10:42:06,WMT,137.72,3,BID
2020-10-30 10:42:06,WMT,137.81,13,ASK
2020-10-30 10:42:08,WMT,137.72,4,BID
2020-10-30 10:42:08,WMT,137.81,13,ASK
2020-10-30 10:42:09,WMT,137.72,5,BID
2020-10-30 10:42:09,WMT,137.81,14,ASK
2020-10-30 10:42:10,WMT,137.75,2,BID
2020-10-30 10:42:10,WMT,137.81,14,ASK
2020-10-30 10:42:11,WMT,137.75,3,BID
2020-10-30 10:42:11,WMT,137.83,3,ASK
2020-10-30 10:42:12,WMT,137.78,1,BID
2020-10-30 10:42:12,WMT,137.87,2,ASK
2020-10-30 10:42:13,WMT,137.77,16,BID
2020-10-30 10:42:13,WMT,137.87,12,ASK
2020-10-30 10:42:13,WMT,137.77,15,BID
2020-10-30 10:42:13,WMT,137.86,2,ASK
2020-10-30 10:42:15,WMT,137.79,5,BID
2020-10-30 10:42:15,WMT,137.88,10,ASK
2020-10-30 10:42:16,WMT,137.79,6,BID
2020-10-30 10:42:16,WMT,137.87,13,ASK
2020-10-30 10:42:17,WMT,137.79,6,BID
2020-10-30 10:42:17,WMT,137.87,11,ASK
2020-10-30 10:42:17,WMT,137.79,6,BID
2020-10-30 10:42:17,WMT,137.87,11,ASK
2020-10-30 10:42:18,WMT,137.79,8,BID
2020-10-30 10:42:18,WMT,137.87,5,ASK
2020-10-30 10:42:19,WMT,137.79,6,BID
2020-10-30 10:42:19,WMT,137.87,8,ASK
2020-10-30 10:42:21,WMT,137.79,6,BID
2020-10-30 10:42:19,WMT,137.87,8,ASK
2020-10-30 10:42:21,WMT,137.79,7,BID
2020-10-30 10:42:21,WMT,137.88,2,ASK
2020-10-30 10:42:23,WMT,137.79,7,BID
2020-10-30 10:42:23,WMT,137.88,9,ASK
2020-10-30 10:42:25,WMT,137.79,7,BID
2020-10-30 10:42:25,WMT,137.88,11,ASK
2020-10-30 10:42:25,WMT,137.79,7,BID
2020-10-30 10:42:25,WMT,137.88,11,ASK
2020-10-30 10:42:26,WMT,137.8,4,BID
2020-10-30 10:42:26,WMT,137.89,10,ASK
2020-10-30 10:42:28,WMT,137.79,7,BID
2020-10-30 10:42:28,WMT,137.88,2,ASK
2020-10-30 10:42:30,WMT,137.82,3,BID
2020-10-30 10:42:30,WMT,137.91,8,ASK
2020-10-30 10:42:31,WMT,137.82,3,BID
2020-10-30 10:42:31,WMT,137.91,3,ASK
2020-10-30 10:42:31,WMT,137.83,1,BID
2020-10-30 10:42:31,WMT,137.92,8,ASK
2020-10-30 10:42:33,WMT,137.83,1,BID
2020-10-30 10:42:33,WMT,137.9,9,ASK
2020-10-30 10:42:35,WMT,137.82,8,BID
2020-10-30 10:42:35,WMT,137.89,7,ASK
2020-10-30 10:42:36,WMT,137.83,2,BID
2020-10-30 10:42:36,WMT,137.88,1,ASK
2020-10-30 10:42:37,WMT,137.86,4,BID
2020-10-30 10:42:33,WMT,137.91,27,ASK
2020-10-30 10:42:38,WMT,137.84,2,BID
2020-10-30 10:42:38,WMT,137.89,2,ASK
2020-10-30 10:42:38,WMT,137.84,3,BID
2020-10-30 10:42:38,WMT,137.9,14,ASK
2020-10-30 10:42:39,WMT,137.84,3,BID
2020-10-30 10:42:39,WMT,137.9,14,ASK
2020-10-30 10:42:39,WMT,137.84,4,BID
2020-10-30 10:42:40,WMT,137.89,13,ASK
2020-10-30 10:42:36,WMT,137.82,5,BID
2020-10-30 10:42:42,WMT,137.87,13,ASK
2020-10-30 10:42:36,WMT,137.82,5,BID
2020-10-30 10:42:43,WMT,137.86,1,ASK
2020-10-30 10:42:44,WMT,137.82,6,BID
2020-10-30 10:42:44,WMT,137.86,2,ASK
2020-10-30 10:42:29,WMT,137.81,4,BID
2020-10-30 10:42:42,WMT,137.87,12,ASK
2020-10-30 10:42:46,WMT,137.84,1,BID
2020-10-30 10:42:42,WMT,137.87,12,ASK
2020-10-30 10:42:48,WMT,137.82,2,BID
2020-10-30 10:42:48,WMT,137.9,8,ASK
2020-10-30 10:42:50,WMT,137.83,6,BID
2020-10-30 10:42:50,WMT,137.89,1,ASK
2020-10-30 10:42:50,WMT,137.83,6,BID
2020-10-30 10:42:50,WMT,137.91,12,ASK
2020-10-30 10:42:51,WMT,137.83,5,BID
2020-10-30 10:42:52,WMT,137.89,1,ASK
2020-10-30 10:42:51,WMT,137.83,5,BID
2020-10-30 10:42:50,WMT,137.91,6,ASK
2020-10-30 10:42:51,WMT,137.83,5,BID
2020-10-30 10:42:53,WMT,137.9,5,ASK
2020-10-30 10:42:51,WMT,137.83,5,BID
2020-10-30 10:42:50,WMT,137.91,6,ASK
2020-10-30 10:42:51,WMT,137.83,5,BID
2020-10-30 10:42:50,WMT,137.91,5,ASK
2020-10-30 10:42:51,WMT,137.83,5,BID
2020-10-30 10:42:50,WMT,137.91,5,ASK
2020-10-30 10:42:51,WMT,137.83,6,BID
2020-10-30 10:42:50,WMT,137.91,5,ASK
2020-10-30 10:42:58,WMT,137.87,1,BID
2020-10-30 10:42:50,WMT,137.91,5,ASK
2020-10-30 10:42:58,WMT,137.84,13,BID
2020-10-30 10:42:50,WMT,137.91,5,ASK
2020-10-30 10:42:59,WMT,137.87,1,BID
2020-10-30 10:42:59,WMT,137.91,6,ASK
2020-10-30 10:43:00,WMT,137.85,3,BID
2020-10-30 10:43:00,WMT,137.91,20,ASK
2020-10-30 10:43:00,WMT,137.85,3,BID
2020-10-30 10:43:00,WMT,137.91,20,ASK
2020-10-30 10:43:00,WMT,137.88,3,BID
2020-10-30 10:43:00,WMT,137.91,2,ASK
2020-10-30 10:43:00,WMT,137.88,5,BID
2020-10-30 10:43:00,WMT,137.91,2,ASK
2020-10-30 10:43:01,WMT,137.91,4,BID
2020-10-30 10:43:01,WMT,137.97,6,ASK
2020-10-30 10:43:01,WMT,137.91,6,BID
2020-10-30 10:43:01,WMT,137.97,5,ASK
2020-10-30 10:43:01,WMT,137.91,6,BID
2020-10-30 10:43:01,WMT,137.97,5,ASK
2020-10-30 10:43:02,WMT,137.91,6,BID
2020-10-30 10:43:02,WMT,137.97,6,ASK
2020-10-30 10:43:02,WMT,137.91,6,BID
2020-10-30 10:43:02,WMT,137.97,6,ASK
2020-10-30 10:43:02,WMT,137.91,6,BID
2020-10-30 10:43:02,WMT,137.97,6,ASK
2020-10-30 10:43:03,WMT,137.91,7,BID
2020-10-30 10:43:03,WMT,137.98,11,ASK
2020-10-30 10:43:04,WMT,137.91,7,BID
2020-10-30 10:43:04,WMT,137.97,1,ASK
2020-10-30 10:43:04,WMT,137.91,7,BID
2020-10-30 10:43:04,WMT,137.97,1,ASK
2020-10-30 10:43:04,WMT,137.91,7,BID
2020-10-30 10:43:04,WMT,137.97,1,ASK
2020-10-30 10:43:05,WMT,137.91,6,BID
2020-10-30 10:43:05,WMT,137.97,3,ASK
2020-10-30 10:43:05,WMT,137.91,5,BID
2020-10-30 10:43:05,WMT,137.97,3,ASK
2020-10-30 10:43:06,WMT,137.91,6,BID
2020-10-30 10:43:06,WMT,137.97,3,ASK
2020-10-30 10:43:07,WMT,137.9,2,BID
2020-10-30 10:43:07,WMT,137.96,1,ASK
2020-10-30 10:43:07,WMT,137.9,1,BID
2020-10-30 10:43:07,WMT,137.97,6,ASK
2020-10-30 10:43:08,WMT,137.9,1,BID
2020-10-30 10:43:08,WMT,137.97,6,ASK
2020-10-30 10:43:09,WMT,137.89,8,BID
2020-10-30 10:43:09,WMT,137.97,6,ASK
2020-10-30 10:43:09,WMT,137.89,8,BID
2020-10-30 10:43:09,WMT,137.97,6,ASK
2020-10-30 10:43:09,WMT,137.89,8,BID
2020-10-30 10:43:09,WMT,137.97,6,ASK
2020-10-30 10:43:09,WMT,137.89,8,BID
2020-10-30 10:43:09,WMT,137.97,6,ASK
2020-10-30 10:43:09,WMT,137.89,7,BID
2020-10-30 10:43:12,WMT,137.96,3,ASK
2020-10-30 10:43:09,WMT,137.89,7,BID
2020-10-30 10:43:12,WMT,137.96,3,ASK
2020-10-30 10:43:14,WMT,137.9,14,BID
2020-10-30 10:43:14,WMT,137.98,2,ASK
2020-10-30 10:43:14,WMT,137.9,16,BID
2020-10-30 10:43:15,WMT,138.0,8,ASK
2020-10-30 10:43:14,WMT,137.9,12,BID
2020-10-30 10:43:15,WMT,138.0,8,ASK
2020-10-30 10:43:14,WMT,137.9,12,BID
2020-10-30 10:43:15,WMT,138.0,8,ASK
2020-10-30 10:43:17,WMT,137.89,8,BID
2020-10-30 10:43:17,WMT,137.97,12,ASK
2020-10-30 10:43:18,WMT,137.89,8,BID
2020-10-30 10:43:18,WMT,137.96,1,ASK
2020-10-30 10:43:18,WMT,137.89,8,BID
2020-10-30 10:43:17,WMT,137.97,12,ASK
2020-10-30 10:43:18,WMT,137.89,8,BID
2020-10-30 10:43:19,WMT,137.96,1,ASK
2020-10-30 10:43:18,WMT,137.89,8,BID
2020-10-30 10:43:20,WMT,137.96,1,ASK
2020-10-30 10:42:58,WMT,137.83,11,BID
2020-10-30 10:43:21,WMT,137.9,8,ASK
2020-10-30 10:43:21,WMT,137.8,6,BID
2020-10-30 10:43:21,WMT,137.87,10,ASK
2020-10-30 10:43:22,WMT,137.8,7,BID
2020-10-30 10:43:21,WMT,137.87,11,ASK
2020-10-30 10:43:22,WMT,137.8,7,BID
2020-10-30 10:43:22,WMT,137.87,11,ASK
2020-10-30 10:43:23,WMT,137.81,4,BID
2020-10-30 10:43:22,WMT,137.89,10,ASK
2020-10-30 10:42:13,WMT,137.77,16,BID
2020-10-30 10:43:23,WMT,137.83,10,ASK
2020-10-30 10:43:23,WMT,137.76,2,BID
2020-10-30 10:43:23,WMT,137.8,3,ASK
2020-10-30 10:43:23,WMT,137.76,2,BID
2020-10-30 10:43:23,WMT,137.8,3,ASK
2020-10-30 10:43:24,WMT,137.76,2,BID
2020-10-30 10:43:24,WMT,137.8,3,ASK
2020-10-30 10:43:24,WMT,137.76,2,BID
2020-10-30 10:43:24,WMT,137.8,3,ASK
2020-10-30 10:43:25,WMT,137.76,2,BID
2020-10-30 10:43:25,WMT,137.8,4,ASK
2020-10-30 10:43:26,WMT,137.8,1,BID
2020-10-30 10:43:26,WMT,137.84,3,ASK
2020-10-30 10:43:26,WMT,137.8,2,BID
2020-10-30 10:43:27,WMT,137.84,10,ASK
2020-10-30 10:43:28,WMT,137.75,7,BID
2020-10-30 10:43:28,WMT,137.83,13,ASK
2020-10-30 10:43:28,WMT,137.75,7,BID
2020-10-30 10:43:30,WMT,137.82,3,ASK
2020-10-30 10:43:31,WMT,137.76,4,BID
2020-10-30 10:43:31,WMT,137.82,4,ASK
2020-10-30 10:43:31,WMT,137.76,4,BID
2020-10-30 10:43:31,WMT,137.82,4,ASK
2020-10-30 10:43:32,WMT,137.76,4,BID
2020-10-30 10:43:32,WMT,137.82,4,ASK
2020-10-30 10:43:28,WMT,137.75,8,BID
2020-10-30 10:43:32,WMT,137.82,5,ASK
2020-10-30 10:43:28,WMT,137.75,8,BID
2020-10-30 10:43:32,WMT,137.82,5,ASK
2020-10-30 10:43:28,WMT,137.75,8,BID
2020-10-30 10:43:35,WMT,137.81,1,ASK
2020-10-30 10:43:28,WMT,137.75,8,BID
2020-10-30 10:43:36,WMT,137.82,7,ASK
2020-10-30 10:43:28,WMT,137.75,8,BID
2020-10-30 10:43:38,WMT,137.81,12,ASK
2020-10-30 10:43:28,WMT,137.75,8,BID
2020-10-30 10:43:39,WMT,137.81,1,ASK
2020-10-30 10:43:40,WMT,137.72,6,BID
2020-10-30 10:43:40,WMT,137.79,3,ASK
2020-10-30 10:43:40,WMT,137.72,6,BID
2020-10-30 10:43:40,WMT,137.79,6,ASK
2020-10-30 10:43:41,WMT,137.72,6,BID
2020-10-30 10:43:41,WMT,137.79,6,ASK
2020-10-30 10:43:43,WMT,137.75,3,BID
2020-10-30 10:43:41,WMT,137.79,7,ASK
2020-10-30 10:43:43,WMT,137.75,3,BID
2020-10-30 10:43:41,WMT,137.79,7,ASK
2020-10-30 10:43:45,WMT,137.68,5,BID
2020-10-30 10:43:45,WMT,137.7,1,ASK
2020-10-30 10:37:18,WMT,137.65,8,BID
2020-10-30 10:43:46,WMT,137.7,5,ASK
2020-10-30 10:37:18,WMT,137.65,8,BID
2020-10-30 10:43:46,WMT,137.7,5,ASK
2020-10-30 10:37:18,WMT,137.65,8,BID
2020-10-30 10:43:46,WMT,137.7,7,ASK
2020-10-30 10:35:38,WMT,137.62,7,BID
2020-10-30 10:43:47,WMT,137.67,2,ASK
2020-10-30 10:43:47,WMT,137.63,2,BID
2020-10-30 10:43:47,WMT,137.69,11,ASK
2020-10-30 10:43:47,WMT,137.63,2,BID
2020-10-30 10:43:47,WMT,137.68,3,ASK
2020-10-30 10:35:38,WMT,137.62,7,BID
2020-10-30 10:43:48,WMT,137.68,3,ASK
2020-10-30 10:35:38,WMT,137.62,7,BID
2020-10-30 10:43:48,WMT,137.68,3,ASK
2020-10-30 10:35:36,WMT,137.6,4,BID
2020-10-30 10:43:49,WMT,137.68,11,ASK
2020-10-30 10:43:49,WMT,137.64,2,BID
2020-10-30 10:43:49,WMT,137.68,13,ASK
2020-10-30 10:43:49,WMT,137.62,2,BID
2020-10-30 10:43:49,WMT,137.68,13,ASK
2020-10-30 10:43:49,WMT,137.62,2,BID
2020-10-30 10:43:49,WMT,137.68,13,ASK
2020-10-30 10:43:50,WMT,137.62,1,BID
2020-10-30 10:43:50,WMT,137.67,7,ASK
2020-10-30 10:43:50,WMT,137.57,2,BID
2020-10-30 10:43:50,WMT,137.64,3,ASK
2020-10-30 10:43:51,WMT,137.58,2,BID
2020-10-30 10:43:51,WMT,137.64,2,ASK
2020-10-30 10:43:51,WMT,137.5,10,BID
2020-10-30 10:43:51,WMT,137.6,4,ASK
2020-10-30 10:43:51,WMT,137.52,1,BID
2020-10-30 10:43:51,WMT,137.68,4,ASK
2020-10-30 10:43:52,WMT,137.54,3,BID
2020-10-30 10:43:52,WMT,137.67,12,ASK
2020-10-30 10:43:52,WMT,137.54,3,BID
2020-10-30 10:43:52,WMT,137.66,2,ASK
2020-10-30 10:43:52,WMT,137.54,3,BID
2020-10-30 10:43:52,WMT,137.66,11,ASK
2020-10-30 10:43:52,WMT,137.54,3,BID
2020-10-30 10:43:52,WMT,137.65,2,ASK
2020-10-30 10:43:53,WMT,137.54,3,BID
2020-10-30 10:43:53,WMT,137.65,4,ASK
2020-10-30 10:43:53,WMT,137.54,3,BID
2020-10-30 10:43:53,WMT,137.65,4,ASK
2020-10-30 10:43:53,WMT,137.54,3,BID
2020-10-30 10:43:53,WMT,137.65,4,ASK
2020-10-30 10:43:54,WMT,137.54,2,BID
2020-10-30 10:43:54,WMT,137.65,4,ASK
2020-10-30 10:43:55,WMT,137.54,4,BID
2020-10-30 10:43:55,WMT,137.63,1,ASK
2020-10-30 10:43:55,WMT,137.54,4,BID
2020-10-30 10:43:55,WMT,137.63,11,ASK
2020-10-30 10:43:55,WMT,137.54,4,BID
2020-10-30 10:43:55,WMT,137.63,10,ASK
2020-10-30 10:43:55,WMT,137.54,4,BID
2020-10-30 10:43:55,WMT,137.63,10,ASK
2020-10-30 10:43:56,WMT,137.53,2,BID
2020-10-30 10:43:56,WMT,137.62,3,ASK
2020-10-30 10:43:56,WMT,137.53,4,BID
2020-10-30 10:43:56,WMT,137.62,3,ASK
2020-10-30 10:43:56,WMT,137.53,4,BID
2020-10-30 10:43:56,WMT,137.62,3,ASK
2020-10-30 10:43:57,WMT,137.51,6,BID
2020-10-30 10:43:57,WMT,137.55,1,ASK
2020-10-30 10:43:57,WMT,137.52,1,BID
2020-10-30 10:43:57,WMT,137.57,5,ASK
2020-10-30 10:43:57,WMT,137.51,6,BID
2020-10-30 10:43:58,WMT,137.57,5,ASK
2020-10-30 10:43:59,WMT,137.51,6,BID
2020-10-30 10:43:59,WMT,137.61,2,ASK
2020-10-30 10:43:59,WMT,137.52,3,BID
2020-10-30 10:43:59,WMT,137.61,2,ASK
2020-10-30 10:44:00,WMT,137.51,5,BID
2020-10-30 10:44:00,WMT,137.58,2,ASK
2020-10-30 10:44:00,WMT,137.51,5,BID
2020-10-30 10:44:01,WMT,137.58,2,ASK
2020-10-30 10:44:00,WMT,137.51,5,BID
2020-10-30 10:44:01,WMT,137.58,2,ASK
2020-10-30 10:44:00,WMT,137.51,5,BID
2020-10-30 10:44:02,WMT,137.58,2,ASK
2020-10-30 10:44:02,WMT,137.51,5,BID
2020-10-30 10:44:02,WMT,137.58,2,ASK
2020-10-30 10:44:03,WMT,137.51,6,BID
2020-10-30 10:44:03,WMT,137.58,2,ASK
2020-10-30 10:44:03,WMT,137.55,1,BID
2020-10-30 10:43:55,WMT,137.63,9,ASK
2020-10-30 10:44:04,WMT,137.54,3,BID
2020-10-30 10:43:55,WMT,137.63,9,ASK
2020-10-30 10:44:04,WMT,137.54,4,BID
2020-10-30 10:44:04,WMT,137.61,1,ASK
2020-10-30 10:44:05,WMT,137.54,4,BID
2020-10-30 10:44:05,WMT,137.63,5,ASK
2020-10-30 10:44:05,WMT,137.55,2,BID
2020-10-30 10:44:05,WMT,137.62,1,ASK
2020-10-30 10:44:05,WMT,137.55,3,BID
2020-10-30 10:44:05,WMT,137.62,2,ASK
2020-10-30 10:44:06,WMT,137.59,1,BID
2020-10-30 10:44:06,WMT,137.63,8,ASK
2020-10-30 10:44:05,WMT,137.54,4,BID
2020-10-30 10:44:06,WMT,137.63,13,ASK
2020-10-30 10:44:05,WMT,137.54,4,BID
2020-10-30 10:44:06,WMT,137.63,13,ASK
2020-10-30 10:44:05,WMT,137.54,4,BID
2020-10-30 10:44:06,WMT,137.63,13,ASK
2020-10-30 10:44:05,WMT,137.54,4,BID
2020-10-30 10:44:06,WMT,137.63,13,ASK
2020-10-30 10:44:05,WMT,137.54,5,BID
2020-10-30 10:44:06,WMT,137.63,12,ASK
2020-10-30 10:44:05,WMT,137.54,5,BID
2020-10-30 10:44:06,WMT,137.63,12,ASK
2020-10-30 10:44:05,WMT,137.54,5,BID
2020-10-30 10:44:06,WMT,137.63,12,ASK
2020-10-30 10:44:05,WMT,137.54,5,BID
2020-10-30 10:44:06,WMT,137.63,12,ASK
2020-10-30 10:44:05,WMT,137.54,5,BID
2020-10-30 10:44:06,WMT,137.63,12,ASK
2020-10-30 10:44:05,WMT,137.54,5,BID
2020-10-30 10:44:06,WMT,137.63,12,ASK
2020-10-30 10:44:13,WMT,137.6,2,BID
2020-10-30 10:44:13,WMT,137.68,1,ASK
2020-10-30 10:44:15,WMT,137.64,1,BID
2020-10-30 10:44:15,WMT,137.72,13,ASK
2020-10-30 10:44:17,WMT,137.64,3,BID
2020-10-30 10:44:17,WMT,137.72,2,ASK
2020-10-30 10:44:19,WMT,137.64,5,BID
2020-10-30 10:44:19,WMT,137.72,2,ASK
2020-10-30 10:44:20,WMT,137.64,7,BID
2020-10-30 10:44:20,WMT,137.72,4,ASK
2020-10-30 10:44:21,WMT,137.64,8,BID
2020-10-30 10:44:21,WMT,137.72,4,ASK
2020-10-30 10:44:22,WMT,137.64,6,BID
2020-10-30 10:44:23,WMT,137.72,4,ASK
2020-10-30 10:44:22,WMT,137.64,6,BID
2020-10-30 10:44:23,WMT,137.72,4,ASK
2020-10-30 10:44:24,WMT,137.64,8,BID
2020-10-30 10:44:24,WMT,137.71,4,ASK
2020-10-30 10:44:25,WMT,137.64,9,BID
2020-10-30 10:44:25,WMT,137.71,4,ASK
2020-10-30 10:44:25,WMT,137.64,9,BID
2020-10-30 10:44:25,WMT,137.71,4,ASK
2020-10-30 10:44:25,WMT,137.64,9,BID
2020-10-30 10:44:25,WMT,137.71,4,ASK
2020-10-30 10:44:28,WMT,137.69,3,BID
2020-10-30 10:44:28,WMT,137.77,12,ASK
2020-10-30 10:44:30,WMT,137.69,5,BID
2020-10-30 10:44:28,WMT,137.77,12,ASK
2020-10-30 10:44:31,WMT,137.7,1,BID
2020-10-30 10:44:28,WMT,137.77,12,ASK
2020-10-30 10:44:33,WMT,137.7,1,BID
2020-10-30 10:44:32,WMT,137.8,10,ASK
2020-10-30 10:44:34,WMT,137.7,1,BID
2020-10-30 10:44:34,WMT,137.79,1,ASK
2020-10-30 10:44:34,WMT,137.7,1,BID
2020-10-30 10:44:34,WMT,137.79,1,ASK
2020-10-30 10:44:36,WMT,137.69,5,BID
2020-10-30 10:44:36,WMT,137.79,3,ASK
2020-10-30 10:44:38,WMT,137.7,3,BID
2020-10-30 10:44:38,WMT,137.76,2,ASK
2020-10-30 10:44:39,WMT,137.63,4,BID
2020-10-30 10:44:39,WMT,137.71,3,ASK
2020-10-30 10:44:40,WMT,137.55,1,BID
2020-10-30 10:44:40,WMT,137.64,3,ASK
2020-10-30 10:44:40,WMT,137.6,1,BID
2020-10-30 10:44:40,WMT,137.68,2,ASK
2020-10-30 10:44:41,WMT,137.6,1,BID
2020-10-30 10:44:41,WMT,137.69,2,ASK
2020-10-30 10:44:41,WMT,137.6,3,BID
2020-10-30 10:44:41,WMT,137.68,8,ASK
2020-10-30 10:44:41,WMT,137.6,3,BID
2020-10-30 10:44:41,WMT,137.68,8,ASK
2020-10-30 10:44:41,WMT,137.6,3,BID
2020-10-30 10:44:41,WMT,137.68,8,ASK
2020-10-30 10:44:43,WMT,137.6,4,BID
2020-10-30 10:44:43,WMT,137.68,8,ASK
2020-10-30 10:44:44,WMT,137.62,1,BID
2020-10-30 10:44:44,WMT,137.68,9,ASK
2020-10-30 10:44:45,WMT,137.6,3,BID
2020-10-30 10:44:45,WMT,137.69,3,ASK
2020-10-30 10:44:45,WMT,137.6,3,BID
2020-10-30 10:44:45,WMT,137.69,3,ASK
2020-10-30 10:44:45,WMT,137.6,3,BID
2020-10-30 10:44:45,WMT,137.69,3,ASK
2020-10-30 10:44:45,WMT,137.6,3,BID
2020-10-30 10:44:45,WMT,137.69,3,ASK
2020-10-30 10:44:49,WMT,137.62,1,BID
2020-10-30 10:44:49,WMT,137.69,3,ASK
2020-10-30 10:44:49,WMT,137.63,4,BID
2020-10-30 10:44:49,WMT,137.73,4,ASK
2020-10-30 10:44:49,WMT,137.63,4,BID
2020-10-30 10:44:50,WMT,137.73,5,ASK
2020-10-30 10:44:49,WMT,137.63,4,BID
2020-10-30 10:44:51,WMT,137.7,2,ASK
2020-10-30 10:44:52,WMT,137.63,6,BID
2020-10-30 10:44:50,WMT,137.73,7,ASK
2020-10-30 10:44:52,WMT,137.63,6,BID
2020-10-30 10:44:52,WMT,137.7,2,ASK
2020-10-30 10:44:54,WMT,137.63,5,BID
2020-10-30 10:44:54,WMT,137.69,10,ASK
2020-10-30 10:44:54,WMT,137.62,4,BID
2020-10-30 10:44:54,WMT,137.69,2,ASK
2020-10-30 10:44:54,WMT,137.62,4,BID
2020-10-30 10:44:54,WMT,137.69,2,ASK
2020-10-30 10:44:54,WMT,137.62,4,BID
2020-10-30 10:44:54,WMT,137.69,2,ASK
2020-10-30 10:44:54,WMT,137.62,4,BID
2020-10-30 10:44:54,WMT,137.69,2,ASK
2020-10-30 10:44:54,WMT,137.62,4,BID
2020-10-30 10:44:54,WMT,137.69,2,ASK
2020-10-30 10:44:54,WMT,137.62,4,BID
2020-10-30 10:44:54,WMT,137.69,2,ASK
2020-10-30 10:44:54,WMT,137.62,4,BID
2020-10-30 10:44:54,WMT,137.69,2,ASK
2020-10-30 10:44:54,WMT,137.62,4,BID
2020-10-30 10:44:54,WMT,137.69,2,ASK
2020-10-30 10:44:54,WMT,137.62,4,BID
2020-10-30 10:44:54,WMT,137.69,2,ASK
2020-10-30 10:44:54,WMT,137.62,4,BID
2020-10-30 10:44:54,WMT,137.69,2,ASK
2020-10-30 10:44:55,WMT,137.62,4,BID
2020-10-30 10:44:56,WMT,137.71,11,ASK
2020-10-30 10:44:55,WMT,137.62,4,BID
2020-10-30 10:44:57,WMT,137.69,1,ASK
2020-10-30 10:44:59,WMT,137.68,2,BID
2020-10-30 10:44:50,WMT,137.73,14,ASK
2020-10-30 10:45:00,WMT,137.68,3,BID
2020-10-30 10:44:50,WMT,137.73,14,ASK
2020-10-30 10:45:01,WMT,137.68,3,BID
2020-10-30 10:45:01,WMT,137.75,5,ASK
2020-10-30 10:45:01,WMT,137.68,2,BID
2020-10-30 10:45:01,WMT,137.76,5,ASK
2020-10-30 10:45:01,WMT,137.68,2,BID
2020-10-30 10:45:01,WMT,137.76,5,ASK
2020-10-30 10:45:01,WMT,137.68,2,BID
2020-10-30 10:45:01,WMT,137.76,5,ASK
2020-10-30 10:45:01,WMT,137.68,2,BID
2020-10-30 10:45:01,WMT,137.76,5,ASK
2020-10-30 10:45:03,WMT,137.68,2,BID
2020-10-30 10:45:01,WMT,137.76,5,ASK
2020-10-30 10:45:03,WMT,137.68,2,BID
2020-10-30 10:45:01,WMT,137.76,5,ASK
2020-10-30 10:45:03,WMT,137.68,2,BID
2020-10-30 10:45:01,WMT,137.76,5,ASK
2020-10-30 10:45:04,WMT,137.66,1,BID
2020-10-30 10:45:04,WMT,137.72,2,ASK
2020-10-30 10:45:04,WMT,137.62,3,BID
2020-10-30 10:45:04,WMT,137.73,11,ASK
2020-10-30 10:45:04,WMT,137.62,3,BID
2020-10-30 10:45:05,WMT,137.72,16,ASK
2020-10-30 10:45:06,WMT,137.62,4,BID
2020-10-30 10:45:06,WMT,137.72,16,ASK
2020-10-30 10:45:06,WMT,137.62,4,BID
2020-10-30 10:45:06,WMT,137.72,11,ASK
2020-10-30 10:45:07,WMT,137.63,1,BID
2020-10-30 10:45:07,WMT,137.71,5,ASK
2020-10-30 10:45:07,WMT,137.63,1,BID
2020-10-30 10:45:07,WMT,137.71,5,ASK
2020-10-30 10:45:07,WMT,137.63,1,BID
2020-10-30 10:45:07,WMT,137.71,5,ASK
2020-10-30 10:45:10,WMT,137.64,1,BID
2020-10-30 10:45:10,WMT,137.71,3,ASK
2020-10-30 10:45:11,WMT,137.64,3,BID
2020-10-30 10:45:11,WMT,137.71,3,ASK
2020-10-30 10:45:12,WMT,137.58,2,BID
2020-10-30 10:45:12,WMT,137.65,4,ASK
2020-10-30 10:45:13,WMT,137.62,8,BID
2020-10-30 10:45:12,WMT,137.71,8,ASK
2020-10-30 10:45:14,WMT,137.6,2,BID
2020-10-30 10:45:14,WMT,137.69,1,ASK
2020-10-30 10:45:15,WMT,137.6,1,BID
2020-10-30 10:45:15,WMT,137.69,2,ASK
2020-10-30 10:45:16,WMT,137.6,2,BID
2020-10-30 10:45:16,WMT,137.7,2,ASK
2020-10-30 10:45:16,WMT,137.6,4,BID
2020-10-30 10:45:16,WMT,137.7,2,ASK
2020-10-30 10:45:17,WMT,137.6,4,BID
2020-10-30 10:45:17,WMT,137.68,1,ASK
2020-10-30 10:45:18,WMT,137.61,4,BID
2020-10-30 10:45:18,WMT,137.69,4,ASK
2020-10-30 10:45:18,WMT,137.61,4,BID
2020-10-30 10:45:18,WMT,137.69,4,ASK
2020-10-30 10:45:20,WMT,137.6,3,BID
2020-10-30 10:45:20,WMT,137.68,4,ASK
2020-10-30 10:45:20,WMT,137.6,3,BID
2020-10-30 10:45:20,WMT,137.68,4,ASK
2020-10-30 10:45:20,WMT,137.6,3,BID
2020-10-30 10:45:22,WMT,137.67,2,ASK
2020-10-30 10:45:20,WMT,137.6,3,BID
2020-10-30 10:45:22,WMT,137.67,2,ASK
2020-10-30 10:45:20,WMT,137.6,3,BID
2020-10-30 10:45:23,WMT,137.67,3,ASK
2020-10-30 10:45:20,WMT,137.6,3,BID
2020-10-30 10:45:23,WMT,137.67,3,ASK
2020-10-30 10:45:20,WMT,137.6,3,BID
2020-10-30 10:45:24,WMT,137.67,3,ASK
2020-10-30 10:45:25,WMT,137.65,10,BID
2020-10-30 10:45:25,WMT,137.67,3,ASK
2020-10-30 10:45:27,WMT,137.65,10,BID
2020-10-30 10:45:27,WMT,137.69,1,ASK
2020-10-30 10:45:27,WMT,137.65,11,BID
2020-10-30 10:45:12,WMT,137.71,11,ASK
2020-10-30 10:45:27,WMT,137.65,11,BID
2020-10-30 10:45:12,WMT,137.71,11,ASK
2020-10-30 10:45:30,WMT,137.65,11,BID
2020-10-30 10:45:12,WMT,137.71,11,ASK
2020-10-30 10:45:32,WMT,137.65,11,BID
2020-10-30 10:45:32,WMT,137.69,4,ASK
2020-10-30 10:45:33,WMT,137.65,11,BID
2020-10-30 10:45:33,WMT,137.69,4,ASK
2020-10-30 10:45:34,WMT,137.65,12,BID
2020-10-30 10:45:12,WMT,137.71,11,ASK
2020-10-30 10:45:35,WMT,137.66,2,BID
2020-10-30 10:45:12,WMT,137.71,11,ASK
2020-10-30 10:45:35,WMT,137.66,2,BID
2020-10-30 10:45:12,WMT,137.71,11,ASK
2020-10-30 10:45:38,WMT,137.66,1,BID
2020-10-30 10:45:12,WMT,137.71,11,ASK
2020-10-30 10:45:39,WMT,137.66,1,BID
2020-10-30 10:45:12,WMT,137.71,11,ASK
2020-10-30 10:45:40,WMT,137.66,4,BID
2020-10-30 10:45:40,WMT,137.71,3,ASK
2020-10-30 10:45:41,WMT,137.65,11,BID
2020-10-30 10:45:41,WMT,137.7,3,ASK
2020-10-30 10:45:42,WMT,137.65,11,BID
2020-10-30 10:45:42,WMT,137.71,4,ASK
2020-10-30 10:45:43,WMT,137.66,3,BID
2020-10-30 10:45:04,WMT,137.75,4,ASK
2020-10-30 10:45:44,WMT,137.66,3,BID
2020-10-30 10:45:44,WMT,137.74,7,ASK
2020-10-30 10:45:44,WMT,137.66,3,BID
2020-10-30 10:45:44,WMT,137.73,2,ASK
2020-10-30 10:45:45,WMT,137.66,3,BID
2020-10-30 10:45:45,WMT,137.74,8,ASK
2020-10-30 10:45:46,WMT,137.66,3,BID
2020-10-30 10:45:46,WMT,137.75,10,ASK
2020-10-30 10:45:46,WMT,137.66,3,BID
2020-10-30 10:45:46,WMT,137.75,10,ASK
2020-10-30 10:45:46,WMT,137.66,3,BID
2020-10-30 10:45:46,WMT,137.75,10,ASK
2020-10-30 10:45:46,WMT,137.66,3,BID
2020-10-30 10:45:46,WMT,137.75,10,ASK
2020-10-30 10:45:50,WMT,137.7,1,BID
2020-10-30 10:45:50,WMT,137.79,5,ASK
2020-10-30 10:45:51,WMT,137.69,1,BID
2020-10-30 10:45:51,WMT,137.77,2,ASK
2020-10-30 10:45:53,WMT,137.69,3,BID
2020-10-30 10:45:53,WMT,137.78,3,ASK
2020-10-30 10:45:54,WMT,137.69,3,BID
2020-10-30 10:45:54,WMT,137.78,7,ASK
2020-10-30 10:45:56,WMT,137.71,14,BID
2020-10-30 10:45:55,WMT,137.79,7,ASK
2020-10-30 10:45:58,WMT,137.71,14,BID
2020-10-30 10:45:58,WMT,137.79,9,ASK
2020-10-30 10:45:58,WMT,137.71,14,BID
2020-10-30 10:45:58,WMT,137.79,10,ASK
2020-10-30 10:46:00,WMT,137.71,15,BID
2020-10-30 10:46:00,WMT,137.78,1,ASK
2020-10-30 10:46:01,WMT,137.69,1,BID
2020-10-30 10:46:01,WMT,137.78,8,ASK
2020-10-30 10:46:03,WMT,137.69,3,BID
2020-10-30 10:46:01,WMT,137.77,13,ASK
2020-10-30 10:46:03,WMT,137.69,3,BID
2020-10-30 10:46:01,WMT,137.77,14,ASK
2020-10-30 10:46:04,WMT,137.69,3,BID
2020-10-30 10:46:01,WMT,137.77,13,ASK
2020-10-30 10:46:05,WMT,137.69,3,BID
2020-10-30 10:46:01,WMT,137.77,14,ASK
2020-10-30 10:46:05,WMT,137.69,3,BID
2020-10-30 10:46:01,WMT,137.77,14,ASK
2020-10-30 10:46:08,WMT,137.69,10,BID
2020-10-30 10:45:58,WMT,137.79,10,ASK
2020-10-30 10:46:09,WMT,137.7,3,BID
2020-10-30 10:46:09,WMT,137.77,3,ASK
2020-10-30 10:46:10,WMT,137.7,3,BID
2020-10-30 10:46:10,WMT,137.77,2,ASK
2020-10-30 10:46:10,WMT,137.7,3,BID
2020-10-30 10:46:10,WMT,137.77,2,ASK
2020-10-30 10:46:12,WMT,137.71,2,BID
2020-10-30 10:46:09,WMT,137.78,8,ASK
2020-10-30 10:46:12,WMT,137.71,2,BID
2020-10-30 10:46:09,WMT,137.78,8,ASK
2020-10-30 10:46:13,WMT,137.72,2,BID
2020-10-30 10:46:13,WMT,137.77,2,ASK
2020-10-30 10:46:14,WMT,137.71,2,BID
2020-10-30 10:46:14,WMT,137.77,2,ASK
2020-10-30 10:46:15,WMT,137.74,8,BID
2020-10-30 10:46:15,WMT,137.79,7,ASK
2020-10-30 10:46:15,WMT,137.74,8,BID
2020-10-30 10:46:15,WMT,137.79,7,ASK
2020-10-30 10:46:15,WMT,137.74,8,BID
2020-10-30 10:46:15,WMT,137.79,7,ASK
2020-10-30 10:46:15,WMT,137.74,8,BID
2020-10-30 10:46:15,WMT,137.79,7,ASK
2020-10-30 10:46:18,WMT,137.75,1,BID
2020-10-30 10:43:38,WMT,137.82,14,ASK
2020-10-30 10:46:19,WMT,137.73,1,BID
2020-10-30 10:46:19,WMT,137.8,1,ASK
2020-10-30 10:46:19,WMT,137.7,1,BID
2020-10-30 10:46:19,WMT,137.78,8,ASK
2020-10-30 10:46:19,WMT,137.7,1,BID
2020-10-30 10:46:19,WMT,137.78,8,ASK
2020-10-30 10:46:19,WMT,137.7,1,BID
2020-10-30 10:46:19,WMT,137.78,8,ASK
2020-10-30 10:46:20,WMT,137.7,6,BID
2020-10-30 10:46:20,WMT,137.79,6,ASK
2020-10-30 10:46:20,WMT,137.7,6,BID
2020-10-30 10:46:21,WMT,137.79,7,ASK
2020-10-30 10:46:22,WMT,137.71,5,BID
2020-10-30 10:46:22,WMT,137.79,5,ASK
2020-10-30 10:46:23,WMT,137.7,6,BID
2020-10-30 10:46:23,WMT,137.77,1,ASK
2020-10-30 10:46:24,WMT,137.7,6,BID
2020-10-30 10:46:24,WMT,137.77,4,ASK
2020-10-30 10:46:24,WMT,137.7,5,BID
2020-10-30 10:46:24,WMT,137.78,5,ASK
2020-10-30 10:46:25,WMT,137.66,2,BID
2020-10-30 10:46:25,WMT,137.75,2,ASK
2020-10-30 10:46:26,WMT,137.66,3,BID
2020-10-30 10:46:26,WMT,137.76,4,ASK
2020-10-30 10:46:27,WMT,137.66,3,BID
2020-10-30 10:46:27,WMT,137.76,3,ASK
2020-10-30 10:46:28,WMT,137.68,2,BID
2020-10-30 10:46:28,WMT,137.75,2,ASK
2020-10-30 10:46:28,WMT,137.68,2,BID
2020-10-30 10:46:28,WMT,137.75,2,ASK
2020-10-30 10:46:30,WMT,137.68,2,BID
2020-10-30 10:46:30,WMT,137.76,5,ASK
2020-10-30 10:46:31,WMT,137.69,1,BID
2020-10-30 10:46:31,WMT,137.78,12,ASK
2020-10-30 10:46:32,WMT,137.7,1,BID
2020-10-30 10:46:32,WMT,137.78,12,ASK
2020-10-30 10:46:33,WMT,137.7,15,BID
2020-10-30 10:46:33,WMT,137.78,12,ASK
2020-10-30 10:46:35,WMT,137.7,12,BID
2020-10-30 10:46:35,WMT,137.79,1,ASK
2020-10-30 10:46:35,WMT,137.7,12,BID
2020-10-30 10:46:21,WMT,137.8,17,ASK
2020-10-30 10:46:36,WMT,137.7,9,BID
2020-10-30 10:46:21,WMT,137.8,17,ASK
2020-10-30 10:46:36,WMT,137.7,9,BID
2020-10-30 10:46:21,WMT,137.8,17,ASK
2020-10-30 10:46:39,WMT,137.71,4,BID
2020-10-30 10:46:38,WMT,137.8,16,ASK
2020-10-30 10:46:39,WMT,137.7,7,BID
2020-10-30 10:46:39,WMT,137.79,3,ASK
2020-10-30 10:46:40,WMT,137.7,8,BID
2020-10-30 10:46:41,WMT,137.78,3,ASK
2020-10-30 10:46:40,WMT,137.7,8,BID
2020-10-30 10:46:41,WMT,137.78,3,ASK
2020-10-30 10:46:40,WMT,137.7,8,BID
2020-10-30 10:46:41,WMT,137.78,3,ASK
2020-10-30 10:46:44,WMT,137.7,7,BID
2020-10-30 10:46:44,WMT,137.75,2,ASK
2020-10-30 10:46:44,WMT,137.7,7,BID
2020-10-30 10:46:44,WMT,137.75,2,ASK
2020-10-30 10:46:45,WMT,137.7,7,BID
2020-10-30 10:46:43,WMT,137.78,4,ASK
2020-10-30 10:46:46,WMT,137.7,7,BID
2020-10-30 10:46:46,WMT,137.77,2,ASK
2020-10-30 10:46:48,WMT,137.7,8,BID
2020-10-30 10:46:48,WMT,137.77,2,ASK
2020-10-30 10:46:48,WMT,137.7,8,BID
2020-10-30 10:46:48,WMT,137.77,2,ASK
2020-10-30 10:46:48,WMT,137.7,8,BID
2020-10-30 10:46:48,WMT,137.77,2,ASK
2020-10-30 10:46:48,WMT,137.7,8,BID
2020-10-30 10:46:48,WMT,137.77,2,ASK
2020-10-30 10:46:48,WMT,137.7,8,BID
2020-10-30 10:46:48,WMT,137.77,2,ASK
2020-10-30 10:46:48,WMT,137.7,8,BID
2020-10-30 10:46:48,WMT,137.77,2,ASK
2020-10-30 10:46:48,WMT,137.7,8,BID
2020-10-30 10:46:48,WMT,137.77,2,ASK
2020-10-30 10:46:48,WMT,137.7,8,BID
2020-10-30 10:46:48,WMT,137.77,2,ASK
2020-10-30 10:46:48,WMT,137.7,8,BID
2020-10-30 10:46:48,WMT,137.77,2,ASK
2020-10-30 10:46:48,WMT,137.7,8,BID
2020-10-30 10:46:48,WMT,137.77,2,ASK
2020-10-30 10:46:48,WMT,137.7,8,BID
2020-10-30 10:46:48,WMT,137.77,2,ASK
2020-10-30 10:46:48,WMT,137.7,8,BID
2020-10-30 10:46:48,WMT,137.77,2,ASK
2020-10-30 10:46:48,WMT,137.7,8,BID
2020-10-30 10:46:48,WMT,137.77,2,ASK
2020-10-30 10:46:48,WMT,137.7,8,BID
2020-10-30 10:46:48,WMT,137.77,2,ASK
2020-10-30 10:46:48,WMT,137.7,8,BID
2020-10-30 10:46:48,WMT,137.77,2,ASK
2020-10-30 10:46:48,WMT,137.7,8,BID
2020-10-30 10:46:48,WMT,137.77,2,ASK
2020-10-30 10:46:48,WMT,137.7,8,BID
2020-10-30 10:46:48,WMT,137.77,2,ASK
2020-10-30 10:46:48,WMT,137.7,8,BID
2020-10-30 10:46:48,WMT,137.77,2,ASK
2020-10-30 10:46:48,WMT,137.7,8,BID
2020-10-30 10:46:48,WMT,137.77,2,ASK
2020-10-30 10:46:48,WMT,137.7,8,BID
2020-10-30 10:46:48,WMT,137.77,2,ASK
2020-10-30 10:46:48,WMT,137.7,8,BID
2020-10-30 10:46:48,WMT,137.77,2,ASK
2020-10-30 10:46:48,WMT,137.7,8,BID
2020-10-30 10:46:48,WMT,137.77,2,ASK
2020-10-30 10:46:35,WMT,137.7,8,BID
2020-10-30 10:46:48,WMT,137.77,2,ASK
2020-10-30 10:46:35,WMT,137.7,8,BID
2020-10-30 10:46:48,WMT,137.77,2,ASK
2020-10-30 10:46:35,WMT,137.7,8,BID
2020-10-30 10:46:48,WMT,137.77,2,ASK
2020-10-30 10:46:35,WMT,137.7,8,BID
2020-10-30 10:46:48,WMT,137.77,2,ASK
2020-10-30 10:46:35,WMT,137.7,8,BID
2020-10-30 10:46:48,WMT,137.77,2,ASK
2020-10-30 10:46:35,WMT,137.7,8,BID
2020-10-30 10:46:48,WMT,137.77,2,ASK
2020-10-30 10:46:35,WMT,137.7,8,BID
2020-10-30 10:46:48,WMT,137.77,2,ASK
2020-10-30 10:46:35,WMT,137.7,8,BID
2020-10-30 10:46:48,WMT,137.77,2,ASK
2020-10-30 10:46:35,WMT,137.7,7,BID
2020-10-30 10:46:58,WMT,137.76,2,ASK
2020-10-30 10:46:35,WMT,137.7,7,BID
2020-10-30 10:46:55,WMT,137.77,3,ASK
2020-10-30 10:46:35,WMT,137.7,7,BID
2020-10-30 10:47:00,WMT,137.77,10,ASK
2020-10-30 10:46:35,WMT,137.7,7,BID
2020-10-30 10:47:02,WMT,137.76,7,ASK
2020-10-30 10:46:35,WMT,137.7,7,BID
2020-10-30 10:47:02,WMT,137.76,7,ASK
2020-10-30 10:46:35,WMT,137.7,7,BID
2020-10-30 10:47:02,WMT,137.76,7,ASK
2020-10-30 10:46:35,WMT,137.7,7,BID
2020-10-30 10:47:02,WMT,137.76,7,ASK
2020-10-30 10:46:35,WMT,137.7,7,BID
2020-10-30 10:47:02,WMT,137.76,7,ASK
2020-10-30 10:46:35,WMT,137.7,7,BID
2020-10-30 10:47:02,WMT,137.76,7,ASK
2020-10-30 10:46:35,WMT,137.7,7,BID
2020-10-30 10:47:02,WMT,137.76,7,ASK
2020-10-30 10:47:02,WMT,137.6,1,BID
2020-10-30 10:47:02,WMT,137.76,7,ASK
2020-10-30 10:47:02,WMT,137.7,7,BID
2020-10-30 10:47:07,WMT,137.75,1,ASK
2020-10-30 10:47:07,WMT,137.69,4,BID
2020-10-30 10:47:07,WMT,137.75,4,ASK
2020-10-30 10:47:07,WMT,137.67,1,BID
2020-10-30 10:47:07,WMT,137.72,1,ASK
2020-10-30 10:47:08,WMT,137.67,1,BID
2020-10-30 10:47:08,WMT,137.72,1,ASK
2020-10-30 10:47:08,WMT,137.67,1,BID
2020-10-30 10:47:08,WMT,137.72,1,ASK
2020-10-30 10:47:08,WMT,137.67,1,BID
2020-10-30 10:47:08,WMT,137.73,3,ASK
2020-10-30 10:47:08,WMT,137.67,1,BID
2020-10-30 10:47:08,WMT,137.73,3,ASK
2020-10-30 10:47:08,WMT,137.67,1,BID
2020-10-30 10:47:08,WMT,137.73,3,ASK
2020-10-30 10:47:09,WMT,137.67,1,BID
2020-10-30 10:47:09,WMT,137.73,3,ASK
2020-10-30 10:47:09,WMT,137.67,3,BID
2020-10-30 10:47:09,WMT,137.73,3,ASK
2020-10-30 10:47:09,WMT,137.68,1,BID
2020-10-30 10:47:09,WMT,137.73,4,ASK
2020-10-30 10:47:09,WMT,137.67,3,BID
2020-10-30 10:47:09,WMT,137.73,4,ASK
2020-10-30 10:47:09,WMT,137.67,3,BID
2020-10-30 10:47:10,WMT,137.73,4,ASK
2020-10-30 10:47:09,WMT,137.67,3,BID
2020-10-30 10:47:10,WMT,137.73,4,ASK
2020-10-30 10:47:12,WMT,137.7,2,BID
2020-10-30 10:47:12,WMT,137.77,7,ASK
2020-10-30 10:47:12,WMT,137.7,2,BID
2020-10-30 10:47:12,WMT,137.77,7,ASK
2020-10-30 10:47:13,WMT,137.7,2,BID
2020-10-30 10:47:13,WMT,137.78,9,ASK
2020-10-30 10:47:13,WMT,137.7,2,BID
2020-10-30 10:47:13,WMT,137.78,9,ASK
2020-10-30 10:47:13,WMT,137.7,2,BID
2020-10-30 10:47:13,WMT,137.78,9,ASK
2020-10-30 10:47:18,WMT,137.69,2,BID
2020-10-30 10:47:18,WMT,137.78,9,ASK
2020-10-30 10:47:19,WMT,137.69,3,BID
2020-10-30 10:47:19,WMT,137.78,9,ASK
2020-10-30 10:47:21,WMT,137.67,2,BID
2020-10-30 10:47:21,WMT,137.74,9,ASK
2020-10-30 10:47:21,WMT,137.67,2,BID
2020-10-30 10:47:21,WMT,137.74,8,ASK
2020-10-30 10:47:22,WMT,137.67,2,BID
2020-10-30 10:47:23,WMT,137.74,7,ASK
2020-10-30 10:47:23,WMT,137.67,3,BID
2020-10-30 10:47:23,WMT,137.74,8,ASK
2020-10-30 10:47:23,WMT,137.67,3,BID
2020-10-30 10:47:23,WMT,137.74,8,ASK
2020-10-30 10:47:24,WMT,137.67,5,BID
2020-10-30 10:47:21,WMT,137.78,9,ASK
2020-10-30 10:47:25,WMT,137.69,3,BID
2020-10-30 10:47:26,WMT,137.77,1,ASK
2020-10-30 10:47:27,WMT,137.74,5,BID
2020-10-30 10:47:27,WMT,137.79,2,ASK
2020-10-30 10:47:27,WMT,137.74,5,BID
2020-10-30 10:47:28,WMT,137.79,3,ASK
2020-10-30 10:47:27,WMT,137.74,5,BID
2020-10-30 10:47:30,WMT,137.79,3,ASK
2020-10-30 10:47:30,WMT,137.74,5,BID
2020-10-30 10:47:30,WMT,137.78,2,ASK
2020-10-30 10:47:32,WMT,137.79,1,BID
2020-10-30 10:47:02,WMT,137.82,13,ASK
2020-10-30 10:47:33,WMT,137.76,11,BID
2020-10-30 10:47:33,WMT,137.82,2,ASK
2020-10-30 10:47:34,WMT,137.74,4,BID
2020-10-30 10:47:35,WMT,137.83,2,ASK
2020-10-30 10:47:34,WMT,137.74,3,BID
2020-10-30 10:47:36,WMT,137.82,3,ASK
2020-10-30 10:47:24,WMT,137.67,5,BID
2020-10-30 10:47:37,WMT,137.74,2,ASK
2020-10-30 10:47:37,WMT,137.65,10,BID
2020-10-30 10:47:37,WMT,137.73,3,ASK
2020-10-30 10:47:38,WMT,137.65,10,BID
2020-10-30 10:47:38,WMT,137.71,2,ASK
2020-10-30 10:47:38,WMT,137.65,10,BID
2020-10-30 10:47:38,WMT,137.71,3,ASK
2020-10-30 10:47:40,WMT,137.62,3,BID
2020-10-30 10:47:40,WMT,137.71,4,ASK
2020-10-30 10:47:41,WMT,137.58,8,BID
2020-10-30 10:47:41,WMT,137.69,11,ASK
2020-10-30 10:47:41,WMT,137.59,2,BID
2020-10-30 10:47:41,WMT,137.65,1,ASK
2020-10-30 10:47:41,WMT,137.59,2,BID
2020-10-30 10:47:41,WMT,137.65,1,ASK
2020-10-30 10:47:41,WMT,137.58,6,BID
2020-10-30 10:47:43,WMT,137.68,10,ASK
2020-10-30 10:47:45,WMT,137.58,2,BID
2020-10-30 10:47:45,WMT,137.67,13,ASK
2020-10-30 10:47:45,WMT,137.59,1,BID
2020-10-30 10:47:45,WMT,137.66,11,ASK
2020-10-30 10:47:46,WMT,137.57,1,BID
2020-10-30 10:47:46,WMT,137.64,6,ASK
2020-10-30 10:47:47,WMT,137.53,2,BID
2020-10-30 10:47:47,WMT,137.65,12,ASK
2020-10-30 10:47:48,WMT,137.54,2,BID
2020-10-30 10:47:48,WMT,137.64,6,ASK
2020-10-30 10:47:49,WMT,137.55,3,BID
2020-10-30 10:47:49,WMT,137.64,8,ASK
2020-10-30 10:47:50,WMT,137.54,2,BID
2020-10-30 10:47:50,WMT,137.63,5,ASK
2020-10-30 10:47:51,WMT,137.54,2,BID
2020-10-30 10:47:51,WMT,137.61,1,ASK
2020-10-30 10:47:52,WMT,137.53,3,BID
2020-10-30 10:47:51,WMT,137.62,8,ASK
2020-10-30 10:47:52,WMT,137.52,1,BID
2020-10-30 10:47:52,WMT,137.61,5,ASK
2020-10-30 10:47:53,WMT,137.52,1,BID
2020-10-30 10:47:53,WMT,137.58,1,ASK
2020-10-30 10:47:54,WMT,137.52,1,BID
2020-10-30 10:47:53,WMT,137.61,9,ASK
2020-10-30 10:47:55,WMT,137.53,1,BID
2020-10-30 10:47:55,WMT,137.62,1,ASK
2020-10-30 10:47:56,WMT,137.53,2,BID
2020-10-30 10:47:56,WMT,137.62,8,ASK
2020-10-30 10:47:57,WMT,137.5,10,BID
2020-10-30 10:47:57,WMT,137.59,2,ASK
2020-10-30 10:47:58,WMT,137.51,14,BID
2020-10-30 10:47:58,WMT,137.59,5,ASK
2020-10-30 10:47:58,WMT,137.51,18,BID
2020-10-30 10:47:58,WMT,137.58,2,ASK
2020-10-30 10:48:00,WMT,137.53,1,BID
2020-10-30 10:47:58,WMT,137.59,7,ASK
2020-10-30 10:47:59,WMT,137.52,11,BID
2020-10-30 10:47:58,WMT,137.59,6,ASK
2020-10-30 10:48:01,WMT,137.53,1,BID
2020-10-30 10:47:58,WMT,137.59,7,ASK
2020-10-30 10:48:01,WMT,137.52,12,BID
2020-10-30 10:47:58,WMT,137.59,8,ASK
2020-10-30 10:48:01,WMT,137.52,12,BID
2020-10-30 10:47:58,WMT,137.59,8,ASK
2020-10-30 10:48:04,WMT,137.51,18,BID
2020-10-30 10:48:04,WMT,137.59,10,ASK
2020-10-30 10:48:04,WMT,137.51,13,BID
2020-10-30 10:48:04,WMT,137.59,10,ASK
2020-10-30 10:48:06,WMT,137.52,1,BID
2020-10-30 10:48:04,WMT,137.59,10,ASK
2020-10-30 10:48:07,WMT,137.52,10,BID
2020-10-30 10:48:08,WMT,137.59,9,ASK
2020-10-30 10:48:07,WMT,137.52,3,BID
2020-10-30 10:48:08,WMT,137.59,9,ASK
2020-10-30 10:48:07,WMT,137.52,3,BID
2020-10-30 10:48:08,WMT,137.59,9,ASK
2020-10-30 10:48:10,WMT,137.52,9,BID
2020-10-30 10:48:10,WMT,137.59,9,ASK
2020-10-30 10:48:11,WMT,137.52,9,BID
2020-10-30 10:48:10,WMT,137.59,9,ASK
2020-10-30 10:48:13,WMT,137.52,13,BID
2020-10-30 10:48:10,WMT,137.59,9,ASK
2020-10-30 10:48:13,WMT,137.52,13,BID
2020-10-30 10:48:10,WMT,137.59,9,ASK
2020-10-30 10:48:13,WMT,137.52,13,BID
2020-10-30 10:48:10,WMT,137.59,9,ASK
2020-10-30 10:48:17,WMT,137.52,12,BID
2020-10-30 10:48:17,WMT,137.59,9,ASK
2020-10-30 10:48:17,WMT,137.52,12,BID
2020-10-30 10:48:17,WMT,137.59,9,ASK
2020-10-30 10:48:19,WMT,137.52,12,BID
2020-10-30 10:48:19,WMT,137.59,9,ASK
2020-10-30 10:48:20,WMT,137.52,12,BID
2020-10-30 10:48:20,WMT,137.59,9,ASK
2020-10-30 10:48:20,WMT,137.52,12,BID
2020-10-30 10:48:20,WMT,137.59,9,ASK
2020-10-30 10:48:20,WMT,137.52,12,BID
2020-10-30 10:48:20,WMT,137.59,9,ASK
2020-10-30 10:48:24,WMT,137.53,1,BID
2020-10-30 10:48:24,WMT,137.58,4,ASK
2020-10-30 10:48:24,WMT,137.53,1,BID
2020-10-30 10:48:24,WMT,137.58,4,ASK
2020-10-30 10:48:24,WMT,137.53,1,BID
2020-10-30 10:48:24,WMT,137.58,4,ASK
2020-10-30 10:48:27,WMT,137.53,12,BID
2020-10-30 10:48:27,WMT,137.58,5,ASK
2020-10-30 10:48:28,WMT,137.53,3,BID
2020-10-30 10:48:28,WMT,137.58,5,ASK
2020-10-30 10:48:28,WMT,137.53,3,BID
2020-10-30 10:48:30,WMT,137.58,5,ASK
2020-10-30 10:48:31,WMT,137.54,2,BID
2020-10-30 10:48:23,WMT,137.59,8,ASK
2020-10-30 10:48:31,WMT,137.54,2,BID
2020-10-30 10:48:31,WMT,137.59,8,ASK
2020-10-30 10:48:34,WMT,137.54,4,BID
2020-10-30 10:48:34,WMT,137.57,13,ASK
2020-10-30 10:48:35,WMT,137.53,7,BID
2020-10-30 10:48:35,WMT,137.61,8,ASK
2020-10-30 10:48:35,WMT,137.53,7,BID
2020-10-30 10:48:35,WMT,137.61,8,ASK
2020-10-30 10:48:35,WMT,137.53,7,BID
2020-10-30 10:48:35,WMT,137.61,8,ASK
2020-10-30 10:48:41,WMT,137.54,2,BID
2020-10-30 10:48:41,WMT,137.61,8,ASK
2020-10-30 10:48:41,WMT,137.54,2,BID
2020-10-30 10:48:41,WMT,137.61,8,ASK
2020-10-30 10:48:41,WMT,137.54,2,BID
2020-10-30 10:48:41,WMT,137.61,8,ASK
2020-10-30 10:48:45,WMT,137.54,4,BID
2020-10-30 10:48:45,WMT,137.6,1,ASK
2020-10-30 10:48:30,WMT,137.53,7,BID
2020-10-30 10:48:46,WMT,137.59,8,ASK
2020-10-30 10:48:47,WMT,137.55,2,BID
2020-10-30 10:48:47,WMT,137.62,10,ASK
2020-10-30 10:48:47,WMT,137.55,2,BID
2020-10-30 10:48:47,WMT,137.62,10,ASK
2020-10-30 10:48:30,WMT,137.53,7,BID
2020-10-30 10:48:50,WMT,137.59,3,ASK
2020-10-30 10:48:51,WMT,137.56,13,BID
2020-10-30 10:48:52,WMT,137.61,3,ASK
2020-10-30 10:48:53,WMT,137.54,2,BID
2020-10-30 10:48:53,WMT,137.61,4,ASK
2020-10-30 10:48:54,WMT,137.54,13,BID
2020-10-30 10:48:54,WMT,137.62,11,ASK
2020-10-30 10:48:30,WMT,137.53,8,BID
2020-10-30 10:48:57,WMT,137.61,11,ASK
2020-10-30 10:48:58,WMT,137.51,1,BID
2020-10-30 10:48:58,WMT,137.6,3,ASK
2020-10-30 10:48:58,WMT,137.5,16,BID
2020-10-30 10:48:58,WMT,137.58,2,ASK
2020-10-30 10:49:00,WMT,137.5,16,BID
2020-10-30 10:49:00,WMT,137.56,2,ASK
2020-10-30 10:49:01,WMT,137.51,13,BID
2020-10-30 10:49:01,WMT,137.59,12,ASK
2020-10-30 10:49:01,WMT,137.51,9,BID
2020-10-30 10:49:01,WMT,137.58,6,ASK
2020-10-30 10:49:01,WMT,137.51,9,BID
2020-10-30 10:49:01,WMT,137.58,6,ASK
2020-10-30 10:49:01,WMT,137.51,9,BID
2020-10-30 10:49:01,WMT,137.58,6,ASK
2020-10-30 10:49:01,WMT,137.51,9,BID
2020-10-30 10:49:01,WMT,137.58,6,ASK
2020-10-30 10:49:01,WMT,137.51,9,BID
2020-10-30 10:49:01,WMT,137.58,6,ASK
2020-10-30 10:49:01,WMT,137.51,9,BID
2020-10-30 10:49:01,WMT,137.58,6,ASK
2020-10-30 10:49:01,WMT,137.51,9,BID
2020-10-30 10:49:01,WMT,137.58,6,ASK
2020-10-30 10:49:01,WMT,137.51,9,BID
2020-10-30 10:49:01,WMT,137.58,6,ASK
2020-10-30 10:49:01,WMT,137.51,9,BID
2020-10-30 10:49:01,WMT,137.58,6,ASK
2020-10-30 10:49:01,WMT,137.51,9,BID
2020-10-30 10:49:01,WMT,137.58,6,ASK
2020-10-30 10:49:01,WMT,137.51,9,BID
2020-10-30 10:49:01,WMT,137.58,6,ASK
2020-10-30 10:49:01,WMT,137.51,9,BID
2020-10-30 10:49:01,WMT,137.58,6,ASK
2020-10-30 10:49:01,WMT,137.51,9,BID
2020-10-30 10:49:01,WMT,137.58,6,ASK
2020-10-30 10:49:01,WMT,137.51,9,BID
2020-10-30 10:49:01,WMT,137.58,6,ASK
2020-10-30 10:49:01,WMT,137.51,9,BID
2020-10-30 10:49:01,WMT,137.58,6,ASK
2020-10-30 10:49:01,WMT,137.51,9,BID
2020-10-30 10:49:01,WMT,137.58,6,ASK
2020-10-30 10:49:01,WMT,137.51,9,BID
2020-10-30 10:49:01,WMT,137.58,6,ASK
2020-10-30 10:49:01,WMT,137.51,9,BID
2020-10-30 10:49:01,WMT,137.58,6,ASK
2020-10-30 10:49:01,WMT,137.51,9,BID
2020-10-30 10:49:01,WMT,137.58,6,ASK
2020-10-30 10:49:01,WMT,137.51,9,BID
2020-10-30 10:49:01,WMT,137.58,6,ASK
2020-10-30 10:49:01,WMT,137.51,9,BID
2020-10-30 10:49:01,WMT,137.58,6,ASK
2020-10-30 10:49:01,WMT,137.51,9,BID
2020-10-30 10:49:01,WMT,137.58,6,ASK
2020-10-30 10:49:01,WMT,137.51,9,BID
2020-10-30 10:49:01,WMT,137.58,6,ASK
2020-10-30 10:49:01,WMT,137.51,9,BID
2020-10-30 10:49:01,WMT,137.58,6,ASK
2020-10-30 10:49:01,WMT,137.51,9,BID
2020-10-30 10:49:01,WMT,137.58,6,ASK
2020-10-30 10:49:01,WMT,137.51,9,BID
2020-10-30 10:49:01,WMT,137.58,6,ASK
2020-10-30 10:49:09,WMT,137.53,3,BID
2020-10-30 10:49:09,WMT,137.59,13,ASK
2020-10-30 10:49:09,WMT,137.58,1,BID
2020-10-30 10:49:09,WMT,137.62,10,ASK
2020-10-30 10:49:10,WMT,137.56,2,BID
2020-10-30 10:49:10,WMT,137.63,1,ASK
2020-10-30 10:49:12,WMT,137.58,9,BID
2020-10-30 10:49:12,WMT,137.65,14,ASK
2020-10-30 10:49:13,WMT,137.57,10,BID
2020-10-30 10:49:13,WMT,137.65,14,ASK
2020-10-30 10:49:14,WMT,137.58,4,BID
2020-10-30 10:49:14,WMT,137.65,12,ASK
2020-10-30 10:49:15,WMT,137.57,8,BID
2020-10-30 10:49:15,WMT,137.64,3,ASK
2020-10-30 10:49:15,WMT,137.57,8,BID
2020-10-30 10:49:15,WMT,137.64,3,ASK
2020-10-30 10:49:16,WMT,137.57,10,BID
2020-10-30 10:49:15,WMT,137.64,3,ASK
2020-10-30 10:49:16,WMT,137.57,10,BID
2020-10-30 10:49:15,WMT,137.64,3,ASK
2020-10-30 10:49:18,WMT,137.57,10,BID
2020-10-30 10:49:18,WMT,137.64,3,ASK
2020-10-30 10:49:20,WMT,137.57,10,BID
2020-10-30 10:49:20,WMT,137.64,6,ASK
2020-10-30 10:49:20,WMT,137.57,10,BID
2020-10-30 10:49:20,WMT,137.64,6,ASK
2020-10-30 10:49:23,WMT,137.57,10,BID
2020-10-30 10:49:20,WMT,137.64,6,ASK
2020-10-30 10:49:24,WMT,137.57,8,BID
2020-10-30 10:49:24,WMT,137.63,7,ASK
2020-10-30 10:49:24,WMT,137.57,8,BID
2020-10-30 10:49:24,WMT,137.63,7,ASK
2020-10-30 10:49:27,WMT,137.58,2,BID
2020-10-30 10:49:27,WMT,137.64,6,ASK
2020-10-30 10:49:29,WMT,137.58,3,BID
2020-10-30 10:49:29,WMT,137.64,6,ASK
2020-10-30 10:49:30,WMT,137.58,5,BID
2020-10-30 10:49:30,WMT,137.63,5,ASK
2020-10-30 10:49:31,WMT,137.58,5,BID
2020-10-30 10:49:31,WMT,137.63,9,ASK
2020-10-30 10:49:31,WMT,137.58,5,BID
2020-10-30 10:49:31,WMT,137.63,9,ASK
2020-10-30 10:49:31,WMT,137.58,5,BID
2020-10-30 10:49:31,WMT,137.63,9,ASK
2020-10-30 10:49:29,WMT,137.58,5,BID
2020-10-30 10:49:29,WMT,137.63,9,ASK
2020-10-30 10:49:29,WMT,137.58,5,BID
2020-10-30 10:49:29,WMT,137.63,9,ASK
2020-10-30 10:49:29,WMT,137.58,5,BID
2020-10-30 10:49:29,WMT,137.63,9,ASK
2020-10-30 10:49:32,WMT,137.58,5,BID
2020-10-30 10:49:32,WMT,139.31,10,ASK
2020-10-30 10:49:32,WMT,137.58,5,BID
2020-10-30 10:49:37,WMT,137.63,9,ASK
2020-10-30 10:49:37,WMT,137.58,7,BID
2020-10-30 10:49:37,WMT,137.63,11,ASK
2020-10-30 10:49:38,WMT,137.58,7,BID
2020-10-30 10:49:37,WMT,137.63,13,ASK
2020-10-30 10:49:38,WMT,137.58,7,BID
2020-10-30 10:49:38,WMT,137.63,14,ASK
2020-10-30 10:49:38,WMT,137.58,7,BID
2020-10-30 10:49:39,WMT,137.63,14,ASK
2020-10-30 10:49:38,WMT,137.58,6,BID
2020-10-30 10:49:40,WMT,137.63,16,ASK
2020-10-30 10:49:42,WMT,137.52,3,BID
2020-10-30 10:49:42,WMT,137.62,4,ASK
2020-10-30 10:49:43,WMT,137.56,1,BID
2020-10-30 10:49:43,WMT,137.61,2,ASK
2020-10-30 10:49:45,WMT,137.59,2,BID
2020-10-30 10:49:42,WMT,137.62,4,ASK
2020-10-30 10:49:48,WMT,137.58,1,BID
2020-10-30 10:49:47,WMT,137.64,12,ASK
2020-10-30 10:49:49,WMT,137.61,6,BID
2020-10-30 10:49:49,WMT,137.67,3,ASK
2020-10-30 10:49:50,WMT,137.6,2,BID
2020-10-30 10:49:50,WMT,137.67,17,ASK
2020-10-30 10:49:51,WMT,137.59,3,BID
2020-10-30 10:49:51,WMT,137.66,3,ASK
2020-10-30 10:49:52,WMT,137.59,6,BID
2020-10-30 10:49:52,WMT,137.65,2,ASK
2020-10-30 10:49:53,WMT,137.58,2,BID
2020-10-30 10:49:53,WMT,137.63,14,ASK
2020-10-30 10:49:54,WMT,137.57,3,BID
2020-10-30 10:49:54,WMT,137.65,15,ASK
2020-10-30 10:49:55,WMT,137.55,3,BID
2020-10-30 10:49:55,WMT,137.63,3,ASK
2020-10-30 10:49:58,WMT,137.55,3,BID
2020-10-30 10:49:58,WMT,137.62,10,ASK
2020-10-30 10:49:59,WMT,137.56,2,BID
2020-10-30 10:49:58,WMT,137.62,10,ASK
2020-10-30 10:49:59,WMT,137.55,4,BID
2020-10-30 10:50:00,WMT,137.62,14,ASK
2020-10-30 10:49:59,WMT,137.55,4,BID
2020-10-30 10:50:00,WMT,137.62,13,ASK
2020-10-30 10:50:01,WMT,137.55,6,BID
2020-10-30 10:50:02,WMT,137.62,16,ASK
2020-10-30 10:50:02,WMT,137.57,1,BID
2020-10-30 10:50:02,WMT,137.62,15,ASK
2020-10-30 10:50:02,WMT,137.57,1,BID
2020-10-30 10:50:02,WMT,137.62,15,ASK
2020-10-30 10:50:04,WMT,137.55,4,BID
2020-10-30 10:50:04,WMT,137.61,12,ASK
2020-10-30 10:50:04,WMT,137.55,4,BID
2020-10-30 10:50:05,WMT,137.6,8,ASK
2020-10-30 10:50:04,WMT,137.55,4,BID
2020-10-30 10:50:05,WMT,137.59,11,ASK
2020-10-30 10:49:43,WMT,137.52,3,BID
2020-10-30 10:50:07,WMT,137.57,9,ASK
2020-10-30 10:49:43,WMT,137.52,4,BID
2020-10-30 10:50:07,WMT,137.57,9,ASK
2020-10-30 10:49:32,WMT,137.5,17,BID
2020-10-30 10:50:08,WMT,137.54,17,ASK
2020-10-30 10:50:08,WMT,137.51,5,BID
2020-10-30 10:50:08,WMT,137.56,2,ASK
2020-10-30 10:50:09,WMT,137.52,13,BID
2020-10-30 10:50:09,WMT,137.56,1,ASK
2020-10-30 10:49:32,WMT,137.5,17,BID
2020-10-30 10:50:10,WMT,137.56,3,ASK
2020-10-30 10:50:11,WMT,137.51,3,BID
2020-10-30 10:50:11,WMT,137.56,4,ASK
2020-10-30 10:50:13,WMT,137.51,8,BID
2020-10-30 10:50:13,WMT,137.56,4,ASK
2020-10-30 10:50:14,WMT,137.51,9,BID
2020-10-30 10:50:14,WMT,137.56,4,ASK
2020-10-30 10:50:14,WMT,137.56,2,BID
2020-10-30 10:50:14,WMT,137.59,10,ASK
2020-10-30 10:50:16,WMT,137.56,3,BID
2020-10-30 10:50:02,WMT,137.62,14,ASK
2020-10-30 10:50:16,WMT,137.56,3,BID
2020-10-30 10:50:02,WMT,137.62,14,ASK
2020-10-30 10:50:16,WMT,137.56,4,BID
2020-10-30 10:50:02,WMT,137.62,14,ASK
2020-10-30 10:50:16,WMT,137.56,4,BID
2020-10-30 10:50:02,WMT,137.62,11,ASK
2020-10-30 10:50:16,WMT,137.56,3,BID
2020-10-30 10:50:02,WMT,137.62,14,ASK
2020-10-30 10:50:16,WMT,137.56,2,BID
2020-10-30 10:50:22,WMT,137.61,2,ASK
2020-10-30 10:50:24,WMT,137.55,4,BID
2020-10-30 10:50:23,WMT,137.61,4,ASK
2020-10-30 10:50:26,WMT,137.55,4,BID
2020-10-30 10:50:24,WMT,137.61,5,ASK
2020-10-30 10:50:26,WMT,137.52,6,BID
2020-10-30 10:50:26,WMT,137.59,1,ASK
2020-10-30 10:50:27,WMT,137.52,10,BID
2020-10-30 10:50:27,WMT,137.59,2,ASK
2020-10-30 10:50:28,WMT,137.52,9,BID
2020-10-30 10:50:28,WMT,137.58,2,ASK
2020-10-30 10:50:29,WMT,137.52,9,BID
2020-10-30 10:50:29,WMT,137.58,2,ASK
2020-10-30 10:50:30,WMT,137.52,12,BID
2020-10-30 10:50:31,WMT,137.58,2,ASK
2020-10-30 10:50:30,WMT,137.52,12,BID
2020-10-30 10:50:28,WMT,137.59,10,ASK
2020-10-30 10:50:33,WMT,137.58,3,BID
2020-10-30 10:50:33,WMT,137.62,15,ASK
2020-10-30 10:50:34,WMT,137.58,3,BID
2020-10-30 10:50:34,WMT,137.64,13,ASK
2020-10-30 10:50:34,WMT,137.58,3,BID
2020-10-30 10:50:34,WMT,137.64,12,ASK
2020-10-30 10:50:36,WMT,137.56,2,BID
2020-10-30 10:50:36,WMT,137.63,2,ASK
2020-10-30 10:50:37,WMT,137.53,4,BID
2020-10-30 10:50:37,WMT,137.6,8,ASK
2020-10-30 10:50:38,WMT,137.54,3,BID
2020-10-30 10:50:38,WMT,137.59,3,ASK
2020-10-30 10:50:40,WMT,137.52,7,BID
2020-10-30 10:50:40,WMT,137.6,15,ASK
2020-10-30 10:50:41,WMT,137.52,12,BID
2020-10-30 10:50:41,WMT,137.6,14,ASK
2020-10-30 10:50:41,WMT,137.52,12,BID
2020-10-30 10:50:41,WMT,137.6,14,ASK
2020-10-30 10:50:41,WMT,137.52,12,BID
2020-10-30 10:50:41,WMT,137.6,14,ASK
2020-10-30 10:50:44,WMT,137.52,14,BID
2020-10-30 10:50:44,WMT,137.6,15,ASK
2020-10-30 10:50:46,WMT,137.52,14,BID
2020-10-30 10:50:44,WMT,137.6,15,ASK
2020-10-30 10:50:49,WMT,137.52,15,BID
2020-10-30 10:50:49,WMT,137.59,6,ASK
2020-10-30 10:50:49,WMT,137.52,13,BID
2020-10-30 10:50:49,WMT,137.59,14,ASK
2020-10-30 10:50:49,WMT,137.52,15,BID
2020-10-30 10:50:53,WMT,137.58,3,ASK
2020-10-30 10:50:49,WMT,137.52,11,BID
2020-10-30 10:50:54,WMT,137.58,10,ASK
2020-10-30 10:50:55,WMT,137.52,14,BID
2020-10-30 10:50:55,WMT,137.59,16,ASK
2020-10-30 10:50:57,WMT,137.55,3,BID
2020-10-30 10:50:55,WMT,137.59,16,ASK
2020-10-30 10:50:55,WMT,137.52,13,BID
2020-10-30 10:50:57,WMT,137.58,2,ASK
2020-10-30 10:50:58,WMT,137.53,1,BID
2020-10-30 10:50:58,WMT,137.58,3,ASK
2020-10-30 10:50:59,WMT,137.56,1,BID
2020-10-30 10:50:55,WMT,137.59,20,ASK
2020-10-30 10:51:00,WMT,137.54,1,BID
2020-10-30 10:51:00,WMT,137.58,5,ASK
2020-10-30 10:51:01,WMT,137.52,1,BID
2020-10-30 10:51:00,WMT,137.58,6,ASK
2020-10-30 10:51:02,WMT,137.53,1,BID
2020-10-30 10:51:00,WMT,137.58,6,ASK
2020-10-30 10:51:03,WMT,137.56,12,BID
2020-10-30 10:51:03,WMT,137.63,9,ASK
2020-10-30 10:51:03,WMT,137.57,1,BID
2020-10-30 10:51:03,WMT,137.63,9,ASK
2020-10-30 10:51:04,WMT,137.58,5,BID
2020-10-30 10:51:03,WMT,137.63,9,ASK
2020-10-30 10:51:04,WMT,137.58,6,BID
2020-10-30 10:51:03,WMT,137.63,9,ASK
2020-10-30 10:51:05,WMT,137.58,6,BID
2020-10-30 10:51:06,WMT,137.63,9,ASK
2020-10-30 10:51:06,WMT,137.58,6,BID
2020-10-30 10:51:06,WMT,137.63,9,ASK
2020-10-30 10:51:07,WMT,137.58,6,BID
2020-10-30 10:51:07,WMT,137.63,9,ASK
2020-10-30 10:51:07,WMT,137.58,6,BID
2020-10-30 10:51:07,WMT,137.63,9,ASK
2020-10-30 10:51:11,WMT,137.55,13,BID
2020-10-30 10:51:11,WMT,137.6,5,ASK
2020-10-30 10:51:11,WMT,137.55,15,BID
2020-10-30 10:51:13,WMT,137.62,14,ASK
2020-10-30 10:51:11,WMT,137.55,15,BID
2020-10-30 10:51:14,WMT,137.59,1,ASK
2020-10-30 10:51:16,WMT,137.53,2,BID
2020-10-30 10:51:16,WMT,137.6,10,ASK
2020-10-30 10:51:18,WMT,137.52,12,BID
2020-10-30 10:51:18,WMT,137.59,5,ASK
2020-10-30 10:51:19,WMT,137.61,1,BID
2020-10-30 10:51:19,WMT,137.62,18,ASK
2020-10-30 10:51:19,WMT,137.62,3,BID
