timestamp,ticker,price,volume,bid_ask
2020-10-30 10:31:26,XOM,32.19,41,BID
2020-10-30 10:31:10,XOM,32.2,32,ASK
2020-10-30 10:31:27,XOM,32.19,32,BID
2020-10-30 10:31:10,XOM,32.2,32,ASK
2020-10-30 10:31:27,XOM,32.19,30,BID
2020-10-30 10:31:10,XOM,32.2,32,ASK
2020-10-30 10:31:30,XOM,32.19,43,BID
2020-10-30 10:31:10,XOM,32.2,32,ASK
2020-10-30 10:31:30,XOM,32.19,41,BID
2020-10-30 10:31:10,XOM,32.2,50,ASK
2020-10-30 10:31:31,XOM,32.19,38,BID
2020-10-30 10:31:10,XOM,32.2,35,ASK
2020-10-30 10:31:32,XOM,32.19,1,BID
2020-10-30 10:31:10,XOM,32.2,40,ASK
2020-10-30 10:31:33,XOM,32.18,42,BID
2020-10-30 10:31:33,XOM,32.19,27,ASK
2020-10-30 10:31:34,XOM,32.19,27,BID
2020-10-30 10:31:10,XOM,32.2,44,ASK
2020-10-30 10:31:36,XOM,32.2,28,BID
2020-10-30 10:31:04,XOM,32.21,54,ASK
2020-10-30 10:31:37,XOM,32.2,28,BID
2020-10-30 10:31:04,XOM,32.21,57,ASK
2020-10-30 10:31:38,XOM,32.2,29,BID
2020-10-30 10:31:04,XOM,32.21,56,ASK
2020-10-30 10:31:39,XOM,32.2,19,BID
2020-10-30 10:31:04,XOM,32.21,84,ASK
2020-10-30 10:31:40,XOM,32.19,1,BID
2020-10-30 10:31:39,XOM,32.2,59,ASK
2020-10-30 10:31:41,XOM,32.18,42,BID
2020-10-30 10:31:41,XOM,32.19,24,ASK
2020-10-30 10:31:42,XOM,32.18,32,BID
2020-10-30 10:31:41,XOM,32.19,29,ASK
2020-10-30 10:30:08,XOM,32.17,29,BID
2020-10-30 10:31:41,XOM,32.19,30,ASK
2020-10-30 10:31:44,XOM,32.2,52,BID
2020-10-30 10:31:04,XOM,32.21,62,ASK
2020-10-30 10:31:43,XOM,32.19,51,BID
2020-10-30 10:31:44,XOM,32.2,10,ASK
2020-10-30 10:31:43,XOM,32.19,51,BID
2020-10-30 10:31:44,XOM,32.2,10,ASK
2020-10-30 10:31:43,XOM,32.19,50,BID
2020-10-30 10:31:44,XOM,32.2,10,ASK
2020-10-30 10:31:47,XOM,32.18,46,BID
2020-10-30 10:31:47,XOM,32.19,50,ASK
2020-10-30 10:31:48,XOM,32.18,41,BID
2020-10-30 10:31:48,XOM,32.19,48,ASK
2020-10-30 10:30:08,XOM,32.17,36,BID
2020-10-30 10:31:49,XOM,32.18,61,ASK
2020-10-30 10:30:08,XOM,32.17,37,BID
2020-10-30 10:31:50,XOM,32.18,4,ASK
2020-10-30 10:30:08,XOM,32.17,37,BID
2020-10-30 10:31:50,XOM,32.18,4,ASK
2020-10-30 10:31:53,XOM,32.17,47,BID
2020-10-30 10:31:53,XOM,32.18,35,ASK
2020-10-30 10:31:53,XOM,32.17,47,BID
2020-10-30 10:31:54,XOM,32.18,36,ASK
2020-10-30 10:31:55,XOM,32.16,60,BID
2020-10-30 10:31:55,XOM,32.17,35,ASK
2020-10-30 10:31:56,XOM,32.15,49,BID
2020-10-30 10:31:56,XOM,32.16,34,ASK
2020-10-30 10:31:56,XOM,32.15,49,BID
2020-10-30 10:31:56,XOM,32.16,34,ASK
2020-10-30 10:31:58,XOM,32.15,48,BID
2020-10-30 10:31:56,XOM,32.16,47,ASK
2020-10-30 10:31:58,XOM,32.15,48,BID
2020-10-30 10:31:56,XOM,32.16,47,ASK
2020-10-30 10:32:00,XOM,32.15,41,BID
2020-10-30 10:31:56,XOM,32.16,51,ASK
2020-10-30 10:32:00,XOM,32.14,41,BID
2020-10-30 10:32:00,XOM,32.15,40,ASK
2020-10-30 10:32:00,XOM,32.14,67,BID
2020-10-30 10:32:00,XOM,32.15,2,ASK
2020-10-30 10:32:00,XOM,32.14,66,BID
2020-10-30 10:32:00,XOM,32.15,16,ASK
2020-10-30 10:32:01,XOM,32.13,35,BID
2020-10-30 10:32:01,XOM,32.14,33,ASK
2020-10-30 10:32:01,XOM,32.12,37,BID
2020-10-30 10:32:01,XOM,32.14,31,ASK
2020-10-30 10:32:02,XOM,32.13,13,BID
2020-10-30 10:32:02,XOM,32.14,16,ASK
2020-10-30 10:32:03,XOM,32.13,13,BID
2020-10-30 10:32:03,XOM,32.14,25,ASK
2020-10-30 10:32:04,XOM,32.12,41,BID
2020-10-30 10:32:04,XOM,32.14,30,ASK
2020-10-30 10:32:04,XOM,32.13,29,BID
2020-10-30 10:32:04,XOM,32.15,22,ASK
2020-10-30 10:32:05,XOM,32.13,21,BID
2020-10-30 10:32:05,XOM,32.15,25,ASK
2020-10-30 10:32:07,XOM,32.13,23,BID
2020-10-30 10:32:07,XOM,32.15,39,ASK
2020-10-30 10:32:08,XOM,32.13,21,BID
2020-10-30 10:32:08,XOM,32.14,5,ASK
2020-10-30 10:32:08,XOM,32.13,20,BID
2020-10-30 10:32:08,XOM,32.14,8,ASK
2020-10-30 10:32:09,XOM,32.12,35,BID
2020-10-30 10:32:09,XOM,32.13,7,ASK
2020-10-30 10:32:10,XOM,32.12,36,BID
2020-10-30 10:32:10,XOM,32.13,38,ASK
2020-10-30 10:32:12,XOM,32.12,36,BID
2020-10-30 10:32:10,XOM,32.13,39,ASK
2020-10-30 10:32:12,XOM,32.14,29,BID
2020-10-30 10:32:12,XOM,32.15,34,ASK
2020-10-30 10:32:13,XOM,32.15,23,BID
2020-10-30 10:31:56,XOM,32.16,41,ASK
2020-10-30 10:32:15,XOM,32.15,3,BID
2020-10-30 10:31:56,XOM,32.16,54,ASK
2020-10-30 10:32:16,XOM,32.14,29,BID
2020-10-30 10:32:16,XOM,32.15,22,ASK
2020-10-30 10:32:17,XOM,32.15,16,BID
2020-10-30 10:31:56,XOM,32.16,55,ASK
2020-10-30 10:32:19,XOM,32.14,28,BID
2020-10-30 10:32:19,XOM,32.15,28,ASK
2020-10-30 10:32:19,XOM,32.13,34,BID
2020-10-30 10:32:19,XOM,32.14,45,ASK
2020-10-30 10:32:12,XOM,32.12,49,BID
2020-10-30 10:32:20,XOM,32.13,42,ASK
2020-10-30 10:32:20,XOM,32.13,23,BID
2020-10-30 10:32:20,XOM,32.14,25,ASK
2020-10-30 10:32:12,XOM,32.12,57,BID
2020-10-30 10:32:20,XOM,32.13,28,ASK
2020-10-30 10:32:21,XOM,32.13,42,BID
2020-10-30 10:32:20,XOM,32.14,20,ASK
2020-10-30 10:32:21,XOM,32.13,64,BID
2020-10-30 10:32:21,XOM,32.14,27,ASK
2020-10-30 10:32:21,XOM,32.13,63,BID
2020-10-30 10:32:21,XOM,32.14,22,ASK
2020-10-30 10:32:21,XOM,32.13,60,BID
2020-10-30 10:32:21,XOM,32.14,31,ASK
2020-10-30 10:32:21,XOM,32.13,63,BID
2020-10-30 10:32:21,XOM,32.14,30,ASK
2020-10-30 10:32:24,XOM,32.13,51,BID
2020-10-30 10:32:21,XOM,32.14,77,ASK
2020-10-30 10:32:24,XOM,32.13,45,BID
2020-10-30 10:32:24,XOM,32.14,93,ASK
2020-10-30 10:32:12,XOM,32.12,56,BID
2020-10-30 10:32:24,XOM,32.13,29,ASK
2020-10-30 10:27:31,XOM,32.11,65,BID
2020-10-30 10:32:25,XOM,32.12,28,ASK
2020-10-30 10:32:25,XOM,32.12,69,BID
2020-10-30 10:32:24,XOM,32.13,17,ASK
2020-10-30 10:27:31,XOM,32.11,83,BID
2020-10-30 10:32:26,XOM,32.12,24,ASK
2020-10-30 10:27:21,XOM,32.1,63,BID
2020-10-30 10:32:26,XOM,32.11,19,ASK
2020-10-30 10:27:21,XOM,32.1,56,BID
2020-10-30 10:32:27,XOM,32.11,8,ASK
2020-10-30 10:32:27,XOM,32.11,16,BID
2020-10-30 10:32:27,XOM,32.12,6,ASK
2020-10-30 10:32:27,XOM,32.11,16,BID
2020-10-30 10:32:27,XOM,32.12,5,ASK
2020-10-30 10:32:28,XOM,32.11,19,BID
2020-10-30 10:32:25,XOM,32.13,57,ASK
2020-10-30 10:32:28,XOM,32.11,17,BID
2020-10-30 10:32:25,XOM,32.13,54,ASK
2020-10-30 10:32:29,XOM,32.11,18,BID
2020-10-30 10:32:25,XOM,32.13,52,ASK
2020-10-30 10:32:31,XOM,32.12,31,BID
2020-10-30 10:32:24,XOM,32.14,71,ASK
2020-10-30 10:32:31,XOM,32.14,6,BID
2020-10-30 10:32:31,XOM,32.15,20,ASK
2020-10-30 10:32:31,XOM,32.14,9,BID
2020-10-30 10:32:31,XOM,32.15,20,ASK
2020-10-30 10:32:32,XOM,32.14,15,BID
2020-10-30 10:32:32,XOM,32.15,15,ASK
2020-10-30 10:32:33,XOM,32.15,11,BID
2020-10-30 10:32:14,XOM,32.16,57,ASK
2020-10-30 10:32:33,XOM,32.15,11,BID
2020-10-30 10:32:14,XOM,32.16,58,ASK
2020-10-30 10:32:35,XOM,32.14,30,BID
2020-10-30 10:32:35,XOM,32.15,16,ASK
2020-10-30 10:32:35,XOM,32.14,26,BID
2020-10-30 10:32:35,XOM,32.15,19,ASK
2020-10-30 10:32:37,XOM,32.16,64,BID
2020-10-30 10:31:55,XOM,32.17,39,ASK
2020-10-30 10:32:37,XOM,32.15,43,BID
2020-10-30 10:32:38,XOM,32.16,29,ASK
2020-10-30 10:32:35,XOM,32.14,45,BID
2020-10-30 10:32:39,XOM,32.15,32,ASK
2020-10-30 10:32:39,XOM,32.15,60,BID
2020-10-30 10:32:38,XOM,32.16,28,ASK
2020-10-30 10:32:35,XOM,32.14,27,BID
2020-10-30 10:32:40,XOM,32.15,27,ASK
2020-10-30 10:32:42,XOM,32.13,40,BID
2020-10-30 10:32:42,XOM,32.14,50,ASK
2020-10-30 10:32:43,XOM,32.13,48,BID
2020-10-30 10:32:43,XOM,32.14,4,ASK
2020-10-30 10:32:43,XOM,32.13,42,BID
2020-10-30 10:32:44,XOM,32.14,22,ASK
2020-10-30 10:32:44,XOM,32.12,26,BID
2020-10-30 10:32:44,XOM,32.13,30,ASK
2020-10-30 10:32:45,XOM,32.12,24,BID
2020-10-30 10:32:45,XOM,32.13,34,ASK
2020-10-30 10:32:45,XOM,32.12,28,BID
2020-10-30 10:32:46,XOM,32.14,34,ASK
2020-10-30 10:32:46,XOM,32.13,14,BID
2020-10-30 10:32:46,XOM,32.14,33,ASK
2020-10-30 10:32:48,XOM,32.12,32,BID
2020-10-30 10:32:48,XOM,32.13,12,ASK
2020-10-30 10:32:49,XOM,32.13,13,BID
2020-10-30 10:32:49,XOM,32.14,15,ASK
2020-10-30 10:32:50,XOM,32.13,16,BID
2020-10-30 10:32:50,XOM,32.14,32,ASK
2020-10-30 10:32:52,XOM,32.13,28,BID
2020-10-30 10:32:52,XOM,32.14,33,ASK
2020-10-30 10:32:51,XOM,32.12,32,BID
2020-10-30 10:32:54,XOM,32.13,4,ASK
2020-10-30 10:32:56,XOM,32.13,8,BID
2020-10-30 10:32:52,XOM,32.14,30,ASK
2020-10-30 10:32:56,XOM,32.13,10,BID
2020-10-30 10:32:52,XOM,32.14,26,ASK
2020-10-30 10:32:57,XOM,32.14,42,BID
2020-10-30 10:32:41,XOM,32.15,46,ASK
2020-10-30 10:32:58,XOM,32.15,63,BID
2020-10-30 10:32:38,XOM,32.16,27,ASK
2020-10-30 10:32:58,XOM,32.16,34,BID
2020-10-30 10:32:58,XOM,32.17,20,ASK
2020-10-30 10:32:59,XOM,32.17,1,BID
2020-10-30 10:32:59,XOM,32.18,60,ASK
2020-10-30 10:33:00,XOM,32.17,21,BID
2020-10-30 10:33:00,XOM,32.18,58,ASK
2020-10-30 10:33:01,XOM,32.19,8,BID
2020-10-30 10:31:47,XOM,32.2,36,ASK
2020-10-30 10:33:02,XOM,32.19,26,BID
2020-10-30 10:33:02,XOM,32.2,44,ASK
2020-10-30 10:33:02,XOM,32.2,32,BID
2020-10-30 10:33:02,XOM,32.21,28,ASK
2020-10-30 10:33:03,XOM,32.2,33,BID
2020-10-30 10:33:03,XOM,32.21,26,ASK
2020-10-30 10:33:04,XOM,32.21,13,BID
2020-10-30 10:30:57,XOM,32.22,20,ASK
2020-10-30 10:33:05,XOM,32.21,24,BID
2020-10-30 10:33:04,XOM,32.22,40,ASK
2020-10-30 10:33:05,XOM,32.21,26,BID
2020-10-30 10:33:07,XOM,32.22,23,ASK
2020-10-30 10:33:02,XOM,32.2,47,BID
2020-10-30 10:33:07,XOM,32.21,55,ASK
2020-10-30 10:33:02,XOM,32.2,47,BID
2020-10-30 10:33:08,XOM,32.21,55,ASK
2020-10-30 10:33:09,XOM,32.18,28,BID
2020-10-30 10:33:09,XOM,32.2,57,ASK
2020-10-30 10:33:10,XOM,32.2,16,BID
2020-10-30 10:33:10,XOM,32.21,49,ASK
2020-10-30 10:33:10,XOM,32.19,34,BID
2020-10-30 10:33:11,XOM,32.21,29,ASK
2020-10-30 10:33:12,XOM,32.21,32,BID
2020-10-30 10:30:55,XOM,32.23,22,ASK
2020-10-30 10:33:14,XOM,32.22,2,BID
2020-10-30 10:33:14,XOM,32.22,4,ASK
2020-10-30 10:33:12,XOM,32.2,42,BID
2020-10-30 10:33:15,XOM,32.21,26,ASK
2020-10-30 10:33:16,XOM,32.21,29,BID
2020-10-30 10:33:16,XOM,32.22,36,ASK
2020-10-30 10:33:17,XOM,32.23,35,BID
2020-10-30 10:33:17,XOM,32.24,30,ASK
2020-10-30 10:33:17,XOM,32.23,40,BID
2020-10-30 10:33:17,XOM,32.24,41,ASK
2020-10-30 10:33:17,XOM,32.23,39,BID
2020-10-30 10:33:19,XOM,32.24,39,ASK
2020-10-30 10:33:19,XOM,32.24,14,BID
2020-10-30 10:29:57,XOM,32.25,40,ASK
2020-10-30 10:33:21,XOM,32.25,16,BID
2020-10-30 10:28:01,XOM,32.26,43,ASK
2020-10-30 10:33:22,XOM,32.26,27,BID
2020-10-30 10:33:22,XOM,32.27,20,ASK
2020-10-30 10:33:23,XOM,32.26,10,BID
2020-10-30 10:33:23,XOM,32.27,21,ASK
2020-10-30 10:33:24,XOM,32.26,28,BID
2020-10-30 10:24:13,XOM,32.28,723,ASK
2020-10-30 10:33:25,XOM,32.27,11,BID
2020-10-30 10:24:13,XOM,32.28,720,ASK
2020-10-30 10:33:24,XOM,32.26,54,BID
2020-10-30 10:33:25,XOM,32.28,726,ASK
2020-10-30 10:33:24,XOM,32.26,53,BID
2020-10-30 10:33:28,XOM,32.28,728,ASK
2020-10-30 10:33:29,XOM,32.28,13,BID
2020-10-30 10:33:29,XOM,32.29,41,ASK
2020-10-30 10:33:31,XOM,32.28,20,BID
2020-10-30 10:33:31,XOM,32.29,41,ASK
2020-10-30 10:33:32,XOM,32.28,20,BID
2020-10-30 10:33:31,XOM,32.29,43,ASK
2020-10-30 10:33:33,XOM,32.29,10,BID
2020-10-30 10:24:10,XOM,32.3,54,ASK
2020-10-30 10:33:33,XOM,32.29,22,BID
2020-10-30 10:33:33,XOM,32.3,22,ASK
2020-10-30 10:33:34,XOM,32.29,28,BID
2020-10-30 10:33:33,XOM,32.3,8,ASK
2020-10-30 10:33:35,XOM,32.3,15,BID
2020-10-30 10:33:34,XOM,32.31,43,ASK
2020-10-30 10:33:35,XOM,32.3,12,BID
2020-10-30 10:33:34,XOM,32.31,49,ASK
2020-10-30 10:33:36,XOM,32.3,26,BID
2020-10-30 10:33:34,XOM,32.31,44,ASK
2020-10-30 10:33:36,XOM,32.3,27,BID
2020-10-30 10:33:34,XOM,32.31,43,ASK
2020-10-30 10:33:38,XOM,32.3,27,BID
2020-10-30 10:33:34,XOM,32.31,43,ASK
2020-10-30 10:33:39,XOM,32.3,29,BID
2020-10-30 10:33:34,XOM,32.31,43,ASK
2020-10-30 10:33:40,XOM,32.3,29,BID
2020-10-30 10:33:40,XOM,32.31,46,ASK
2020-10-30 10:33:35,XOM,32.29,54,BID
2020-10-30 10:33:41,XOM,32.3,48,ASK
2020-10-30 10:33:42,XOM,32.29,24,BID
2020-10-30 10:33:43,XOM,32.3,1,ASK
2020-10-30 10:33:42,XOM,32.29,22,BID
2020-10-30 10:33:44,XOM,32.3,6,ASK
2020-10-30 10:33:33,XOM,32.28,33,BID
2020-10-30 10:33:44,XOM,32.3,32,ASK
2020-10-30 10:33:45,XOM,32.3,24,BID
2020-10-30 10:33:45,XOM,32.31,35,ASK
2020-10-30 10:33:46,XOM,32.3,24,BID
2020-10-30 10:33:46,XOM,32.31,42,ASK
2020-10-30 10:33:47,XOM,32.29,31,BID
2020-10-30 10:33:47,XOM,32.3,3,ASK
2020-10-30 10:33:48,XOM,32.29,56,BID
2020-10-30 10:33:48,XOM,32.3,4,ASK
2020-10-30 10:33:48,XOM,32.3,67,BID
2020-10-30 10:33:48,XOM,32.31,30,ASK
2020-10-30 10:33:49,XOM,32.32,57,BID
2020-10-30 10:23:29,XOM,32.33,34,ASK
2020-10-30 10:33:49,XOM,32.32,7,BID
2020-10-30 10:23:29,XOM,32.33,38,ASK
2020-10-30 10:33:50,XOM,32.32,15,BID
2020-10-30 10:33:50,XOM,32.33,41,ASK
2020-10-30 10:33:48,XOM,32.31,68,BID
2020-10-30 10:33:52,XOM,32.32,6,ASK
2020-10-30 10:33:48,XOM,32.31,68,BID
2020-10-30 10:33:53,XOM,32.32,9,ASK
2020-10-30 10:33:54,XOM,32.32,17,BID
2020-10-30 10:33:54,XOM,32.33,36,ASK
2020-10-30 10:33:55,XOM,32.32,22,BID
2020-10-30 10:33:54,XOM,32.33,37,ASK
2020-10-30 10:33:57,XOM,32.33,35,BID
2020-10-30 10:23:21,XOM,32.34,37,ASK
2020-10-30 10:33:58,XOM,32.33,25,BID
2020-10-30 10:23:21,XOM,32.34,43,ASK
2020-10-30 10:33:59,XOM,32.33,35,BID
2020-10-30 10:23:21,XOM,32.34,42,ASK
2020-10-30 10:33:59,XOM,32.33,36,BID
2020-10-30 10:34:01,XOM,32.34,39,ASK
2020-10-30 10:34:01,XOM,32.33,43,BID
2020-10-30 10:34:01,XOM,32.34,40,ASK
2020-10-30 10:34:02,XOM,32.34,49,BID
2020-10-30 10:34:02,XOM,32.35,21,ASK
2020-10-30 10:34:03,XOM,32.34,29,BID
2020-10-30 10:34:03,XOM,32.35,33,ASK
2020-10-30 10:34:01,XOM,32.33,54,BID
2020-10-30 10:34:03,XOM,32.35,31,ASK
2020-10-30 10:34:04,XOM,32.35,2,BID
2020-10-30 10:22:19,XOM,32.36,57,ASK
2020-10-30 10:34:04,XOM,32.35,9,BID
2020-10-30 10:22:19,XOM,32.36,57,ASK
2020-10-30 10:34:04,XOM,32.35,9,BID
2020-10-30 10:22:19,XOM,32.36,57,ASK
2020-10-30 10:34:07,XOM,32.36,22,BID
2020-10-30 10:22:08,XOM,32.37,36,ASK
2020-10-30 10:34:07,XOM,32.35,59,BID
2020-10-30 10:34:08,XOM,32.36,29,ASK
2020-10-30 10:34:07,XOM,32.35,59,BID
2020-10-30 10:34:08,XOM,32.37,46,ASK
2020-10-30 10:34:09,XOM,32.35,43,BID
2020-10-30 10:34:08,XOM,32.37,47,ASK
2020-10-30 10:34:09,XOM,32.35,34,BID
2020-10-30 10:34:10,XOM,32.37,44,ASK
2020-10-30 10:34:09,XOM,32.35,46,BID
2020-10-30 10:34:10,XOM,32.37,47,ASK
2020-10-30 10:34:09,XOM,32.35,43,BID
2020-10-30 10:34:10,XOM,32.37,46,ASK
2020-10-30 10:34:12,XOM,32.36,24,BID
2020-10-30 10:34:10,XOM,32.37,45,ASK
2020-10-30 10:34:12,XOM,32.35,37,BID
2020-10-30 10:34:13,XOM,32.36,13,ASK
2020-10-30 10:34:04,XOM,32.34,27,BID
2020-10-30 10:34:14,XOM,32.35,8,ASK
2020-10-30 10:34:14,XOM,32.34,30,BID
2020-10-30 10:34:14,XOM,32.35,14,ASK
2020-10-30 10:34:14,XOM,32.36,12,BID
2020-10-30 10:34:10,XOM,32.37,43,ASK
2020-10-30 10:34:15,XOM,32.35,33,BID
2020-10-30 10:34:15,XOM,32.36,5,ASK
2020-10-30 10:34:16,XOM,32.34,48,BID
2020-10-30 10:34:16,XOM,32.36,26,ASK
2020-10-30 10:34:18,XOM,32.35,27,BID
2020-10-30 10:34:17,XOM,32.36,13,ASK
2020-10-30 10:34:19,XOM,32.36,26,BID
2020-10-30 10:34:10,XOM,32.37,46,ASK
2020-10-30 10:34:20,XOM,32.36,28,BID
2020-10-30 10:34:20,XOM,32.37,41,ASK
2020-10-30 10:34:21,XOM,32.35,27,BID
2020-10-30 10:34:21,XOM,32.37,38,ASK
2020-10-30 10:34:23,XOM,32.35,12,BID
2020-10-30 10:34:23,XOM,32.36,15,ASK
2020-10-30 10:34:24,XOM,32.37,37,BID
2020-10-30 10:21:56,XOM,32.38,45,ASK
2020-10-30 10:34:24,XOM,32.37,38,BID
2020-10-30 10:34:24,XOM,32.38,24,ASK
2020-10-30 10:34:25,XOM,32.38,37,BID
2020-10-30 10:34:25,XOM,32.39,39,ASK
2020-10-30 10:34:26,XOM,32.39,52,BID
2020-10-30 10:34:26,XOM,32.4,17,ASK
2020-10-30 10:34:25,XOM,32.38,83,BID
2020-10-30 10:34:28,XOM,32.39,26,ASK
2020-10-30 10:34:29,XOM,32.38,44,BID
2020-10-30 10:34:26,XOM,32.4,23,ASK
2020-10-30 10:34:24,XOM,32.37,64,BID
2020-10-30 10:34:31,XOM,32.38,23,ASK
2020-10-30 10:34:24,XOM,32.37,64,BID
2020-10-30 10:34:32,XOM,32.38,24,ASK
2020-10-30 10:34:32,XOM,32.38,43,BID
2020-10-30 10:34:34,XOM,32.39,13,ASK
2020-10-30 10:34:24,XOM,32.37,60,BID
2020-10-30 10:34:35,XOM,32.38,24,ASK
2020-10-30 10:34:36,XOM,32.36,28,BID
2020-10-30 10:34:36,XOM,32.37,46,ASK
2020-10-30 10:34:37,XOM,32.37,32,BID
2020-10-30 10:34:37,XOM,32.38,47,ASK
2020-10-30 10:34:39,XOM,32.35,26,BID
2020-10-30 10:34:39,XOM,32.36,13,ASK
2020-10-30 10:34:41,XOM,32.35,26,BID
2020-10-30 10:34:41,XOM,32.36,8,ASK
2020-10-30 10:34:42,XOM,32.35,14,BID
2020-10-30 10:34:42,XOM,32.36,22,ASK
2020-10-30 10:34:44,XOM,32.35,26,BID
2020-10-30 10:34:44,XOM,32.36,35,ASK
2020-10-30 10:34:45,XOM,32.36,33,BID
2020-10-30 10:34:38,XOM,32.37,43,ASK
2020-10-30 10:34:46,XOM,32.35,30,BID
2020-10-30 10:34:46,XOM,32.36,22,ASK
2020-10-30 10:34:49,XOM,32.37,50,BID
2020-10-30 10:34:49,XOM,32.38,46,ASK
2020-10-30 10:34:49,XOM,32.38,34,BID
2020-10-30 10:34:50,XOM,32.39,47,ASK
2020-10-30 10:34:50,XOM,32.39,18,BID
2020-10-30 10:34:26,XOM,32.4,29,ASK
2020-10-30 10:34:50,XOM,32.39,23,BID
2020-10-30 10:34:26,XOM,32.4,32,ASK
2020-10-30 10:34:49,XOM,32.38,34,BID
2020-10-30 10:34:51,XOM,32.39,24,ASK
2020-10-30 10:34:52,XOM,32.38,39,BID
2020-10-30 10:34:52,XOM,32.39,30,ASK
2020-10-30 10:34:52,XOM,32.38,38,BID
2020-10-30 10:34:52,XOM,32.39,32,ASK
2020-10-30 10:34:52,XOM,32.38,38,BID
2020-10-30 10:34:52,XOM,32.39,32,ASK
2020-10-30 10:34:52,XOM,32.38,42,BID
2020-10-30 10:34:52,XOM,32.39,32,ASK
2020-10-30 10:34:52,XOM,32.38,42,BID
2020-10-30 10:34:52,XOM,32.39,32,ASK
2020-10-30 10:34:52,XOM,32.38,24,BID
2020-10-30 10:34:53,XOM,32.39,47,ASK
2020-10-30 10:34:49,XOM,32.37,75,BID
2020-10-30 10:34:53,XOM,32.38,52,ASK
2020-10-30 10:34:49,XOM,32.37,52,BID
2020-10-30 10:34:53,XOM,32.38,20,ASK
2020-10-30 10:34:49,XOM,32.37,35,BID
2020-10-30 10:34:53,XOM,32.38,33,ASK
2020-10-30 10:34:55,XOM,32.36,24,BID
2020-10-30 10:34:54,XOM,32.37,44,ASK
2020-10-30 10:34:58,XOM,32.38,20,BID
2020-10-30 10:34:57,XOM,32.39,28,ASK
2020-10-30 10:35:00,XOM,32.37,42,BID
2020-10-30 10:34:57,XOM,32.39,64,ASK
2020-10-30 10:35:00,XOM,32.37,40,BID
2020-10-30 10:35:03,XOM,32.38,21,ASK
2020-10-30 10:35:04,XOM,32.36,27,BID
2020-10-30 10:35:04,XOM,32.38,29,ASK
2020-10-30 10:35:05,XOM,32.36,26,BID
2020-10-30 10:35:05,XOM,32.37,9,ASK
2020-10-30 10:35:05,XOM,32.36,26,BID
2020-10-30 10:35:05,XOM,32.37,9,ASK
2020-10-30 10:35:05,XOM,32.36,26,BID
2020-10-30 10:35:05,XOM,32.37,9,ASK
2020-10-30 10:35:05,XOM,32.36,40,BID
2020-10-30 10:35:05,XOM,32.37,8,ASK
2020-10-30 10:35:05,XOM,32.35,42,BID
2020-10-30 10:35:05,XOM,32.36,11,ASK
2020-10-30 10:35:05,XOM,32.35,36,BID
2020-10-30 10:35:05,XOM,32.36,12,ASK
2020-10-30 10:35:05,XOM,32.35,36,BID
2020-10-30 10:35:05,XOM,32.36,12,ASK
2020-10-30 10:35:05,XOM,32.35,36,BID
2020-10-30 10:35:05,XOM,32.36,12,ASK
2020-10-30 10:35:05,XOM,32.35,36,BID
2020-10-30 10:35:05,XOM,32.36,12,ASK
2020-10-30 10:35:05,XOM,32.35,36,BID
2020-10-30 10:35:05,XOM,32.36,12,ASK
2020-10-30 10:35:05,XOM,32.35,36,BID
2020-10-30 10:35:05,XOM,32.36,12,ASK
2020-10-30 10:35:05,XOM,32.35,36,BID
2020-10-30 10:35:05,XOM,32.36,12,ASK
2020-10-30 10:35:05,XOM,32.35,36,BID
2020-10-30 10:35:05,XOM,32.36,12,ASK
2020-10-30 10:35:06,XOM,32.35,28,BID
2020-10-30 10:35:06,XOM,32.36,34,ASK
2020-10-30 10:35:08,XOM,32.34,25,BID
2020-10-30 10:35:07,XOM,32.35,17,ASK
2020-10-30 10:35:08,XOM,32.35,33,BID
2020-10-30 10:35:06,XOM,32.36,39,ASK
2020-10-30 10:35:08,XOM,32.35,33,BID
2020-10-30 10:35:06,XOM,32.36,39,ASK
2020-10-30 10:35:08,XOM,32.35,33,BID
2020-10-30 10:35:06,XOM,32.36,39,ASK
2020-10-30 10:35:08,XOM,32.35,33,BID
2020-10-30 10:35:06,XOM,32.36,39,ASK
2020-10-30 10:35:09,XOM,32.35,17,BID
2020-10-30 10:35:06,XOM,32.36,34,ASK
2020-10-30 10:35:11,XOM,32.36,55,BID
2020-10-30 10:35:11,XOM,32.37,4,ASK
2020-10-30 10:35:11,XOM,32.37,37,BID
2020-10-30 10:35:13,XOM,32.38,6,ASK
2020-10-30 10:35:17,XOM,32.38,27,BID
2020-10-30 10:35:16,XOM,32.39,58,ASK
2020-10-30 10:35:16,XOM,32.37,45,BID
2020-10-30 10:35:20,XOM,32.38,29,ASK
2020-10-30 10:35:20,XOM,32.37,43,BID
2020-10-30 10:35:20,XOM,32.37,27,ASK
2020-10-30 10:35:20,XOM,32.36,36,BID
2020-10-30 10:35:20,XOM,32.37,56,ASK
2020-10-30 10:35:20,XOM,32.35,29,BID
2020-10-30 10:35:20,XOM,32.36,39,ASK
2020-10-30 10:35:21,XOM,32.36,26,BID
2020-10-30 10:35:21,XOM,32.37,62,ASK
2020-10-30 10:35:21,XOM,32.36,36,BID
2020-10-30 10:35:21,XOM,32.37,48,ASK
2020-10-30 10:35:21,XOM,32.35,10,BID
2020-10-30 10:35:21,XOM,32.36,22,ASK
2020-10-30 10:35:22,XOM,32.34,34,BID
2020-10-30 10:35:22,XOM,32.34,1,ASK
2020-10-30 10:35:22,XOM,32.32,20,BID
2020-10-30 10:35:22,XOM,32.33,26,ASK
2020-10-30 10:35:22,XOM,32.32,35,BID
2020-10-30 10:35:22,XOM,32.33,40,ASK
2020-10-30 10:35:22,XOM,32.32,36,BID
2020-10-30 10:35:23,XOM,32.33,28,ASK
2020-10-30 10:35:24,XOM,32.33,66,BID
2020-10-30 10:35:24,XOM,32.34,26,ASK
2020-10-30 10:35:24,XOM,32.32,36,BID
2020-10-30 10:35:24,XOM,32.33,29,ASK
2020-10-30 10:35:25,XOM,32.33,1,BID
2020-10-30 10:35:24,XOM,32.34,35,ASK
2020-10-30 10:35:24,XOM,32.32,58,BID
2020-10-30 10:35:25,XOM,32.33,6,ASK
2020-10-30 10:35:24,XOM,32.32,58,BID
2020-10-30 10:35:24,XOM,32.34,33,ASK
2020-10-30 10:35:27,XOM,32.33,9,BID
2020-10-30 10:35:24,XOM,32.34,32,ASK
2020-10-30 10:35:24,XOM,32.32,58,BID
2020-10-30 10:35:24,XOM,32.34,32,ASK
2020-10-30 10:35:24,XOM,32.32,58,BID
2020-10-30 10:35:24,XOM,32.34,33,ASK
2020-10-30 10:35:24,XOM,32.32,58,BID
2020-10-30 10:35:24,XOM,32.34,33,ASK
2020-10-30 10:35:24,XOM,32.32,59,BID
2020-10-30 10:35:30,XOM,32.33,13,ASK
2020-10-30 10:35:30,XOM,32.31,36,BID
2020-10-30 10:35:30,XOM,32.32,70,ASK
2020-10-30 10:35:31,XOM,32.31,37,BID
2020-10-30 10:35:31,XOM,32.32,69,ASK
2020-10-30 10:35:32,XOM,32.32,59,BID
2020-10-30 10:35:32,XOM,32.33,36,ASK
2020-10-30 10:35:32,XOM,32.33,39,BID
2020-10-30 10:35:24,XOM,32.34,34,ASK
2020-10-30 10:35:32,XOM,32.33,35,BID
2020-10-30 10:35:24,XOM,32.34,30,ASK
2020-10-30 10:35:33,XOM,32.34,13,BID
2020-10-30 10:35:22,XOM,32.35,71,ASK
2020-10-30 10:35:34,XOM,32.34,23,BID
2020-10-30 10:35:22,XOM,32.35,57,ASK
2020-10-30 10:35:36,XOM,32.34,14,BID
2020-10-30 10:35:22,XOM,32.35,57,ASK
2020-10-30 10:35:38,XOM,32.35,8,BID
2020-10-30 10:35:38,XOM,32.36,16,ASK
2020-10-30 10:35:39,XOM,32.35,2,BID
2020-10-30 10:35:39,XOM,32.36,13,ASK
2020-10-30 10:35:40,XOM,32.35,2,BID
2020-10-30 10:35:40,XOM,32.36,17,ASK
2020-10-30 10:35:36,XOM,32.34,30,BID
2020-10-30 10:35:42,XOM,32.35,1,ASK
2020-10-30 10:35:42,XOM,32.35,56,BID
2020-10-30 10:35:42,XOM,32.36,13,ASK
2020-10-30 10:35:42,XOM,32.35,57,BID
2020-10-30 10:35:43,XOM,32.36,15,ASK
2020-10-30 10:35:43,XOM,32.36,55,BID
2020-10-30 10:35:43,XOM,32.37,29,ASK
2020-10-30 10:35:44,XOM,32.38,35,BID
2020-10-30 10:35:18,XOM,32.39,54,ASK
2020-10-30 10:35:44,XOM,32.38,34,BID
2020-10-30 10:35:44,XOM,32.39,54,ASK
2020-10-30 10:35:45,XOM,32.37,8,BID
2020-10-30 10:35:45,XOM,32.38,33,ASK
2020-10-30 10:35:45,XOM,32.37,9,BID
2020-10-30 10:35:45,XOM,32.38,33,ASK
2020-10-30 10:35:45,XOM,32.37,10,BID
2020-10-30 10:35:45,XOM,32.38,33,ASK
2020-10-30 10:35:46,XOM,32.36,25,BID
2020-10-30 10:35:47,XOM,32.37,39,ASK
2020-10-30 10:35:48,XOM,32.37,24,BID
2020-10-30 10:35:48,XOM,32.38,15,ASK
2020-10-30 10:35:50,XOM,32.37,26,BID
2020-10-30 10:35:50,XOM,32.38,10,ASK
2020-10-30 10:35:51,XOM,32.37,26,BID
2020-10-30 10:35:50,XOM,32.38,10,ASK
2020-10-30 10:35:52,XOM,32.37,24,BID
2020-10-30 10:35:50,XOM,32.38,23,ASK
2020-10-30 10:35:46,XOM,32.36,31,BID
2020-10-30 10:35:52,XOM,32.37,43,ASK
2020-10-30 10:35:54,XOM,32.37,23,BID
2020-10-30 10:35:54,XOM,32.38,18,ASK
2020-10-30 10:35:55,XOM,32.37,26,BID
2020-10-30 10:35:54,XOM,32.38,17,ASK
2020-10-30 10:35:55,XOM,32.37,5,BID
2020-10-30 10:35:54,XOM,32.38,32,ASK
2020-10-30 10:35:56,XOM,32.37,10,BID
2020-10-30 10:35:54,XOM,32.38,34,ASK
2020-10-30 10:35:46,XOM,32.36,30,BID
2020-10-30 10:35:57,XOM,32.37,83,ASK
2020-10-30 10:35:46,XOM,32.36,30,BID
2020-10-30 10:35:57,XOM,32.37,83,ASK
2020-10-30 10:35:46,XOM,32.36,30,BID
2020-10-30 10:35:57,XOM,32.37,83,ASK
2020-10-30 10:35:46,XOM,32.36,30,BID
2020-10-30 10:35:57,XOM,32.37,83,ASK
2020-10-30 10:35:46,XOM,32.36,30,BID
2020-10-30 10:35:57,XOM,32.37,83,ASK
2020-10-30 10:35:58,XOM,32.38,25,BID
2020-10-30 10:35:54,XOM,32.38,23,ASK
2020-10-30 10:35:46,XOM,32.36,40,BID
2020-10-30 10:36:01,XOM,32.37,6,ASK
2020-10-30 10:35:46,XOM,32.36,41,BID
2020-10-30 10:36:02,XOM,32.37,7,ASK
2020-10-30 10:35:46,XOM,32.36,42,BID
2020-10-30 10:36:02,XOM,32.37,19,ASK
2020-10-30 10:36:04,XOM,32.36,46,BID
2020-10-30 10:36:04,XOM,32.37,18,ASK
2020-10-30 10:36:04,XOM,32.36,50,BID
2020-10-30 10:36:04,XOM,32.37,30,ASK
2020-10-30 10:35:42,XOM,32.35,57,BID
2020-10-30 10:36:05,XOM,32.36,30,ASK
2020-10-30 10:36:06,XOM,32.36,55,BID
2020-10-30 10:36:04,XOM,32.37,31,ASK
2020-10-30 10:36:08,XOM,32.37,28,BID
2020-10-30 10:36:00,XOM,32.38,66,ASK
2020-10-30 10:36:09,XOM,32.37,54,BID
2020-10-30 10:36:00,XOM,32.38,54,ASK
2020-10-30 10:36:10,XOM,32.37,46,BID
2020-10-30 10:36:00,XOM,32.38,51,ASK
2020-10-30 10:36:12,XOM,32.38,48,BID
2020-10-30 10:36:11,XOM,32.39,32,ASK
2020-10-30 10:36:10,XOM,32.37,51,BID
2020-10-30 10:36:13,XOM,32.38,17,ASK
2020-10-30 10:36:10,XOM,32.37,49,BID
2020-10-30 10:36:13,XOM,32.38,30,ASK
2020-10-30 10:36:10,XOM,32.37,48,BID
2020-10-30 10:36:15,XOM,32.38,39,ASK
2020-10-30 10:36:10,XOM,32.37,51,BID
2020-10-30 10:36:15,XOM,32.38,26,ASK
2020-10-30 10:36:10,XOM,32.37,49,BID
2020-10-30 10:36:16,XOM,32.38,39,ASK
2020-10-30 10:36:10,XOM,32.37,50,BID
2020-10-30 10:36:17,XOM,32.38,12,ASK
2020-10-30 10:36:10,XOM,32.37,50,BID
2020-10-30 10:36:17,XOM,32.38,13,ASK
2020-10-30 10:36:10,XOM,32.37,49,BID
2020-10-30 10:36:17,XOM,32.38,15,ASK
2020-10-30 10:36:20,XOM,32.37,46,BID
2020-10-30 10:36:17,XOM,32.38,37,ASK
2020-10-30 10:36:20,XOM,32.37,52,BID
2020-10-30 10:36:17,XOM,32.38,17,ASK
2020-10-30 10:36:21,XOM,32.37,37,BID
2020-10-30 10:36:17,XOM,32.38,27,ASK
2020-10-30 10:36:22,XOM,32.37,37,BID
2020-10-30 10:36:17,XOM,32.38,28,ASK
2020-10-30 10:36:06,XOM,32.36,59,BID
2020-10-30 10:36:22,XOM,32.37,57,ASK
2020-10-30 10:36:23,XOM,32.36,57,BID
2020-10-30 10:36:22,XOM,32.37,56,ASK
2020-10-30 10:36:23,XOM,32.36,50,BID
2020-10-30 10:36:22,XOM,32.37,58,ASK
2020-10-30 10:36:24,XOM,32.36,48,BID
2020-10-30 10:36:22,XOM,32.37,54,ASK
2020-10-30 10:36:24,XOM,32.36,47,BID
2020-10-30 10:36:25,XOM,32.37,52,ASK
2020-10-30 10:36:26,XOM,32.36,47,BID
2020-10-30 10:36:25,XOM,32.37,66,ASK
2020-10-30 10:36:26,XOM,32.36,46,BID
2020-10-30 10:36:25,XOM,32.37,66,ASK
2020-10-30 10:36:28,XOM,32.37,65,BID
2020-10-30 10:36:17,XOM,32.38,25,ASK
2020-10-30 10:36:28,XOM,32.37,31,BID
2020-10-30 10:36:17,XOM,32.38,27,ASK
2020-10-30 10:36:26,XOM,32.36,50,BID
2020-10-30 10:36:30,XOM,32.37,59,ASK
2020-10-30 10:36:31,XOM,32.36,29,BID
2020-10-30 10:36:30,XOM,32.37,41,ASK
2020-10-30 10:35:42,XOM,32.35,61,BID
2020-10-30 10:36:31,XOM,32.36,40,ASK
2020-10-30 10:35:42,XOM,32.35,35,BID
2020-10-30 10:36:31,XOM,32.36,43,ASK
2020-10-30 10:35:42,XOM,32.35,38,BID
2020-10-30 10:36:32,XOM,32.36,46,ASK
2020-10-30 10:35:42,XOM,32.35,39,BID
2020-10-30 10:36:33,XOM,32.36,51,ASK
2020-10-30 10:36:34,XOM,32.35,42,BID
2020-10-30 10:36:34,XOM,32.36,13,ASK
2020-10-30 10:36:36,XOM,32.36,28,BID
2020-10-30 10:36:30,XOM,32.37,44,ASK
2020-10-30 10:36:37,XOM,32.37,50,BID
2020-10-30 10:36:17,XOM,32.38,21,ASK
2020-10-30 10:36:38,XOM,32.38,26,BID
2020-10-30 10:36:11,XOM,32.39,40,ASK
2020-10-30 10:36:39,XOM,32.38,2,BID
2020-10-30 10:36:11,XOM,32.39,37,ASK
2020-10-30 10:36:37,XOM,32.37,52,BID
2020-10-30 10:36:40,XOM,32.38,3,ASK
2020-10-30 10:36:41,XOM,32.37,33,BID
2020-10-30 10:36:40,XOM,32.38,31,ASK
2020-10-30 10:36:41,XOM,32.37,33,BID
2020-10-30 10:36:40,XOM,32.38,53,ASK
2020-10-30 10:36:44,XOM,32.36,42,BID
2020-10-30 10:36:43,XOM,32.37,64,ASK
2020-10-30 10:36:44,XOM,32.35,43,BID
2020-10-30 10:36:44,XOM,32.36,33,ASK
2020-10-30 10:36:45,XOM,32.35,46,BID
2020-10-30 10:36:44,XOM,32.36,40,ASK
2020-10-30 10:36:45,XOM,32.35,43,BID
2020-10-30 10:36:44,XOM,32.36,66,ASK
2020-10-30 10:35:35,XOM,32.33,51,BID
2020-10-30 10:36:46,XOM,32.34,28,ASK
2020-10-30 10:36:47,XOM,32.34,28,BID
2020-10-30 10:36:47,XOM,32.35,33,ASK
2020-10-30 10:35:35,XOM,32.33,56,BID
2020-10-30 10:36:47,XOM,32.34,23,ASK
2020-10-30 10:35:32,XOM,32.32,46,BID
2020-10-30 10:36:48,XOM,32.33,5,ASK
2020-10-30 10:35:32,XOM,32.32,45,BID
2020-10-30 10:36:49,XOM,32.33,23,ASK
2020-10-30 10:36:50,XOM,32.33,35,BID
2020-10-30 10:36:51,XOM,32.34,49,ASK
2020-10-30 10:36:51,XOM,32.33,37,BID
2020-10-30 10:36:51,XOM,32.34,29,ASK
2020-10-30 10:36:52,XOM,32.34,49,BID
2020-10-30 10:36:52,XOM,32.35,32,ASK
2020-10-30 10:36:52,XOM,32.34,38,BID
2020-10-30 10:36:53,XOM,32.35,24,ASK
2020-10-30 10:36:52,XOM,32.34,36,BID
2020-10-30 10:36:54,XOM,32.35,24,ASK
2020-10-30 10:36:52,XOM,32.34,40,BID
2020-10-30 10:36:54,XOM,32.35,19,ASK
2020-10-30 10:36:55,XOM,32.36,38,BID
2020-10-30 10:36:55,XOM,32.37,27,ASK
2020-10-30 10:36:55,XOM,32.36,43,BID
2020-10-30 10:36:55,XOM,32.37,29,ASK
2020-10-30 10:36:55,XOM,32.36,47,BID
2020-10-30 10:36:55,XOM,32.37,26,ASK
2020-10-30 10:36:55,XOM,32.35,69,BID
2020-10-30 10:36:56,XOM,32.36,58,ASK
2020-10-30 10:36:55,XOM,32.35,69,BID
2020-10-30 10:36:57,XOM,32.36,1,ASK
2020-10-30 10:36:55,XOM,32.35,68,BID
2020-10-30 10:36:58,XOM,32.36,27,ASK
2020-10-30 10:36:55,XOM,32.35,68,BID
2020-10-30 10:36:55,XOM,32.37,30,ASK
2020-10-30 10:37:00,XOM,32.37,37,BID
2020-10-30 10:36:40,XOM,32.38,14,ASK
2020-10-30 10:37:00,XOM,32.37,23,BID
2020-10-30 10:37:01,XOM,32.38,32,ASK
2020-10-30 10:37:02,XOM,32.38,4,BID
2020-10-30 10:36:11,XOM,32.39,35,ASK
2020-10-30 10:37:00,XOM,32.37,56,BID
2020-10-30 10:36:11,XOM,32.39,38,ASK
2020-10-30 10:37:00,XOM,32.37,47,BID
2020-10-30 10:37:04,XOM,32.38,25,ASK
2020-10-30 10:37:05,XOM,32.39,14,BID
2020-10-30 10:34:30,XOM,32.4,58,ASK
2020-10-30 10:37:06,XOM,32.39,12,BID
2020-10-30 10:34:30,XOM,32.4,50,ASK
2020-10-30 10:37:06,XOM,32.38,34,BID
2020-10-30 10:37:06,XOM,32.39,36,ASK
2020-10-30 10:37:06,XOM,32.38,34,BID
2020-10-30 10:37:06,XOM,32.39,16,ASK
2020-10-30 10:37:06,XOM,32.38,34,BID
2020-10-30 10:37:06,XOM,32.39,16,ASK
2020-10-30 10:37:09,XOM,32.38,32,BID
2020-10-30 10:37:09,XOM,32.39,29,ASK
2020-10-30 10:37:10,XOM,32.38,34,BID
2020-10-30 10:37:10,XOM,32.39,29,ASK
2020-10-30 10:37:00,XOM,32.37,57,BID
2020-10-30 10:37:11,XOM,32.39,79,ASK
2020-10-30 10:37:00,XOM,32.37,50,BID
2020-10-30 10:37:12,XOM,32.38,55,ASK
2020-10-30 10:37:00,XOM,32.37,50,BID
2020-10-30 10:37:12,XOM,32.38,54,ASK
2020-10-30 10:37:00,XOM,32.37,50,BID
2020-10-30 10:37:12,XOM,32.38,56,ASK
2020-10-30 10:36:55,XOM,32.35,61,BID
2020-10-30 10:37:15,XOM,32.36,8,ASK
2020-10-30 10:37:15,XOM,32.36,48,BID
2020-10-30 10:37:15,XOM,32.37,48,ASK
2020-10-30 10:37:16,XOM,32.36,25,BID
2020-10-30 10:37:15,XOM,32.37,59,ASK
2020-10-30 10:36:55,XOM,32.35,63,BID
2020-10-30 10:37:15,XOM,32.37,59,ASK
2020-10-30 10:37:18,XOM,32.35,71,BID
2020-10-30 10:37:18,XOM,32.36,34,ASK
2020-10-30 10:37:19,XOM,32.35,53,BID
2020-10-30 10:37:18,XOM,32.36,35,ASK
2020-10-30 10:37:19,XOM,32.35,45,BID
2020-10-30 10:37:18,XOM,32.36,51,ASK
2020-10-30 10:37:19,XOM,32.35,44,BID
2020-10-30 10:37:18,XOM,32.36,46,ASK
2020-10-30 10:37:19,XOM,32.35,68,BID
2020-10-30 10:37:22,XOM,32.36,41,ASK
2020-10-30 10:37:19,XOM,32.35,66,BID
2020-10-30 10:37:22,XOM,32.36,41,ASK
2020-10-30 10:37:19,XOM,32.35,66,BID
2020-10-30 10:37:22,XOM,32.36,41,ASK
2020-10-30 10:37:19,XOM,32.35,64,BID
2020-10-30 10:37:22,XOM,32.36,42,ASK
2020-10-30 10:36:52,XOM,32.34,46,BID
2020-10-30 10:37:25,XOM,32.35,37,ASK
2020-10-30 10:36:52,XOM,32.34,45,BID
2020-10-30 10:37:26,XOM,32.35,38,ASK
2020-10-30 10:37:27,XOM,32.36,30,BID
2020-10-30 10:37:22,XOM,32.36,21,ASK
2020-10-30 10:37:27,XOM,32.35,69,BID
2020-10-30 10:37:28,XOM,32.36,21,ASK
2020-10-30 10:37:27,XOM,32.35,69,BID
2020-10-30 10:37:30,XOM,32.36,41,ASK
2020-10-30 10:37:27,XOM,32.35,68,BID
2020-10-30 10:37:30,XOM,32.36,42,ASK
2020-10-30 10:37:27,XOM,32.35,92,BID
2020-10-30 10:37:31,XOM,32.36,34,ASK
2020-10-30 10:37:31,XOM,32.36,31,BID
2020-10-30 10:37:31,XOM,32.37,43,ASK
2020-10-30 10:37:27,XOM,32.35,69,BID
2020-10-30 10:37:32,XOM,32.36,12,ASK
2020-10-30 10:37:27,XOM,32.35,71,BID
2020-10-30 10:37:33,XOM,32.36,12,ASK
2020-10-30 10:37:34,XOM,32.36,13,BID
2020-10-30 10:37:34,XOM,32.36,15,ASK
2020-10-30 10:37:35,XOM,32.36,32,BID
2020-10-30 10:37:31,XOM,32.37,42,ASK
2020-10-30 10:37:27,XOM,32.35,90,BID
2020-10-30 10:37:35,XOM,32.36,11,ASK
2020-10-30 10:37:27,XOM,32.35,72,BID
2020-10-30 10:37:36,XOM,32.36,11,ASK
2020-10-30 10:37:27,XOM,32.35,73,BID
2020-10-30 10:37:37,XOM,32.36,11,ASK
2020-10-30 10:37:37,XOM,32.36,20,BID
2020-10-30 10:37:37,XOM,32.36,5,ASK
2020-10-30 10:37:38,XOM,32.37,39,BID
2020-10-30 10:37:11,XOM,32.38,56,ASK
2020-10-30 10:37:38,XOM,32.36,48,BID
2020-10-30 10:37:39,XOM,32.37,2,ASK
2020-10-30 10:37:38,XOM,32.36,46,BID
2020-10-30 10:37:39,XOM,32.37,29,ASK
2020-10-30 10:37:38,XOM,32.36,52,BID
2020-10-30 10:37:11,XOM,32.38,57,ASK
2020-10-30 10:37:38,XOM,32.36,51,BID
2020-10-30 10:37:11,XOM,32.38,58,ASK
2020-10-30 10:37:38,XOM,32.36,50,BID
2020-10-30 10:37:42,XOM,32.37,37,ASK
2020-10-30 10:37:38,XOM,32.36,49,BID
2020-10-30 10:37:43,XOM,32.37,35,ASK
2020-10-30 10:37:27,XOM,32.35,72,BID
2020-10-30 10:37:45,XOM,32.36,26,ASK
2020-10-30 10:37:27,XOM,32.35,70,BID
2020-10-30 10:37:45,XOM,32.36,40,ASK
2020-10-30 10:37:46,XOM,32.36,58,BID
2020-10-30 10:37:44,XOM,32.37,33,ASK
2020-10-30 10:37:46,XOM,32.37,62,BID
2020-10-30 10:37:47,XOM,32.38,20,ASK
2020-10-30 10:37:47,XOM,32.38,24,BID
2020-10-30 10:37:11,XOM,32.39,56,ASK
2020-10-30 10:37:47,XOM,32.38,25,BID
2020-10-30 10:37:11,XOM,32.39,51,ASK
2020-10-30 10:37:49,XOM,32.38,30,BID
2020-10-30 10:37:11,XOM,32.39,51,ASK
2020-10-30 10:37:49,XOM,32.38,3,BID
2020-10-30 10:37:11,XOM,32.39,60,ASK
2020-10-30 10:37:46,XOM,32.37,63,BID
2020-10-30 10:37:51,XOM,32.38,28,ASK
2020-10-30 10:37:52,XOM,32.38,41,BID
2020-10-30 10:37:11,XOM,32.39,61,ASK
2020-10-30 10:37:52,XOM,32.4,54,BID
2020-10-30 10:37:52,XOM,32.41,45,ASK
2020-10-30 10:37:53,XOM,32.4,39,BID
2020-10-30 10:37:53,XOM,32.41,37,ASK
2020-10-30 10:37:53,XOM,32.4,32,BID
2020-10-30 10:37:53,XOM,32.41,39,ASK
2020-10-30 10:37:53,XOM,32.4,33,BID
2020-10-30 10:37:54,XOM,32.41,36,ASK
2020-10-30 10:37:54,XOM,32.41,33,BID
2020-10-30 10:21:20,XOM,32.42,48,ASK
2020-10-30 10:37:54,XOM,32.41,63,BID
2020-10-30 10:37:55,XOM,32.42,1,ASK
2020-10-30 10:37:55,XOM,32.42,8,BID
2020-10-30 10:21:16,XOM,32.43,38,ASK
2020-10-30 10:37:54,XOM,32.41,41,BID
2020-10-30 10:37:56,XOM,32.42,32,ASK
2020-10-30 10:37:54,XOM,32.41,40,BID
2020-10-30 10:37:57,XOM,32.42,9,ASK
2020-10-30 10:37:53,XOM,32.4,36,BID
2020-10-30 10:37:58,XOM,32.41,31,ASK
2020-10-30 10:37:53,XOM,32.4,34,BID
2020-10-30 10:38:00,XOM,32.41,18,ASK
2020-10-30 10:37:53,XOM,32.4,35,BID
2020-10-30 10:38:00,XOM,32.41,14,ASK
2020-10-30 10:38:01,XOM,32.41,75,BID
2020-10-30 10:38:01,XOM,32.42,33,ASK
2020-10-30 10:38:02,XOM,32.42,18,BID
2020-10-30 10:21:16,XOM,32.43,39,ASK
2020-10-30 10:38:02,XOM,32.43,60,BID
2020-10-30 10:21:10,XOM,32.45,53,ASK
2020-10-30 10:38:02,XOM,32.42,23,BID
2020-10-30 10:38:03,XOM,32.44,32,ASK
2020-10-30 10:38:04,XOM,32.43,74,BID
2020-10-30 10:38:04,XOM,32.44,33,ASK
2020-10-30 10:38:02,XOM,32.42,23,BID
2020-10-30 10:38:04,XOM,32.43,11,ASK
2020-10-30 10:38:02,XOM,32.42,20,BID
2020-10-30 10:38:05,XOM,32.43,29,ASK
2020-10-30 10:38:01,XOM,32.41,48,BID
2020-10-30 10:38:06,XOM,32.42,48,ASK
2020-10-30 10:38:01,XOM,32.41,48,BID
2020-10-30 10:38:07,XOM,32.42,50,ASK
2020-10-30 10:38:01,XOM,32.41,51,BID
2020-10-30 10:38:08,XOM,32.42,40,ASK
2020-10-30 10:38:01,XOM,32.41,52,BID
2020-10-30 10:38:09,XOM,32.42,28,ASK
2020-10-30 10:38:01,XOM,32.41,49,BID
2020-10-30 10:38:10,XOM,32.42,29,ASK
2020-10-30 10:38:12,XOM,32.41,53,BID
2020-10-30 10:38:10,XOM,32.42,60,ASK
2020-10-30 10:37:53,XOM,32.4,21,BID
2020-10-30 10:38:12,XOM,32.41,34,ASK
2020-10-30 10:38:13,XOM,32.39,28,BID
2020-10-30 10:38:13,XOM,32.4,41,ASK
2020-10-30 10:38:13,XOM,32.4,34,BID
2020-10-30 10:38:13,XOM,32.41,38,ASK
2020-10-30 10:38:13,XOM,32.39,33,BID
2020-10-30 10:38:14,XOM,32.4,7,ASK
2020-10-30 10:38:16,XOM,32.41,46,BID
2020-10-30 10:38:10,XOM,32.42,41,ASK
2020-10-30 10:38:17,XOM,32.41,21,BID
2020-10-30 10:38:10,XOM,32.42,42,ASK
2020-10-30 10:38:13,XOM,32.39,32,BID
2020-10-30 10:38:17,XOM,32.4,10,ASK
2020-10-30 10:38:13,XOM,32.39,29,BID
2020-10-30 10:38:18,XOM,32.4,39,ASK
2020-10-30 10:38:19,XOM,32.4,26,BID
2020-10-30 10:38:19,XOM,32.41,45,ASK
2020-10-30 10:38:13,XOM,32.39,32,BID
2020-10-30 10:38:20,XOM,32.4,7,ASK
2020-10-30 10:38:21,XOM,32.41,32,BID
2020-10-30 10:38:16,XOM,32.42,42,ASK
2020-10-30 10:38:23,XOM,32.4,26,BID
2020-10-30 10:38:22,XOM,32.41,4,ASK
2020-10-30 10:38:24,XOM,32.42,52,BID
2020-10-30 10:38:06,XOM,32.43,37,ASK
2020-10-30 10:38:24,XOM,32.42,55,BID
2020-10-30 10:38:25,XOM,32.43,18,ASK
2020-10-30 10:38:27,XOM,32.42,53,BID
2020-10-30 10:38:25,XOM,32.43,29,ASK
2020-10-30 10:38:27,XOM,32.42,49,BID
2020-10-30 10:38:25,XOM,32.43,26,ASK
2020-10-30 10:38:29,XOM,32.42,38,BID
2020-10-30 10:38:25,XOM,32.43,25,ASK
2020-10-30 10:38:29,XOM,32.42,26,BID
2020-10-30 10:38:25,XOM,32.43,38,ASK
2020-10-30 10:38:29,XOM,32.42,26,BID
2020-10-30 10:38:25,XOM,32.43,39,ASK
2020-10-30 10:38:29,XOM,32.42,38,BID
2020-10-30 10:38:25,XOM,32.43,33,ASK
2020-10-30 10:38:34,XOM,32.42,29,BID
2020-10-30 10:38:25,XOM,32.43,39,ASK
2020-10-30 10:38:35,XOM,32.41,8,BID
2020-10-30 10:38:35,XOM,32.42,65,ASK
2020-10-30 10:38:36,XOM,32.4,22,BID
2020-10-30 10:38:36,XOM,32.41,41,ASK
2020-10-30 10:38:37,XOM,32.41,24,BID
2020-10-30 10:38:37,XOM,32.41,18,ASK
2020-10-30 10:38:37,XOM,32.42,41,BID
2020-10-30 10:38:25,XOM,32.43,42,ASK
2020-10-30 10:38:37,XOM,32.42,11,BID
2020-10-30 10:38:25,XOM,32.43,42,ASK
2020-10-30 10:38:37,XOM,32.41,32,BID
2020-10-30 10:38:25,XOM,32.43,41,ASK
2020-10-30 10:38:40,XOM,32.42,26,BID
2020-10-30 10:38:25,XOM,32.43,36,ASK
2020-10-30 10:38:41,XOM,32.42,25,BID
2020-10-30 10:38:25,XOM,32.43,34,ASK
2020-10-30 10:38:41,XOM,32.42,26,BID
2020-10-30 10:38:25,XOM,32.43,23,ASK
2020-10-30 10:38:43,XOM,32.43,4,BID
2020-10-30 10:38:03,XOM,32.44,20,ASK
2020-10-30 10:38:44,XOM,32.43,29,BID
2020-10-30 10:38:03,XOM,32.44,24,ASK
2020-10-30 10:38:46,XOM,32.43,32,BID
2020-10-30 10:38:03,XOM,32.44,22,ASK
2020-10-30 10:38:47,XOM,32.43,51,BID
2020-10-30 10:38:46,XOM,32.44,43,ASK
2020-10-30 10:38:48,XOM,32.43,31,BID
2020-10-30 10:38:46,XOM,32.44,41,ASK
2020-10-30 10:38:49,XOM,32.43,50,BID
2020-10-30 10:38:46,XOM,32.44,27,ASK
2020-10-30 10:38:50,XOM,32.44,43,BID
2020-10-30 10:38:50,XOM,32.45,23,ASK
2020-10-30 10:38:50,XOM,32.45,42,BID
2020-10-30 10:20:58,XOM,32.46,47,ASK
2020-10-30 10:38:51,XOM,32.46,30,BID
2020-10-30 10:20:52,XOM,32.47,56,ASK
2020-10-30 10:38:51,XOM,32.47,46,BID
2020-10-30 10:20:43,XOM,32.48,41,ASK
2020-10-30 10:38:51,XOM,32.46,55,BID
2020-10-30 10:38:52,XOM,32.47,8,ASK
2020-10-30 10:38:51,XOM,32.46,56,BID
2020-10-30 10:38:53,XOM,32.47,24,ASK
2020-10-30 10:38:53,XOM,32.47,8,BID
2020-10-30 10:20:43,XOM,32.48,41,ASK
2020-10-30 10:38:51,XOM,32.46,73,BID
2020-10-30 10:38:54,XOM,32.47,14,ASK
2020-10-30 10:38:50,XOM,32.45,76,BID
2020-10-30 10:38:55,XOM,32.46,29,ASK
2020-10-30 10:38:55,XOM,32.46,52,BID
2020-10-30 10:38:57,XOM,32.47,26,ASK
2020-10-30 10:38:57,XOM,32.46,48,BID
2020-10-30 10:38:58,XOM,32.47,25,ASK
2020-10-30 10:38:50,XOM,32.45,78,BID
2020-10-30 10:38:59,XOM,32.46,12,ASK
2020-10-30 10:38:50,XOM,32.45,77,BID
2020-10-30 10:38:58,XOM,32.47,39,ASK
2020-10-30 10:38:50,XOM,32.45,77,BID
2020-10-30 10:38:58,XOM,32.47,39,ASK
2020-10-30 10:39:02,XOM,32.46,31,BID
2020-10-30 10:39:02,XOM,32.47,38,ASK
2020-10-30 10:39:02,XOM,32.46,34,BID
2020-10-30 10:39:02,XOM,32.47,23,ASK
2020-10-30 10:39:03,XOM,32.46,7,BID
2020-10-30 10:39:02,XOM,32.47,38,ASK
2020-10-30 10:39:04,XOM,32.46,31,BID
2020-10-30 10:39:03,XOM,32.47,45,ASK
2020-10-30 10:39:04,XOM,32.46,37,BID
2020-10-30 10:39:03,XOM,32.47,48,ASK
2020-10-30 10:38:50,XOM,32.45,75,BID
2020-10-30 10:39:05,XOM,32.46,26,ASK
2020-10-30 10:38:50,XOM,32.45,89,BID
2020-10-30 10:39:05,XOM,32.46,27,ASK
2020-10-30 10:39:08,XOM,32.45,88,BID
2020-10-30 10:39:08,XOM,32.46,27,ASK
2020-10-30 10:39:09,XOM,32.44,35,BID
2020-10-30 10:39:10,XOM,32.45,35,ASK
2020-10-30 10:38:49,XOM,32.43,50,BID
2020-10-30 10:39:10,XOM,32.44,63,ASK
2020-10-30 10:38:49,XOM,32.43,50,BID
2020-10-30 10:39:10,XOM,32.44,63,ASK
2020-10-30 10:38:49,XOM,32.43,47,BID
2020-10-30 10:39:10,XOM,32.44,63,ASK
2020-10-30 10:38:49,XOM,32.43,46,BID
2020-10-30 10:39:12,XOM,32.44,34,ASK
2020-10-30 10:39:13,XOM,32.42,15,BID
2020-10-30 10:39:13,XOM,32.43,5,ASK
2020-10-30 10:39:14,XOM,32.44,46,BID
2020-10-30 10:39:14,XOM,32.45,27,ASK
2020-10-30 10:39:15,XOM,32.45,30,BID
2020-10-30 10:39:09,XOM,32.46,33,ASK
2020-10-30 10:39:17,XOM,32.46,37,BID
2020-10-30 10:39:03,XOM,32.47,53,ASK
2020-10-30 10:39:17,XOM,32.47,93,BID
2020-10-30 10:39:19,XOM,32.48,27,ASK
2020-10-30 10:39:17,XOM,32.47,92,BID
2020-10-30 10:39:22,XOM,32.48,24,ASK
2020-10-30 10:39:23,XOM,32.48,34,BID
2020-10-30 10:20:42,XOM,32.49,59,ASK
2020-10-30 10:39:23,XOM,32.48,33,BID
2020-10-30 10:20:42,XOM,32.49,59,ASK
2020-10-30 10:39:28,XOM,32.45,52,BID
2020-10-30 10:39:28,XOM,32.46,21,ASK
2020-10-30 10:39:28,XOM,32.46,33,BID
2020-10-30 10:39:28,XOM,32.47,22,ASK
2020-10-30 10:39:29,XOM,32.46,15,BID
2020-10-30 10:39:29,XOM,32.47,40,ASK
2020-10-30 10:39:30,XOM,32.45,45,BID
2020-10-30 10:39:29,XOM,32.47,40,ASK
2020-10-30 10:39:32,XOM,32.46,32,BID
2020-10-30 10:39:32,XOM,32.47,70,ASK
2020-10-30 10:39:32,XOM,32.46,32,BID
2020-10-30 10:39:32,XOM,32.47,67,ASK
2020-10-30 10:39:32,XOM,32.46,32,BID
2020-10-30 10:39:32,XOM,32.47,67,ASK
2020-10-30 10:39:33,XOM,32.46,32,BID
2020-10-30 10:39:32,XOM,32.47,71,ASK
2020-10-30 10:39:36,XOM,32.44,46,BID
2020-10-30 10:39:36,XOM,32.45,39,ASK
2020-10-30 10:39:37,XOM,32.43,51,BID
2020-10-30 10:39:37,XOM,32.44,22,ASK
2020-10-30 10:39:38,XOM,32.43,49,BID
2020-10-30 10:39:37,XOM,32.44,38,ASK
2020-10-30 10:39:39,XOM,32.42,15,BID
2020-10-30 10:39:39,XOM,32.43,26,ASK
2020-10-30 10:38:37,XOM,32.41,31,BID
2020-10-30 10:39:41,XOM,32.42,9,ASK
2020-10-30 10:38:37,XOM,32.41,33,BID
2020-10-30 10:39:41,XOM,32.42,12,ASK
2020-10-30 10:39:42,XOM,32.43,28,BID
2020-10-30 10:39:41,XOM,32.44,34,ASK
2020-10-30 10:39:44,XOM,32.43,17,BID
2020-10-30 10:39:44,XOM,32.44,38,ASK
2020-10-30 10:39:44,XOM,32.43,38,BID
2020-10-30 10:39:44,XOM,32.44,33,ASK
2020-10-30 10:39:44,XOM,32.43,38,BID
2020-10-30 10:39:44,XOM,32.44,35,ASK
2020-10-30 10:39:44,XOM,32.43,24,BID
2020-10-30 10:39:44,XOM,32.44,33,ASK
2020-10-30 10:39:44,XOM,32.43,12,BID
2020-10-30 10:39:44,XOM,32.44,34,ASK
2020-10-30 10:39:44,XOM,32.43,21,BID
2020-10-30 10:39:44,XOM,32.44,34,ASK
2020-10-30 10:39:44,XOM,32.43,22,BID
2020-10-30 10:39:44,XOM,32.44,37,ASK
2020-10-30 10:39:52,XOM,32.44,36,BID
2020-10-30 10:39:36,XOM,32.45,36,ASK
2020-10-30 10:39:53,XOM,32.45,69,BID
2020-10-30 10:39:34,XOM,32.46,19,ASK
2020-10-30 10:39:53,XOM,32.45,68,BID
2020-10-30 10:39:55,XOM,32.46,23,ASK
2020-10-30 10:39:53,XOM,32.45,64,BID
2020-10-30 10:39:56,XOM,32.46,26,ASK
2020-10-30 10:39:58,XOM,32.45,4,BID
2020-10-30 10:39:57,XOM,32.46,44,ASK
2020-10-30 10:39:58,XOM,32.45,8,BID
2020-10-30 10:39:57,XOM,32.46,47,ASK
2020-10-30 10:39:44,XOM,32.43,48,BID
2020-10-30 10:40:00,XOM,32.44,33,ASK
2020-10-30 10:39:44,XOM,32.43,49,BID
2020-10-30 10:40:00,XOM,32.44,31,ASK
2020-10-30 10:39:44,XOM,32.43,48,BID
2020-10-30 10:40:00,XOM,32.44,31,ASK
2020-10-30 10:39:44,XOM,32.43,48,BID
2020-10-30 10:40:00,XOM,32.44,31,ASK
2020-10-30 10:39:44,XOM,32.43,48,BID
2020-10-30 10:40:00,XOM,32.44,31,ASK
2020-10-30 10:39:44,XOM,32.43,36,BID
2020-10-30 10:40:00,XOM,32.44,30,ASK
2020-10-30 10:39:44,XOM,32.43,48,BID
2020-10-30 10:40:00,XOM,32.44,30,ASK
2020-10-30 10:39:44,XOM,32.43,48,BID
2020-10-30 10:40:00,XOM,32.44,30,ASK
2020-10-30 10:39:44,XOM,32.43,37,BID
2020-10-30 10:40:01,XOM,32.44,37,ASK
2020-10-30 10:39:44,XOM,32.43,38,BID
2020-10-30 10:40:01,XOM,32.44,37,ASK
2020-10-30 10:39:41,XOM,32.42,62,BID
2020-10-30 10:40:02,XOM,32.43,41,ASK
2020-10-30 10:38:37,XOM,32.41,29,BID
2020-10-30 10:40:03,XOM,32.42,60,ASK
2020-10-30 10:40:03,XOM,32.41,20,BID
2020-10-30 10:40:03,XOM,32.42,41,ASK
2020-10-30 10:40:05,XOM,32.42,33,BID
2020-10-30 10:40:02,XOM,32.43,68,ASK
2020-10-30 10:40:07,XOM,32.4,21,BID
2020-10-30 10:40:07,XOM,32.41,12,ASK
2020-10-30 10:40:08,XOM,32.41,53,BID
2020-10-30 10:40:06,XOM,32.42,34,ASK
2020-10-30 10:40:08,XOM,32.41,22,BID
2020-10-30 10:40:06,XOM,32.42,34,ASK
2020-10-30 10:40:09,XOM,32.41,50,BID
2020-10-30 10:40:06,XOM,32.42,35,ASK
2020-10-30 10:40:09,XOM,32.41,48,BID
2020-10-30 10:40:06,XOM,32.42,31,ASK
2020-10-30 10:40:09,XOM,32.41,48,BID
2020-10-30 10:40:06,XOM,32.42,44,ASK
2020-10-30 10:40:09,XOM,32.41,48,BID
2020-10-30 10:40:06,XOM,32.42,44,ASK
2020-10-30 10:40:13,XOM,32.4,6,BID
2020-10-30 10:40:13,XOM,32.41,65,ASK
2020-10-30 10:38:13,XOM,32.39,33,BID
2020-10-30 10:40:13,XOM,32.4,30,ASK
2020-10-30 10:38:13,XOM,32.39,32,BID
2020-10-30 10:40:14,XOM,32.4,35,ASK
2020-10-30 10:40:14,XOM,32.39,20,BID
2020-10-30 10:40:14,XOM,32.4,39,ASK
2020-10-30 10:40:17,XOM,32.39,40,BID
2020-10-30 10:40:17,XOM,32.4,32,ASK
2020-10-30 10:40:17,XOM,32.4,43,BID
2020-10-30 10:40:17,XOM,32.41,10,ASK
2020-10-30 10:40:17,XOM,32.41,8,BID
2020-10-30 10:40:06,XOM,32.42,33,ASK
2020-10-30 10:40:18,XOM,32.41,13,BID
2020-10-30 10:40:06,XOM,32.42,38,ASK
2020-10-30 10:40:18,XOM,32.41,12,BID
2020-10-30 10:40:06,XOM,32.42,63,ASK
2020-10-30 10:40:18,XOM,32.4,42,BID
2020-10-30 10:40:18,XOM,32.41,36,ASK
2020-10-30 10:40:18,XOM,32.4,42,BID
2020-10-30 10:40:18,XOM,32.41,16,ASK
2020-10-30 10:40:19,XOM,32.4,39,BID
2020-10-30 10:40:19,XOM,32.41,16,ASK
2020-10-30 10:40:19,XOM,32.4,39,BID
2020-10-30 10:40:19,XOM,32.41,65,ASK
2020-10-30 10:40:17,XOM,32.39,38,BID
2020-10-30 10:40:19,XOM,32.4,26,ASK
2020-10-30 10:40:26,XOM,32.39,46,BID
2020-10-30 10:40:28,XOM,32.4,7,ASK
2020-10-30 10:40:30,XOM,32.4,36,BID
2020-10-30 10:40:27,XOM,32.41,66,ASK
2020-10-30 10:40:26,XOM,32.39,34,BID
2020-10-30 10:40:31,XOM,32.4,44,ASK
2020-10-30 10:40:26,XOM,32.39,34,BID
2020-10-30 10:40:31,XOM,32.4,45,ASK
2020-10-30 10:40:32,XOM,32.4,5,BID
2020-10-30 10:40:27,XOM,32.41,92,ASK
2020-10-30 10:40:33,XOM,32.4,11,BID
2020-10-30 10:40:27,XOM,32.41,64,ASK
2020-10-30 10:40:32,XOM,32.38,49,BID
2020-10-30 10:40:34,XOM,32.4,30,ASK
2020-10-30 10:40:35,XOM,32.39,51,BID
2020-10-30 10:40:35,XOM,32.4,28,ASK
2020-10-30 10:40:36,XOM,32.41,48,BID
2020-10-30 10:40:25,XOM,32.42,44,ASK
2020-10-30 10:40:36,XOM,32.41,45,BID
2020-10-30 10:40:25,XOM,32.42,33,ASK
2020-10-30 10:40:36,XOM,32.41,44,BID
2020-10-30 10:40:38,XOM,32.42,36,ASK
2020-10-30 10:40:39,XOM,32.41,44,BID
2020-10-30 10:40:38,XOM,32.42,17,ASK
2020-10-30 10:40:41,XOM,32.42,13,BID
2020-10-30 10:40:03,XOM,32.43,75,ASK
2020-10-30 10:40:42,XOM,32.42,14,BID
2020-10-30 10:40:03,XOM,32.43,76,ASK
2020-10-30 10:40:43,XOM,32.42,1,BID
2020-10-30 10:40:03,XOM,32.43,79,ASK
2020-10-30 10:40:39,XOM,32.41,68,BID
2020-10-30 10:40:45,XOM,32.42,26,ASK
2020-10-30 10:40:46,XOM,32.42,55,BID
2020-10-30 10:40:46,XOM,32.44,45,ASK
2020-10-30 10:40:46,XOM,32.42,54,BID
2020-10-30 10:40:46,XOM,32.44,46,ASK
2020-10-30 10:40:48,XOM,32.42,19,BID
2020-10-30 10:40:48,XOM,32.43,22,ASK
2020-10-30 10:40:50,XOM,32.42,30,BID
2020-10-30 10:40:50,XOM,32.43,28,ASK
2020-10-30 10:40:39,XOM,32.41,45,BID
2020-10-30 10:40:51,XOM,32.42,47,ASK
2020-10-30 10:40:39,XOM,32.41,52,BID
2020-10-30 10:40:52,XOM,32.42,48,ASK
2020-10-30 10:40:39,XOM,32.41,60,BID
2020-10-30 10:40:53,XOM,32.42,51,ASK
2020-10-30 10:40:39,XOM,32.41,56,BID
2020-10-30 10:40:54,XOM,32.42,30,ASK
2020-10-30 10:40:39,XOM,32.41,60,BID
2020-10-30 10:40:54,XOM,32.42,31,ASK
2020-10-30 10:40:55,XOM,32.42,1,BID
2020-10-30 10:40:55,XOM,32.42,6,ASK
2020-10-30 10:40:55,XOM,32.42,1,BID
2020-10-30 10:40:55,XOM,32.42,6,ASK
2020-10-30 10:40:57,XOM,32.43,32,BID
2020-10-30 10:40:57,XOM,32.44,54,ASK
2020-10-30 10:40:58,XOM,32.42,7,BID
2020-10-30 10:40:58,XOM,32.43,78,ASK
2020-10-30 10:40:58,XOM,32.42,9,BID
2020-10-30 10:40:58,XOM,32.43,79,ASK
2020-10-30 10:40:39,XOM,32.41,62,BID
2020-10-30 10:41:00,XOM,32.42,62,ASK
2020-10-30 10:40:39,XOM,32.41,46,BID
2020-10-30 10:41:01,XOM,32.42,64,ASK
2020-10-30 10:40:39,XOM,32.41,44,BID
2020-10-30 10:41:02,XOM,32.42,63,ASK
2020-10-30 10:41:04,XOM,32.4,31,BID
2020-10-30 10:41:04,XOM,32.41,38,ASK
2020-10-30 10:41:04,XOM,32.4,66,BID
2020-10-30 10:41:04,XOM,32.41,39,ASK
2020-10-30 10:41:05,XOM,32.42,32,BID
2020-10-30 10:40:58,XOM,32.43,81,ASK
2020-10-30 10:41:04,XOM,32.4,57,BID
2020-10-30 10:41:06,XOM,32.41,35,ASK
2020-10-30 10:41:07,XOM,32.39,44,BID
2020-10-30 10:41:07,XOM,32.4,21,ASK
2020-10-30 10:41:08,XOM,32.4,56,BID
2020-10-30 10:41:06,XOM,32.41,41,ASK
2020-10-30 10:41:09,XOM,32.39,58,BID
2020-10-30 10:41:10,XOM,32.4,14,ASK
2020-10-30 10:41:10,XOM,32.39,66,BID
2020-10-30 10:41:11,XOM,32.4,9,ASK
2020-10-30 10:41:12,XOM,32.41,19,BID
2020-10-30 10:41:06,XOM,32.42,38,ASK
2020-10-30 10:41:11,XOM,32.4,47,BID
2020-10-30 10:41:06,XOM,32.42,38,ASK
2020-10-30 10:41:11,XOM,32.4,40,BID
2020-10-30 10:41:14,XOM,32.41,35,ASK
2020-10-30 10:41:16,XOM,32.39,58,BID
2020-10-30 10:41:16,XOM,32.4,68,ASK
2020-10-30 10:41:16,XOM,32.4,41,BID
2020-10-30 10:41:16,XOM,32.41,26,ASK
2020-10-30 10:41:17,XOM,32.4,55,BID
2020-10-30 10:41:17,XOM,32.41,24,ASK
2020-10-30 10:41:18,XOM,32.4,25,BID
2020-10-30 10:41:18,XOM,32.41,23,ASK
2020-10-30 10:41:17,XOM,32.39,32,BID
2020-10-30 10:41:19,XOM,32.4,81,ASK
2020-10-30 10:40:32,XOM,32.38,44,BID
2020-10-30 10:41:20,XOM,32.39,24,ASK
2020-10-30 10:40:32,XOM,32.38,42,BID
2020-10-30 10:41:21,XOM,32.39,27,ASK
2020-10-30 10:41:22,XOM,32.38,29,BID
2020-10-30 10:41:22,XOM,32.39,41,ASK
2020-10-30 10:41:22,XOM,32.37,29,BID
2020-10-30 10:41:22,XOM,32.38,97,ASK
2020-10-30 10:41:22,XOM,32.37,16,BID
2020-10-30 10:41:22,XOM,32.38,94,ASK
2020-10-30 10:41:23,XOM,32.36,24,BID
2020-10-30 10:41:23,XOM,32.37,32,ASK
2020-10-30 10:41:23,XOM,32.36,28,BID
2020-10-30 10:41:23,XOM,32.37,2,ASK
2020-10-30 10:41:23,XOM,32.36,36,BID
2020-10-30 10:41:22,XOM,32.38,91,ASK
2020-10-30 10:41:25,XOM,32.37,26,BID
2020-10-30 10:41:22,XOM,32.38,87,ASK
2020-10-30 10:41:25,XOM,32.39,56,BID
2020-10-30 10:41:26,XOM,32.4,59,ASK
2020-10-30 10:41:26,XOM,32.39,45,BID
2020-10-30 10:41:26,XOM,32.4,45,ASK
2020-10-30 10:41:27,XOM,32.39,41,BID
2020-10-30 10:41:26,XOM,32.4,50,ASK
2020-10-30 10:41:28,XOM,32.37,29,BID
2020-10-30 10:41:27,XOM,32.38,56,ASK
2020-10-30 10:41:28,XOM,32.37,56,BID
2020-10-30 10:41:27,XOM,32.38,54,ASK
2020-10-30 10:41:28,XOM,32.37,46,BID
2020-10-30 10:41:29,XOM,32.38,36,ASK
2020-10-30 10:41:30,XOM,32.38,15,BID
2020-10-30 10:41:27,XOM,32.39,43,ASK
2020-10-30 10:41:30,XOM,32.38,16,BID
2020-10-30 10:41:27,XOM,32.39,43,ASK
2020-10-30 10:41:28,XOM,32.37,43,BID
2020-10-30 10:41:27,XOM,32.39,45,ASK
2020-10-30 10:41:28,XOM,32.37,37,BID
2020-10-30 10:41:35,XOM,32.38,37,ASK
2020-10-30 10:41:28,XOM,32.37,42,BID
2020-10-30 10:41:36,XOM,32.38,60,ASK
2020-10-30 10:41:28,XOM,32.37,41,BID
2020-10-30 10:41:36,XOM,32.38,60,ASK
2020-10-30 10:41:38,XOM,32.38,12,BID
2020-10-30 10:41:27,XOM,32.39,61,ASK
2020-10-30 10:41:23,XOM,32.36,33,BID
2020-10-30 10:41:40,XOM,32.37,4,ASK
2020-10-30 10:41:41,XOM,32.36,29,BID
2020-10-30 10:41:41,XOM,32.37,37,ASK
2020-10-30 10:41:41,XOM,32.35,52,BID
2020-10-30 10:41:41,XOM,32.36,80,ASK
2020-10-30 10:41:41,XOM,32.35,73,BID
2020-10-30 10:41:42,XOM,32.36,24,ASK
2020-10-30 10:41:43,XOM,32.36,65,BID
2020-10-30 10:41:43,XOM,32.37,32,ASK
2020-10-30 10:41:44,XOM,32.37,39,BID
2020-10-30 10:41:43,XOM,32.38,31,ASK
2020-10-30 10:41:45,XOM,32.37,41,BID
2020-10-30 10:41:44,XOM,32.38,35,ASK
2020-10-30 10:41:45,XOM,32.38,59,BID
2020-10-30 10:41:27,XOM,32.39,62,ASK
2020-10-30 10:41:45,XOM,32.38,46,BID
2020-10-30 10:41:27,XOM,32.39,53,ASK
2020-10-30 10:41:47,XOM,32.38,19,BID
2020-10-30 10:41:27,XOM,32.39,54,ASK
2020-10-30 10:41:47,XOM,32.38,36,BID
2020-10-30 10:41:27,XOM,32.39,53,ASK
2020-10-30 10:41:48,XOM,32.38,37,BID
2020-10-30 10:41:49,XOM,32.39,42,ASK
2020-10-30 10:41:50,XOM,32.4,26,BID
2020-10-30 10:41:14,XOM,32.41,13,ASK
2020-10-30 10:41:50,XOM,32.4,42,BID
2020-10-30 10:41:50,XOM,32.41,23,ASK
2020-10-30 10:41:50,XOM,32.39,8,BID
2020-10-30 10:41:50,XOM,32.4,87,ASK
2020-10-30 10:41:50,XOM,32.37,45,BID
2020-10-30 10:41:50,XOM,32.38,56,ASK
2020-10-30 10:41:51,XOM,32.37,41,BID
2020-10-30 10:41:50,XOM,32.38,40,ASK
2020-10-30 10:41:52,XOM,32.38,22,BID
2020-10-30 10:41:52,XOM,32.39,53,ASK
2020-10-30 10:41:54,XOM,32.38,19,BID
2020-10-30 10:41:52,XOM,32.39,54,ASK
2020-10-30 10:41:54,XOM,32.4,32,BID
2020-10-30 10:41:54,XOM,32.41,25,ASK
2020-10-30 10:41:55,XOM,32.41,46,BID
2020-10-30 10:41:55,XOM,32.42,52,ASK
2020-10-30 10:41:56,XOM,32.41,28,BID
2020-10-30 10:41:56,XOM,32.42,39,ASK
2020-10-30 10:41:57,XOM,32.42,61,BID
2020-10-30 10:41:58,XOM,32.43,19,ASK
2020-10-30 10:41:58,XOM,32.43,39,BID
2020-10-30 10:41:58,XOM,32.45,59,ASK
2020-10-30 10:41:59,XOM,32.42,25,BID
2020-10-30 10:41:59,XOM,32.43,59,ASK
2020-10-30 10:41:56,XOM,32.41,43,BID
2020-10-30 10:42:00,XOM,32.42,68,ASK
2020-10-30 10:42:00,XOM,32.4,36,BID
2020-10-30 10:42:00,XOM,32.41,38,ASK
2020-10-30 10:42:01,XOM,32.42,8,BID
2020-10-30 10:41:59,XOM,32.43,52,ASK
2020-10-30 10:42:00,XOM,32.4,47,BID
2020-10-30 10:42:02,XOM,32.42,61,ASK
2020-10-30 10:42:03,XOM,32.4,32,BID
2020-10-30 10:42:03,XOM,32.41,33,ASK
2020-10-30 10:42:03,XOM,32.4,50,BID
2020-10-30 10:42:03,XOM,32.41,35,ASK
2020-10-30 10:42:03,XOM,32.4,28,BID
2020-10-30 10:42:03,XOM,32.41,36,ASK
2020-10-30 10:41:54,XOM,32.39,52,BID
2020-10-30 10:42:04,XOM,32.4,41,ASK
2020-10-30 10:41:54,XOM,32.39,56,BID
2020-10-30 10:42:05,XOM,32.41,30,ASK
2020-10-30 10:42:05,XOM,32.41,1,BID
2020-10-30 10:42:05,XOM,32.41,1,ASK
2020-10-30 10:42:06,XOM,32.4,12,BID
2020-10-30 10:42:06,XOM,32.41,61,ASK
2020-10-30 10:42:07,XOM,32.4,12,BID
2020-10-30 10:42:06,XOM,32.41,61,ASK
2020-10-30 10:42:07,XOM,32.4,12,BID
2020-10-30 10:42:06,XOM,32.41,61,ASK
2020-10-30 10:42:09,XOM,32.41,65,BID
2020-10-30 10:42:09,XOM,32.42,40,ASK
2020-10-30 10:42:11,XOM,32.42,26,BID
2020-10-30 10:42:10,XOM,32.43,43,ASK
2020-10-30 10:42:11,XOM,32.42,27,BID
2020-10-30 10:42:11,XOM,32.43,33,ASK
2020-10-30 10:42:12,XOM,32.42,27,BID
2020-10-30 10:42:12,XOM,32.43,31,ASK
2020-10-30 10:42:13,XOM,32.43,22,BID
2020-10-30 10:42:13,XOM,32.44,12,ASK
2020-10-30 10:42:13,XOM,32.43,20,BID
2020-10-30 10:42:14,XOM,32.44,15,ASK
2020-10-30 10:42:15,XOM,32.42,9,BID
2020-10-30 10:42:15,XOM,32.43,30,ASK
2020-10-30 10:42:16,XOM,32.42,10,BID
2020-10-30 10:42:16,XOM,32.43,31,ASK
2020-10-30 10:42:16,XOM,32.42,10,BID
2020-10-30 10:42:16,XOM,32.43,29,ASK
2020-10-30 10:42:09,XOM,32.41,59,BID
2020-10-30 10:42:18,XOM,32.42,33,ASK
2020-10-30 10:42:09,XOM,32.41,61,BID
2020-10-30 10:42:18,XOM,32.42,29,ASK
2020-10-30 10:42:19,XOM,32.42,66,BID
2020-10-30 10:42:20,XOM,32.43,28,ASK
2020-10-30 10:42:21,XOM,32.42,31,BID
2020-10-30 10:42:21,XOM,32.43,32,ASK
2020-10-30 10:42:21,XOM,32.42,39,BID
2020-10-30 10:42:22,XOM,32.43,29,ASK
2020-10-30 10:42:09,XOM,32.41,65,BID
2020-10-30 10:42:24,XOM,32.42,26,ASK
2020-10-30 10:42:25,XOM,32.42,30,BID
2020-10-30 10:42:22,XOM,32.43,34,ASK
2020-10-30 10:42:26,XOM,32.43,40,BID
2020-10-30 10:42:20,XOM,32.44,52,ASK
2020-10-30 10:42:26,XOM,32.43,37,BID
2020-10-30 10:42:20,XOM,32.44,51,ASK
2020-10-30 10:42:25,XOM,32.42,30,BID
2020-10-30 10:42:28,XOM,32.43,33,ASK
2020-10-30 10:42:25,XOM,32.42,34,BID
2020-10-30 10:42:29,XOM,32.43,33,ASK
2020-10-30 10:42:30,XOM,32.42,37,BID
2020-10-30 10:42:30,XOM,32.43,48,ASK
2020-10-30 10:42:31,XOM,32.41,71,BID
2020-10-30 10:42:32,XOM,32.42,40,ASK
2020-10-30 10:42:31,XOM,32.41,34,BID
2020-10-30 10:42:32,XOM,32.42,63,ASK
2020-10-30 10:42:06,XOM,32.4,35,BID
2020-10-30 10:42:35,XOM,32.41,38,ASK
2020-10-30 10:41:54,XOM,32.38,46,BID
2020-10-30 10:42:36,XOM,32.39,7,ASK
2020-10-30 10:42:37,XOM,32.39,33,BID
2020-10-30 10:42:36,XOM,32.4,90,ASK
2020-10-30 10:42:38,XOM,32.38,27,BID
2020-10-30 10:42:38,XOM,32.39,102,ASK
2020-10-30 10:42:38,XOM,32.38,22,BID
2020-10-30 10:42:38,XOM,32.39,105,ASK
2020-10-30 10:41:51,XOM,32.37,37,BID
2020-10-30 10:42:39,XOM,32.38,42,ASK
2020-10-30 10:42:40,XOM,32.36,21,BID
2020-10-30 10:42:41,XOM,32.37,50,ASK
2020-10-30 10:42:40,XOM,32.36,39,BID
2020-10-30 10:42:42,XOM,32.37,23,ASK
2020-10-30 10:42:40,XOM,32.36,39,BID
2020-10-30 10:42:43,XOM,32.37,23,ASK
2020-10-30 10:42:44,XOM,32.36,56,BID
2020-10-30 10:42:44,XOM,32.37,41,ASK
2020-10-30 10:42:44,XOM,32.35,63,BID
2020-10-30 10:42:44,XOM,32.37,42,ASK
2020-10-30 10:42:46,XOM,32.36,41,BID
2020-10-30 10:42:44,XOM,32.37,43,ASK
2020-10-30 10:42:48,XOM,32.36,45,BID
2020-10-30 10:42:48,XOM,32.37,35,ASK
2020-10-30 10:42:49,XOM,32.36,31,BID
2020-10-30 10:42:48,XOM,32.37,52,ASK
2020-10-30 10:42:44,XOM,32.35,60,BID
2020-10-30 10:42:50,XOM,32.36,26,ASK
2020-10-30 10:42:44,XOM,32.35,59,BID
2020-10-30 10:42:50,XOM,32.36,25,ASK
2020-10-30 10:42:52,XOM,32.37,62,BID
2020-10-30 10:42:52,XOM,32.38,27,ASK
2020-10-30 10:42:53,XOM,32.38,26,BID
2020-10-30 10:42:38,XOM,32.39,93,ASK
2020-10-30 10:42:54,XOM,32.38,29,BID
2020-10-30 10:42:54,XOM,32.39,61,ASK
2020-10-30 10:42:55,XOM,32.38,24,BID
2020-10-30 10:42:55,XOM,32.39,54,ASK
2020-10-30 10:42:56,XOM,32.38,24,BID
2020-10-30 10:42:55,XOM,32.39,53,ASK
2020-10-30 10:42:57,XOM,32.38,27,BID
2020-10-30 10:42:55,XOM,32.39,50,ASK
2020-10-30 10:42:57,XOM,32.38,27,BID
2020-10-30 10:42:57,XOM,32.39,47,ASK
2020-10-30 10:42:58,XOM,32.38,29,BID
2020-10-30 10:42:57,XOM,32.39,54,ASK
2020-10-30 10:42:59,XOM,32.38,34,BID
2020-10-30 10:42:59,XOM,32.39,29,ASK
2020-10-30 10:42:52,XOM,32.37,90,BID
2020-10-30 10:43:00,XOM,32.38,1,ASK
2020-10-30 10:43:00,XOM,32.38,57,BID
2020-10-30 10:43:00,XOM,32.39,31,ASK
2020-10-30 10:43:00,XOM,32.39,29,BID
2020-10-30 10:42:36,XOM,32.4,73,ASK
2020-10-30 10:43:01,XOM,32.39,35,BID
2020-10-30 10:42:36,XOM,32.4,71,ASK
2020-10-30 10:43:01,XOM,32.39,35,BID
2020-10-30 10:42:36,XOM,32.4,71,ASK
2020-10-30 10:43:01,XOM,32.4,42,BID
2020-10-30 10:42:35,XOM,32.41,39,ASK
2020-10-30 10:43:02,XOM,32.4,34,BID
2020-10-30 10:42:35,XOM,32.41,41,ASK
2020-10-30 10:43:02,XOM,32.4,24,BID
2020-10-30 10:42:35,XOM,32.41,42,ASK
2020-10-30 10:43:03,XOM,32.4,69,BID
2020-10-30 10:43:03,XOM,32.41,44,ASK
2020-10-30 10:43:03,XOM,32.41,13,BID
2020-10-30 10:42:32,XOM,32.42,47,ASK
2020-10-30 10:43:03,XOM,32.41,32,BID
2020-10-30 10:43:03,XOM,32.42,42,ASK
2020-10-30 10:43:03,XOM,32.41,29,BID
2020-10-30 10:43:04,XOM,32.42,35,ASK
2020-10-30 10:43:03,XOM,32.41,27,BID
2020-10-30 10:43:04,XOM,32.42,35,ASK
2020-10-30 10:43:05,XOM,32.4,47,BID
2020-10-30 10:43:04,XOM,32.41,61,ASK
2020-10-30 10:43:05,XOM,32.4,37,BID
2020-10-30 10:43:04,XOM,32.41,65,ASK
2020-10-30 10:43:05,XOM,32.4,37,BID
2020-10-30 10:43:04,XOM,32.41,68,ASK
2020-10-30 10:43:01,XOM,32.39,35,BID
2020-10-30 10:43:06,XOM,32.4,65,ASK
2020-10-30 10:43:01,XOM,32.39,29,BID
2020-10-30 10:43:07,XOM,32.4,35,ASK
2020-10-30 10:43:01,XOM,32.39,31,BID
2020-10-30 10:43:07,XOM,32.4,7,ASK
2020-10-30 10:43:08,XOM,32.4,31,BID
2020-10-30 10:43:04,XOM,32.41,64,ASK
2020-10-30 10:43:01,XOM,32.39,33,BID
2020-10-30 10:43:09,XOM,32.4,28,ASK
2020-10-30 10:43:01,XOM,32.39,31,BID
2020-10-30 10:43:10,XOM,32.4,26,ASK
2020-10-30 10:43:01,XOM,32.39,32,BID
2020-10-30 10:43:10,XOM,32.4,9,ASK
2020-10-30 10:43:01,XOM,32.39,33,BID
2020-10-30 10:43:11,XOM,32.4,39,ASK
2020-10-30 10:43:01,XOM,32.39,35,BID
2020-10-30 10:43:11,XOM,32.4,32,ASK
2020-10-30 10:43:13,XOM,32.4,42,BID
2020-10-30 10:43:04,XOM,32.41,63,ASK
2020-10-30 10:43:13,XOM,32.4,69,BID
2020-10-30 10:43:04,XOM,32.41,42,ASK
2020-10-30 10:43:13,XOM,32.4,46,BID
2020-10-30 10:43:04,XOM,32.41,42,ASK
2020-10-30 10:43:15,XOM,32.41,48,BID
2020-10-30 10:43:04,XOM,32.42,33,ASK
2020-10-30 10:43:16,XOM,32.41,27,BID
2020-10-30 10:43:04,XOM,32.42,54,ASK
2020-10-30 10:43:16,XOM,32.41,15,BID
2020-10-30 10:43:04,XOM,32.42,53,ASK
2020-10-30 10:43:01,XOM,32.39,27,BID
2020-10-30 10:43:18,XOM,32.4,62,ASK
2020-10-30 10:43:18,XOM,32.39,30,BID
2020-10-30 10:43:18,XOM,32.4,40,ASK
2020-10-30 10:43:00,XOM,32.38,50,BID
2020-10-30 10:43:19,XOM,32.39,93,ASK
2020-10-30 10:43:20,XOM,32.37,34,BID
2020-10-30 10:43:19,XOM,32.39,96,ASK
2020-10-30 10:43:20,XOM,32.37,27,BID
2020-10-30 10:43:20,XOM,32.38,16,ASK
2020-10-30 10:43:21,XOM,32.36,36,BID
2020-10-30 10:43:21,XOM,32.37,14,ASK
2020-10-30 10:42:44,XOM,32.35,61,BID
2020-10-30 10:43:22,XOM,32.36,30,ASK
2020-10-30 10:43:22,XOM,32.35,38,BID
2020-10-30 10:43:22,XOM,32.36,29,ASK
2020-10-30 10:43:22,XOM,32.35,40,BID
2020-10-30 10:43:23,XOM,32.36,30,ASK
2020-10-30 10:43:23,XOM,32.35,18,BID
2020-10-30 10:43:23,XOM,32.36,45,ASK
2020-10-30 10:43:23,XOM,32.35,31,BID
2020-10-30 10:43:23,XOM,32.36,68,ASK
2020-10-30 10:43:23,XOM,32.34,36,BID
2020-10-30 10:43:23,XOM,32.35,11,ASK
2020-10-30 10:43:24,XOM,32.34,37,BID
2020-10-30 10:43:24,XOM,32.35,14,ASK
2020-10-30 10:43:24,XOM,32.34,43,BID
2020-10-30 10:43:24,XOM,32.35,15,ASK
2020-10-30 10:43:25,XOM,32.35,22,BID
2020-10-30 10:43:23,XOM,32.36,87,ASK
2020-10-30 10:43:26,XOM,32.34,40,BID
2020-10-30 10:43:25,XOM,32.35,48,ASK
2020-10-30 10:43:26,XOM,32.34,38,BID
2020-10-30 10:43:27,XOM,32.35,41,ASK
2020-10-30 10:43:28,XOM,32.34,27,BID
2020-10-30 10:43:27,XOM,32.35,53,ASK
2020-10-30 10:43:30,XOM,32.34,38,BID
2020-10-30 10:43:30,XOM,32.35,28,ASK
2020-10-30 10:43:30,XOM,32.34,39,BID
2020-10-30 10:43:30,XOM,32.35,26,ASK
2020-10-30 10:43:32,XOM,32.34,39,BID
2020-10-30 10:43:32,XOM,32.35,24,ASK
2020-10-30 10:43:32,XOM,32.34,45,BID
2020-10-30 10:43:32,XOM,32.35,21,ASK
2020-10-30 10:43:33,XOM,32.34,36,BID
2020-10-30 10:43:33,XOM,32.35,27,ASK
2020-10-30 10:43:34,XOM,32.34,35,BID
2020-10-30 10:43:35,XOM,32.35,20,ASK
2020-10-30 10:43:35,XOM,32.35,14,BID
2020-10-30 10:43:35,XOM,32.36,81,ASK
2020-10-30 10:43:34,XOM,32.34,37,BID
2020-10-30 10:43:37,XOM,32.35,41,ASK
2020-10-30 10:36:52,XOM,32.33,56,BID
2020-10-30 10:43:38,XOM,32.34,50,ASK
2020-10-30 10:43:39,XOM,32.33,54,BID
2020-10-30 10:43:38,XOM,32.34,44,ASK
2020-10-30 10:43:40,XOM,32.32,25,BID
2020-10-30 10:43:40,XOM,32.33,81,ASK
2020-10-30 10:43:40,XOM,32.32,32,BID
2020-10-30 10:43:38,XOM,32.34,53,ASK
2020-10-30 10:43:40,XOM,32.32,32,BID
2020-10-30 10:43:38,XOM,32.34,45,ASK
2020-10-30 10:43:42,XOM,32.33,40,BID
2020-10-30 10:43:43,XOM,32.34,44,ASK
2020-10-30 10:43:42,XOM,32.33,37,BID
2020-10-30 10:43:43,XOM,32.34,46,ASK
2020-10-30 10:43:45,XOM,32.32,28,BID
2020-10-30 10:43:45,XOM,32.33,37,ASK
2020-10-30 10:35:30,XOM,32.31,33,BID
2020-10-30 10:43:46,XOM,32.32,29,ASK
2020-10-30 10:35:30,XOM,32.31,35,BID
2020-10-30 10:43:46,XOM,32.32,8,ASK
2020-10-30 10:35:30,XOM,32.31,30,BID
2020-10-30 10:43:47,XOM,32.32,35,ASK
2020-10-30 10:43:47,XOM,32.31,17,BID
2020-10-30 10:43:47,XOM,32.32,47,ASK
2020-10-30 10:43:47,XOM,32.32,34,BID
2020-10-30 10:43:47,XOM,32.33,58,ASK
2020-10-30 10:43:47,XOM,32.31,43,BID
2020-10-30 10:43:48,XOM,32.32,25,ASK
2020-10-30 10:43:48,XOM,32.3,80,BID
2020-10-30 10:43:48,XOM,32.31,8,ASK
2020-10-30 10:43:49,XOM,32.3,75,BID
2020-10-30 10:43:49,XOM,32.31,4,ASK
2020-10-30 10:43:49,XOM,32.3,74,BID
2020-10-30 10:43:49,XOM,32.31,19,ASK
2020-10-30 10:43:49,XOM,32.3,74,BID
2020-10-30 10:43:49,XOM,32.31,31,ASK
2020-10-30 10:33:31,XOM,32.28,41,BID
2020-10-30 10:43:50,XOM,32.29,10,ASK
2020-10-30 10:33:31,XOM,32.28,44,BID
2020-10-30 10:43:50,XOM,32.29,11,ASK
2020-10-30 10:43:50,XOM,32.28,25,BID
2020-10-30 10:43:50,XOM,32.29,26,ASK
2020-10-30 10:33:24,XOM,32.26,43,BID
2020-10-30 10:43:50,XOM,32.27,3,ASK
2020-10-30 10:43:51,XOM,32.26,35,BID
2020-10-30 10:43:50,XOM,32.27,21,ASK
2020-10-30 10:43:51,XOM,32.25,41,BID
2020-10-30 10:43:51,XOM,32.26,3,ASK
2020-10-30 10:43:51,XOM,32.25,30,BID
2020-10-30 10:43:51,XOM,32.26,7,ASK
2020-10-30 10:43:52,XOM,32.25,3,BID
2020-10-30 10:43:52,XOM,32.26,26,ASK
2020-10-30 10:43:52,XOM,32.26,23,BID
2020-10-30 10:43:52,XOM,32.27,32,ASK
2020-10-30 10:43:52,XOM,32.26,86,BID
2020-10-30 10:43:52,XOM,32.27,38,ASK
2020-10-30 10:43:53,XOM,32.28,60,BID
2020-10-30 10:43:53,XOM,32.3,47,ASK
2020-10-30 10:43:53,XOM,32.29,44,BID
2020-10-30 10:43:53,XOM,32.3,23,ASK
2020-10-30 10:43:53,XOM,32.29,49,BID
2020-10-30 10:43:54,XOM,32.3,22,ASK
2020-10-30 10:43:54,XOM,32.29,47,BID
2020-10-30 10:43:54,XOM,32.3,26,ASK
2020-10-30 10:43:54,XOM,32.29,47,BID
2020-10-30 10:43:54,XOM,32.3,25,ASK
2020-10-30 10:43:53,XOM,32.28,54,BID
2020-10-30 10:43:55,XOM,32.29,13,ASK
2020-10-30 10:43:55,XOM,32.29,20,BID
2020-10-30 10:43:54,XOM,32.3,31,ASK
2020-10-30 10:43:55,XOM,32.29,21,BID
2020-10-30 10:43:55,XOM,32.3,26,ASK
2020-10-30 10:43:55,XOM,32.29,22,BID
2020-10-30 10:43:55,XOM,32.3,27,ASK
2020-10-30 10:43:56,XOM,32.29,19,BID
2020-10-30 10:43:55,XOM,32.3,43,ASK
2020-10-30 10:43:56,XOM,32.28,54,BID
2020-10-30 10:43:56,XOM,32.29,6,ASK
2020-10-30 10:43:56,XOM,32.29,2,BID
2020-10-30 10:43:56,XOM,32.3,49,ASK
2020-10-30 10:43:52,XOM,32.27,48,BID
2020-10-30 10:43:57,XOM,32.28,9,ASK
2020-10-30 10:43:52,XOM,32.27,46,BID
2020-10-30 10:43:57,XOM,32.29,35,ASK
2020-10-30 10:43:52,XOM,32.27,41,BID
2020-10-30 10:43:57,XOM,32.28,1,ASK
2020-10-30 10:43:59,XOM,32.27,31,BID
2020-10-30 10:43:58,XOM,32.28,10,ASK
2020-10-30 10:43:59,XOM,32.29,88,BID
2020-10-30 10:43:56,XOM,32.3,44,ASK
2020-10-30 10:44:00,XOM,32.29,13,BID
2020-10-30 10:43:56,XOM,32.3,55,ASK
2020-10-30 10:44:00,XOM,32.29,28,BID
2020-10-30 10:43:56,XOM,32.3,43,ASK
2020-10-30 10:44:00,XOM,32.29,32,BID
2020-10-30 10:44:01,XOM,32.3,38,ASK
2020-10-30 10:44:02,XOM,32.3,3,BID
2020-10-30 10:43:49,XOM,32.31,33,ASK
2020-10-30 10:44:02,XOM,32.3,35,BID
2020-10-30 10:44:02,XOM,32.31,50,ASK
2020-10-30 10:44:03,XOM,32.3,36,BID
2020-10-30 10:44:02,XOM,32.31,48,ASK
2020-10-30 10:44:03,XOM,32.3,47,BID
2020-10-30 10:44:03,XOM,32.31,25,ASK
2020-10-30 10:44:03,XOM,32.3,34,BID
2020-10-30 10:44:04,XOM,32.32,42,ASK
2020-10-30 10:44:00,XOM,32.29,35,BID
2020-10-30 10:44:04,XOM,32.3,12,ASK
2020-10-30 10:44:00,XOM,32.29,37,BID
2020-10-30 10:44:05,XOM,32.31,23,ASK
2020-10-30 10:44:00,XOM,32.29,37,BID
2020-10-30 10:44:05,XOM,32.3,10,ASK
2020-10-30 10:44:00,XOM,32.29,40,BID
2020-10-30 10:44:06,XOM,32.3,26,ASK
2020-10-30 10:44:06,XOM,32.3,2,BID
2020-10-30 10:44:06,XOM,32.31,40,ASK
2020-10-30 10:44:06,XOM,32.29,28,BID
2020-10-30 10:44:06,XOM,32.3,8,ASK
2020-10-30 10:44:06,XOM,32.29,29,BID
2020-10-30 10:44:07,XOM,32.3,14,ASK
2020-10-30 10:44:08,XOM,32.28,44,BID
2020-10-30 10:44:08,XOM,32.29,10,ASK
2020-10-30 10:44:08,XOM,32.29,23,BID
2020-10-30 10:44:08,XOM,32.3,30,ASK
2020-10-30 10:44:09,XOM,32.29,13,BID
2020-10-30 10:44:08,XOM,32.3,31,ASK
2020-10-30 10:44:08,XOM,32.28,25,BID
2020-10-30 10:44:10,XOM,32.29,4,ASK
2020-10-30 10:44:08,XOM,32.28,21,BID
2020-10-30 10:44:11,XOM,32.29,28,ASK
2020-10-30 10:43:52,XOM,32.26,54,BID
2020-10-30 10:44:12,XOM,32.27,9,ASK
2020-10-30 10:44:12,XOM,32.27,60,BID
2020-10-30 10:44:12,XOM,32.28,44,ASK
2020-10-30 10:44:13,XOM,32.28,18,BID
2020-10-30 10:44:12,XOM,32.29,36,ASK
2020-10-30 10:44:14,XOM,32.28,41,BID
2020-10-30 10:44:14,XOM,32.29,33,ASK
2020-10-30 10:44:15,XOM,32.28,56,BID
2020-10-30 10:44:14,XOM,32.29,26,ASK
2020-10-30 10:44:17,XOM,32.28,35,BID
2020-10-30 10:44:14,XOM,32.29,73,ASK
2020-10-30 10:43:52,XOM,32.26,50,BID
2020-10-30 10:44:19,XOM,32.27,18,ASK
2020-10-30 10:44:20,XOM,32.27,39,BID
2020-10-30 10:44:19,XOM,32.28,19,ASK
2020-10-30 10:43:52,XOM,32.26,51,BID
2020-10-30 10:44:22,XOM,32.27,14,ASK
2020-10-30 10:44:23,XOM,32.26,64,BID
2020-10-30 10:44:23,XOM,32.27,25,ASK
2020-10-30 10:44:23,XOM,32.26,63,BID
2020-10-30 10:44:24,XOM,32.27,1,ASK
2020-10-30 10:44:24,XOM,32.27,21,BID
2020-10-30 10:44:24,XOM,32.28,40,ASK
2020-10-30 10:44:25,XOM,32.29,41,BID
2020-10-30 10:44:08,XOM,32.3,48,ASK
2020-10-30 10:44:25,XOM,32.28,48,BID
2020-10-30 10:44:26,XOM,32.29,9,ASK
2020-10-30 10:44:27,XOM,32.28,1,BID
2020-10-30 10:44:26,XOM,32.29,42,ASK
2020-10-30 10:44:28,XOM,32.28,34,BID
2020-10-30 10:44:28,XOM,32.29,47,ASK
2020-10-30 10:44:30,XOM,32.28,31,BID
2020-10-30 10:44:29,XOM,32.29,34,ASK
2020-10-30 10:44:25,XOM,32.27,48,BID
2020-10-30 10:44:29,XOM,32.29,36,ASK
2020-10-30 10:44:25,XOM,32.27,44,BID
2020-10-30 10:44:32,XOM,32.28,10,ASK
2020-10-30 10:44:33,XOM,32.28,62,BID
2020-10-30 10:44:34,XOM,32.29,14,ASK
2020-10-30 10:44:35,XOM,32.28,34,BID
2020-10-30 10:44:35,XOM,32.29,27,ASK
2020-10-30 10:44:25,XOM,32.27,47,BID
2020-10-30 10:44:36,XOM,32.28,39,ASK
2020-10-30 10:44:25,XOM,32.27,45,BID
2020-10-30 10:44:36,XOM,32.28,38,ASK
2020-10-30 10:44:25,XOM,32.27,46,BID
2020-10-30 10:44:39,XOM,32.28,40,ASK
2020-10-30 10:44:40,XOM,32.27,2,BID
2020-10-30 10:44:40,XOM,32.27,84,ASK
2020-10-30 10:33:20,XOM,32.24,37,BID
2020-10-30 10:44:40,XOM,32.25,52,ASK
2020-10-30 10:44:41,XOM,32.26,64,BID
2020-10-30 10:44:40,XOM,32.27,86,ASK
2020-10-30 10:33:20,XOM,32.24,41,BID
2020-10-30 10:44:41,XOM,32.26,26,ASK
2020-10-30 10:33:20,XOM,32.24,40,BID
2020-10-30 10:44:41,XOM,32.26,26,ASK
2020-10-30 10:33:20,XOM,32.24,40,BID
2020-10-30 10:44:42,XOM,32.26,26,ASK
2020-10-30 10:33:20,XOM,32.24,35,BID
2020-10-30 10:44:43,XOM,32.25,32,ASK
2020-10-30 10:44:44,XOM,32.25,26,BID
2020-10-30 10:44:44,XOM,32.26,24,ASK
2020-10-30 10:44:44,XOM,32.25,31,BID
2020-10-30 10:44:45,XOM,32.26,21,ASK
2020-10-30 10:44:46,XOM,32.25,31,BID
2020-10-30 10:44:46,XOM,32.26,19,ASK
2020-10-30 10:44:48,XOM,32.25,29,BID
2020-10-30 10:44:48,XOM,32.26,25,ASK
2020-10-30 10:44:48,XOM,32.25,61,BID
2020-10-30 10:44:48,XOM,32.26,28,ASK
2020-10-30 10:44:49,XOM,32.26,36,BID
2020-10-30 10:44:49,XOM,32.27,74,ASK
2020-10-30 10:44:50,XOM,32.27,35,BID
2020-10-30 10:44:39,XOM,32.28,43,ASK
2020-10-30 10:44:50,XOM,32.26,17,BID
2020-10-30 10:44:50,XOM,32.27,24,ASK
2020-10-30 10:44:51,XOM,32.25,56,BID
2020-10-30 10:44:51,XOM,32.26,31,ASK
2020-10-30 10:33:20,XOM,32.24,78,BID
2020-10-30 10:44:52,XOM,32.25,45,ASK
2020-10-30 10:33:20,XOM,32.24,76,BID
2020-10-30 10:44:53,XOM,32.25,12,ASK
2020-10-30 10:33:20,XOM,32.24,60,BID
2020-10-30 10:44:54,XOM,32.25,30,ASK
2020-10-30 10:44:54,XOM,32.23,37,BID
2020-10-30 10:44:54,XOM,32.24,79,ASK
2020-10-30 10:44:54,XOM,32.24,21,BID
2020-10-30 10:44:54,XOM,32.25,54,ASK
2020-10-30 10:44:54,XOM,32.24,19,BID
2020-10-30 10:44:55,XOM,32.25,54,ASK
2020-10-30 10:44:54,XOM,32.24,19,BID
2020-10-30 10:44:55,XOM,32.25,54,ASK
2020-10-30 10:44:54,XOM,32.24,19,BID
2020-10-30 10:44:55,XOM,32.25,54,ASK
2020-10-30 10:44:54,XOM,32.24,19,BID
2020-10-30 10:44:55,XOM,32.25,54,ASK
2020-10-30 10:44:54,XOM,32.24,19,BID
2020-10-30 10:44:55,XOM,32.25,54,ASK
2020-10-30 10:44:54,XOM,32.24,19,BID
2020-10-30 10:44:55,XOM,32.25,54,ASK
2020-10-30 10:44:54,XOM,32.24,19,BID
2020-10-30 10:44:55,XOM,32.25,54,ASK
2020-10-30 10:44:54,XOM,32.24,19,BID
2020-10-30 10:44:55,XOM,32.25,54,ASK
2020-10-30 10:44:54,XOM,32.24,15,BID
2020-10-30 10:44:56,XOM,32.25,57,ASK
2020-10-30 10:44:57,XOM,32.24,28,BID
2020-10-30 10:44:57,XOM,32.25,51,ASK
2020-10-30 10:44:58,XOM,32.25,32,BID
2020-10-30 10:44:51,XOM,32.26,31,ASK
2020-10-30 10:44:59,XOM,32.25,80,BID
2020-10-30 10:45:00,XOM,32.26,27,ASK
2020-10-30 10:45:01,XOM,32.26,32,BID
2020-10-30 10:45:01,XOM,32.27,23,ASK
2020-10-30 10:45:01,XOM,32.26,36,BID
2020-10-30 10:45:01,XOM,32.27,25,ASK
2020-10-30 10:45:01,XOM,32.26,33,BID
2020-10-30 10:45:01,XOM,32.27,22,ASK
2020-10-30 10:44:59,XOM,32.25,38,BID
2020-10-30 10:45:02,XOM,32.26,34,ASK
2020-10-30 10:45:02,XOM,32.24,15,BID
2020-10-30 10:45:02,XOM,32.25,49,ASK
2020-10-30 10:44:54,XOM,32.23,45,BID
2020-10-30 10:45:03,XOM,32.24,34,ASK
2020-10-30 10:45:03,XOM,32.23,27,BID
2020-10-30 10:45:03,XOM,32.24,34,ASK
2020-10-30 10:33:16,XOM,32.22,67,BID
2020-10-30 10:45:03,XOM,32.23,17,ASK
2020-10-30 10:33:16,XOM,32.22,68,BID
2020-10-30 10:45:04,XOM,32.23,19,ASK
2020-10-30 10:33:16,XOM,32.22,64,BID
2020-10-30 10:45:04,XOM,32.23,19,ASK
2020-10-30 10:45:05,XOM,32.23,58,BID
2020-10-30 10:45:03,XOM,32.24,30,ASK
2020-10-30 10:45:06,XOM,32.24,55,BID
2020-10-30 10:45:05,XOM,32.25,34,ASK
2020-10-30 10:45:06,XOM,32.24,40,BID
2020-10-30 10:45:06,XOM,32.25,27,ASK
2020-10-30 10:45:06,XOM,32.24,41,BID
2020-10-30 10:45:07,XOM,32.25,39,ASK
2020-10-30 10:45:05,XOM,32.23,46,BID
2020-10-30 10:45:08,XOM,32.24,58,ASK
2020-10-30 10:45:09,XOM,32.23,3,BID
2020-10-30 10:45:08,XOM,32.24,54,ASK
2020-10-30 10:45:10,XOM,32.24,69,BID
2020-10-30 10:45:10,XOM,32.25,41,ASK
2020-10-30 10:45:10,XOM,32.24,65,BID
2020-10-30 10:45:11,XOM,32.25,12,ASK
2020-10-30 10:45:12,XOM,32.25,54,BID
2020-10-30 10:45:12,XOM,32.26,33,ASK
2020-10-30 10:45:13,XOM,32.25,53,BID
2020-10-30 10:45:13,XOM,32.26,32,ASK
2020-10-30 10:45:14,XOM,32.26,28,BID
2020-10-30 10:45:13,XOM,32.27,51,ASK
2020-10-30 10:45:13,XOM,32.25,53,BID
2020-10-30 10:45:13,XOM,32.27,26,ASK
2020-10-30 10:45:10,XOM,32.24,65,BID
2020-10-30 10:45:16,XOM,32.25,1,ASK
2020-10-30 10:45:16,XOM,32.24,27,BID
2020-10-30 10:45:16,XOM,32.25,27,ASK
2020-10-30 10:45:17,XOM,32.25,32,BID
2020-10-30 10:45:17,XOM,32.26,38,ASK
2020-10-30 10:45:18,XOM,32.24,41,BID
2020-10-30 10:45:18,XOM,32.25,50,ASK
2020-10-30 10:45:19,XOM,32.24,29,BID
2020-10-30 10:45:19,XOM,32.25,56,ASK
2020-10-30 10:45:10,XOM,32.23,36,BID
2020-10-30 10:45:19,XOM,32.25,58,ASK
2020-10-30 10:45:21,XOM,32.24,35,BID
2020-10-30 10:45:19,XOM,32.25,52,ASK
2020-10-30 10:45:22,XOM,32.24,14,BID
2020-10-30 10:45:22,XOM,32.25,59,ASK
2020-10-30 10:45:22,XOM,32.24,52,BID
2020-10-30 10:45:22,XOM,32.25,54,ASK
2020-10-30 10:45:22,XOM,32.24,52,BID
2020-10-30 10:45:23,XOM,32.25,27,ASK
2020-10-30 10:45:23,XOM,32.24,40,BID
2020-10-30 10:45:23,XOM,32.25,50,ASK
2020-10-30 10:45:24,XOM,32.25,34,BID
2020-10-30 10:45:24,XOM,32.26,40,ASK
2020-10-30 10:45:24,XOM,32.24,40,BID
2020-10-30 10:45:26,XOM,32.25,37,ASK
2020-10-30 10:45:24,XOM,32.24,39,BID
2020-10-30 10:45:26,XOM,32.25,13,ASK
2020-10-30 10:45:10,XOM,32.23,38,BID
2020-10-30 10:45:28,XOM,32.24,33,ASK
2020-10-30 10:45:10,XOM,32.23,38,BID
2020-10-30 10:45:29,XOM,32.24,33,ASK
2020-10-30 10:45:30,XOM,32.24,26,BID
2020-10-30 10:45:28,XOM,32.25,37,ASK
2020-10-30 10:45:32,XOM,32.24,31,BID
2020-10-30 10:45:28,XOM,32.25,37,ASK
2020-10-30 10:45:33,XOM,32.24,35,BID
2020-10-30 10:45:28,XOM,32.25,16,ASK
2020-10-30 10:45:34,XOM,32.25,71,BID
2020-10-30 10:45:13,XOM,32.27,29,ASK
2020-10-30 10:45:34,XOM,32.25,74,BID
2020-10-30 10:45:13,XOM,32.27,29,ASK
2020-10-30 10:45:34,XOM,32.25,75,BID
2020-10-30 10:45:13,XOM,32.27,30,ASK
2020-10-30 10:45:38,XOM,32.25,46,BID
2020-10-30 10:45:37,XOM,32.26,30,ASK
2020-10-30 10:45:38,XOM,32.25,37,BID
2020-10-30 10:45:37,XOM,32.26,29,ASK
2020-10-30 10:45:10,XOM,32.23,42,BID
2020-10-30 10:45:41,XOM,32.24,63,ASK
2020-10-30 10:33:16,XOM,32.21,41,BID
2020-10-30 10:45:41,XOM,32.22,40,ASK
2020-10-30 10:33:16,XOM,32.21,60,BID
2020-10-30 10:45:42,XOM,32.22,14,ASK
2020-10-30 10:45:43,XOM,32.23,30,BID
2020-10-30 10:45:41,XOM,32.24,64,ASK
2020-10-30 10:45:44,XOM,32.22,39,BID
2020-10-30 10:45:44,XOM,32.23,28,ASK
2020-10-30 10:45:44,XOM,32.22,39,BID
2020-10-30 10:45:41,XOM,32.24,66,ASK
2020-10-30 10:45:46,XOM,32.23,26,BID
2020-10-30 10:45:41,XOM,32.24,61,ASK
2020-10-30 10:45:46,XOM,32.24,14,BID
2020-10-30 10:45:46,XOM,32.24,43,ASK
2020-10-30 10:45:47,XOM,32.23,29,BID
2020-10-30 10:45:46,XOM,32.24,52,ASK
2020-10-30 10:45:44,XOM,32.22,26,BID
2020-10-30 10:45:47,XOM,32.23,36,ASK
2020-10-30 10:45:44,XOM,32.22,31,BID
2020-10-30 10:45:48,XOM,32.23,2,ASK
2020-10-30 10:45:44,XOM,32.22,32,BID
2020-10-30 10:45:46,XOM,32.24,56,ASK
2020-10-30 10:45:44,XOM,32.22,28,BID
2020-10-30 10:45:46,XOM,32.24,58,ASK
2020-10-30 10:45:44,XOM,32.22,30,BID
2020-10-30 10:45:53,XOM,32.23,60,ASK
2020-10-30 10:33:16,XOM,32.21,34,BID
2020-10-30 10:45:54,XOM,32.22,25,ASK
2020-10-30 10:33:16,XOM,32.21,44,BID
2020-10-30 10:45:56,XOM,32.22,26,ASK
2020-10-30 10:45:57,XOM,32.22,61,BID
2020-10-30 10:45:53,XOM,32.23,73,ASK
2020-10-30 10:45:59,XOM,32.22,31,BID
2020-10-30 10:45:53,XOM,32.23,64,ASK
2020-10-30 10:33:16,XOM,32.21,39,BID
2020-10-30 10:46:00,XOM,32.22,29,ASK
2020-10-30 10:46:01,XOM,32.21,51,BID
2020-10-30 10:46:01,XOM,32.22,51,ASK
2020-10-30 10:46:03,XOM,32.22,27,BID
2020-10-30 10:45:53,XOM,32.23,63,ASK
2020-10-30 10:46:03,XOM,32.22,32,BID
2020-10-30 10:45:53,XOM,32.23,62,ASK
2020-10-30 10:46:04,XOM,32.22,12,BID
2020-10-30 10:45:53,XOM,32.23,61,ASK
2020-10-30 10:46:05,XOM,32.21,35,BID
2020-10-30 10:46:05,XOM,32.22,73,ASK
2020-10-30 10:46:05,XOM,32.21,82,BID
2020-10-30 10:46:07,XOM,32.22,7,ASK
2020-10-30 10:46:05,XOM,32.21,56,BID
2020-10-30 10:46:08,XOM,32.22,21,ASK
2020-10-30 10:46:09,XOM,32.22,42,BID
2020-10-30 10:46:09,XOM,32.23,62,ASK
2020-10-30 10:46:10,XOM,32.22,35,BID
2020-10-30 10:46:10,XOM,32.23,29,ASK
2020-10-30 10:46:10,XOM,32.23,38,BID
2020-10-30 10:45:53,XOM,32.24,74,ASK
2020-10-30 10:46:10,XOM,32.23,39,BID
2020-10-30 10:45:53,XOM,32.24,72,ASK
2020-10-30 10:46:12,XOM,32.22,18,BID
2020-10-30 10:46:12,XOM,32.23,37,ASK
2020-10-30 10:46:12,XOM,32.22,7,BID
2020-10-30 10:46:13,XOM,32.23,38,ASK
2020-10-30 10:46:14,XOM,32.22,34,BID
2020-10-30 10:46:14,XOM,32.23,33,ASK
2020-10-30 10:46:15,XOM,32.23,69,BID
2020-10-30 10:45:53,XOM,32.24,63,ASK
2020-10-30 10:46:16,XOM,32.23,50,BID
2020-10-30 10:46:15,XOM,32.24,75,ASK
2020-10-30 10:46:17,XOM,32.24,55,BID
2020-10-30 10:45:46,XOM,32.25,54,ASK
2020-10-30 10:46:17,XOM,32.24,30,BID
2020-10-30 10:45:46,XOM,32.25,48,ASK
2020-10-30 10:46:16,XOM,32.23,42,BID
2020-10-30 10:46:18,XOM,32.24,49,ASK
2020-10-30 10:46:19,XOM,32.23,44,BID
2020-10-30 10:46:18,XOM,32.24,55,ASK
2020-10-30 10:46:14,XOM,32.22,35,BID
2020-10-30 10:46:19,XOM,32.23,84,ASK
2020-10-30 10:46:01,XOM,32.21,53,BID
2020-10-30 10:46:19,XOM,32.22,28,ASK
2020-10-30 10:33:15,XOM,32.2,57,BID
2020-10-30 10:46:19,XOM,32.21,52,ASK
2020-10-30 10:33:15,XOM,32.2,40,BID
2020-10-30 10:46:19,XOM,32.22,43,ASK
2020-10-30 10:46:21,XOM,32.21,45,BID
2020-10-30 10:46:19,XOM,32.22,42,ASK
2020-10-30 10:33:15,XOM,32.2,44,BID
2020-10-30 10:46:22,XOM,32.21,13,ASK
2020-10-30 10:33:15,XOM,32.2,23,BID
2020-10-30 10:46:23,XOM,32.21,26,ASK
2020-10-30 10:46:24,XOM,32.19,31,BID
2020-10-30 10:46:24,XOM,32.2,51,ASK
2020-10-30 10:46:25,XOM,32.19,17,BID
2020-10-30 10:46:25,XOM,32.2,51,ASK
2020-10-30 10:33:09,XOM,32.18,44,BID
2020-10-30 10:46:25,XOM,32.19,35,ASK
2020-10-30 10:46:26,XOM,32.19,48,BID
2020-10-30 10:46:26,XOM,32.2,52,ASK
2020-10-30 10:46:27,XOM,32.2,45,BID
2020-10-30 10:46:23,XOM,32.21,36,ASK
2020-10-30 10:46:28,XOM,32.2,46,BID
2020-10-30 10:46:23,XOM,32.21,44,ASK
2020-10-30 10:46:29,XOM,32.2,22,BID
2020-10-30 10:46:23,XOM,32.21,52,ASK
2020-10-30 10:46:30,XOM,32.2,6,BID
2020-10-30 10:46:30,XOM,32.2,54,ASK
2020-10-30 10:46:31,XOM,32.2,12,BID
2020-10-30 10:46:23,XOM,32.21,58,ASK
2020-10-30 10:46:32,XOM,32.19,34,BID
2020-10-30 10:46:31,XOM,32.2,47,ASK
2020-10-30 10:46:32,XOM,32.19,49,BID
2020-10-30 10:46:33,XOM,32.2,38,ASK
2020-10-30 10:46:35,XOM,32.2,67,BID
2020-10-30 10:46:23,XOM,32.21,17,ASK
2020-10-30 10:46:35,XOM,32.2,62,BID
2020-10-30 10:46:36,XOM,32.21,32,ASK
2020-10-30 10:46:35,XOM,32.2,61,BID
2020-10-30 10:46:37,XOM,32.21,63,ASK
2020-10-30 10:46:38,XOM,32.2,61,BID
2020-10-30 10:46:37,XOM,32.21,61,ASK
2020-10-30 10:46:38,XOM,32.2,57,BID
2020-10-30 10:46:38,XOM,32.21,41,ASK
2020-10-30 10:46:32,XOM,32.19,47,BID
2020-10-30 10:46:38,XOM,32.21,44,ASK
2020-10-30 10:46:32,XOM,32.19,44,BID
2020-10-30 10:46:41,XOM,32.2,17,ASK
2020-10-30 10:46:26,XOM,32.18,45,BID
2020-10-30 10:46:41,XOM,32.19,38,ASK
2020-10-30 10:46:26,XOM,32.18,45,BID
2020-10-30 10:46:43,XOM,32.19,36,ASK
2020-10-30 10:46:26,XOM,32.18,47,BID
2020-10-30 10:46:43,XOM,32.19,39,ASK
2020-10-30 10:46:26,XOM,32.18,54,BID
2020-10-30 10:46:45,XOM,32.19,38,ASK
2020-10-30 10:46:26,XOM,32.18,58,BID
2020-10-30 10:46:46,XOM,32.19,14,ASK
2020-10-30 10:46:26,XOM,32.18,51,BID
2020-10-30 10:46:47,XOM,32.19,22,ASK
2020-10-30 10:46:48,XOM,32.19,26,BID
2020-10-30 10:46:48,XOM,32.2,56,ASK
2020-10-30 10:46:49,XOM,32.19,28,BID
2020-10-30 10:46:49,XOM,32.2,71,ASK
2020-10-30 10:46:50,XOM,32.19,25,BID
2020-10-30 10:46:49,XOM,32.2,61,ASK
2020-10-30 10:46:51,XOM,32.19,15,BID
2020-10-30 10:46:49,XOM,32.2,71,ASK
2020-10-30 10:46:51,XOM,32.19,18,BID
2020-10-30 10:46:49,XOM,32.2,71,ASK
2020-10-30 10:46:51,XOM,32.19,18,BID
2020-10-30 10:46:49,XOM,32.2,71,ASK
2020-10-30 10:46:51,XOM,32.19,18,BID
2020-10-30 10:46:49,XOM,32.2,71,ASK
2020-10-30 10:46:51,XOM,32.19,18,BID
2020-10-30 10:46:49,XOM,32.2,71,ASK
2020-10-30 10:46:51,XOM,32.19,18,BID
2020-10-30 10:46:49,XOM,32.2,71,ASK
2020-10-30 10:46:51,XOM,32.19,18,BID
2020-10-30 10:46:49,XOM,32.2,71,ASK
2020-10-30 10:46:51,XOM,32.19,18,BID
2020-10-30 10:46:49,XOM,32.2,71,ASK
2020-10-30 10:46:51,XOM,32.19,18,BID
2020-10-30 10:46:49,XOM,32.2,71,ASK
2020-10-30 10:46:51,XOM,32.19,18,BID
2020-10-30 10:46:49,XOM,32.2,71,ASK
2020-10-30 10:46:51,XOM,32.19,18,BID
2020-10-30 10:46:49,XOM,32.2,71,ASK
2020-10-30 10:46:51,XOM,32.19,18,BID
2020-10-30 10:46:49,XOM,32.2,71,ASK
2020-10-30 10:46:51,XOM,32.19,18,BID
2020-10-30 10:46:49,XOM,32.2,71,ASK
2020-10-30 10:46:51,XOM,32.19,18,BID
2020-10-30 10:46:49,XOM,32.2,71,ASK
2020-10-30 10:46:51,XOM,32.19,18,BID
2020-10-30 10:46:49,XOM,32.2,71,ASK
2020-10-30 10:46:51,XOM,32.19,18,BID
2020-10-30 10:46:49,XOM,32.2,71,ASK
2020-10-30 10:46:51,XOM,32.19,18,BID
2020-10-30 10:46:49,XOM,32.2,71,ASK
2020-10-30 10:46:51,XOM,32.19,18,BID
2020-10-30 10:46:49,XOM,32.2,71,ASK
2020-10-30 10:46:51,XOM,32.19,18,BID
2020-10-30 10:46:49,XOM,32.2,71,ASK
2020-10-30 10:46:51,XOM,32.19,18,BID
2020-10-30 10:46:51,XOM,32.2,71,ASK
2020-10-30 10:46:51,XOM,32.19,18,BID
2020-10-30 10:46:51,XOM,32.2,71,ASK
2020-10-30 10:46:51,XOM,32.19,18,BID
2020-10-30 10:46:51,XOM,32.2,71,ASK
2020-10-30 10:46:51,XOM,32.19,18,BID
2020-10-30 10:46:51,XOM,32.2,71,ASK
2020-10-30 10:46:51,XOM,32.19,18,BID
2020-10-30 10:46:51,XOM,32.2,71,ASK
2020-10-30 10:46:51,XOM,32.19,18,BID
2020-10-30 10:46:51,XOM,32.2,71,ASK
2020-10-30 10:46:51,XOM,32.19,18,BID
2020-10-30 10:46:51,XOM,32.2,71,ASK
2020-10-30 10:46:51,XOM,32.19,18,BID
2020-10-30 10:46:51,XOM,32.2,71,ASK
2020-10-30 10:46:58,XOM,32.19,12,BID
2020-10-30 10:46:51,XOM,32.2,68,ASK
2020-10-30 10:46:59,XOM,32.19,8,BID
2020-10-30 10:46:51,XOM,32.2,78,ASK
2020-10-30 10:47:01,XOM,32.19,32,BID
2020-10-30 10:47:00,XOM,32.2,63,ASK
2020-10-30 10:47:01,XOM,32.19,28,BID
2020-10-30 10:47:00,XOM,32.2,63,ASK
2020-10-30 10:47:01,XOM,32.19,43,BID
2020-10-30 10:47:00,XOM,32.2,62,ASK
2020-10-30 10:47:01,XOM,32.19,45,BID
2020-10-30 10:47:00,XOM,32.2,60,ASK
2020-10-30 10:47:01,XOM,32.19,47,BID
2020-10-30 10:47:00,XOM,32.2,38,ASK
2020-10-30 10:47:01,XOM,32.19,47,BID
2020-10-30 10:47:00,XOM,32.2,38,ASK
2020-10-30 10:47:01,XOM,32.19,47,BID
2020-10-30 10:47:00,XOM,32.2,38,ASK
2020-10-30 10:47:01,XOM,32.19,47,BID
2020-10-30 10:47:00,XOM,32.2,38,ASK
2020-10-30 10:47:01,XOM,32.19,47,BID
2020-10-30 10:47:00,XOM,32.2,38,ASK
2020-10-30 10:47:07,XOM,32.19,41,BID
2020-10-30 10:47:02,XOM,32.2,34,ASK
2020-10-30 10:47:07,XOM,32.19,41,BID
2020-10-30 10:47:07,XOM,32.2,39,ASK
2020-10-30 10:47:07,XOM,32.19,35,BID
2020-10-30 10:47:07,XOM,32.2,58,ASK
2020-10-30 10:47:02,XOM,32.18,59,BID
2020-10-30 10:47:08,XOM,32.19,46,ASK
2020-10-30 10:47:02,XOM,32.18,54,BID
2020-10-30 10:47:08,XOM,32.19,56,ASK
2020-10-30 10:47:08,XOM,32.19,30,BID
2020-10-30 10:47:08,XOM,32.19,19,ASK
2020-10-30 10:47:08,XOM,32.19,58,BID
2020-10-30 10:47:08,XOM,32.2,38,ASK
2020-10-30 10:47:08,XOM,32.19,68,BID
2020-10-30 10:47:08,XOM,32.2,40,ASK
2020-10-30 10:47:08,XOM,32.19,58,BID
2020-10-30 10:47:08,XOM,32.2,40,ASK
2020-10-30 10:47:08,XOM,32.19,59,BID
2020-10-30 10:47:09,XOM,32.2,39,ASK
2020-10-30 10:47:08,XOM,32.19,60,BID
2020-10-30 10:47:09,XOM,32.2,39,ASK
2020-10-30 10:47:08,XOM,32.19,55,BID
2020-10-30 10:47:09,XOM,32.2,43,ASK
2020-10-30 10:47:02,XOM,32.18,56,BID
2020-10-30 10:47:10,XOM,32.19,24,ASK
2020-10-30 10:47:02,XOM,32.18,56,BID
2020-10-30 10:47:11,XOM,32.19,20,ASK
2020-10-30 10:47:12,XOM,32.19,38,BID
2020-10-30 10:47:12,XOM,32.2,40,ASK
2020-10-30 10:47:13,XOM,32.2,55,BID
2020-10-30 10:47:02,XOM,32.21,45,ASK
2020-10-30 10:47:14,XOM,32.21,46,BID
2020-10-30 10:47:14,XOM,32.22,68,ASK
2020-10-30 10:47:13,XOM,32.2,49,BID
2020-10-30 10:47:14,XOM,32.21,11,ASK
2020-10-30 10:47:16,XOM,32.19,45,BID
2020-10-30 10:47:15,XOM,32.2,57,ASK
2020-10-30 10:47:16,XOM,32.19,46,BID
2020-10-30 10:47:18,XOM,32.2,19,ASK
2020-10-30 10:47:20,XOM,32.19,44,BID
2020-10-30 10:47:18,XOM,32.2,21,ASK
2020-10-30 10:47:02,XOM,32.18,51,BID
2020-10-30 10:47:21,XOM,32.19,52,ASK
2020-10-30 10:47:02,XOM,32.18,52,BID
2020-10-30 10:47:22,XOM,32.19,35,ASK
2020-10-30 10:47:02,XOM,32.18,51,BID
2020-10-30 10:47:22,XOM,32.19,32,ASK
2020-10-30 10:47:24,XOM,32.19,35,BID
2020-10-30 10:47:18,XOM,32.2,23,ASK
2020-10-30 10:47:24,XOM,32.19,37,BID
2020-10-30 10:47:18,XOM,32.2,15,ASK
2020-10-30 10:47:24,XOM,32.2,36,BID
2020-10-30 10:47:14,XOM,32.21,35,ASK
2020-10-30 10:47:24,XOM,32.2,35,BID
2020-10-30 10:47:25,XOM,32.21,5,ASK
2020-10-30 10:47:27,XOM,32.21,16,BID
2020-10-30 10:47:27,XOM,32.22,70,ASK
2020-10-30 10:47:27,XOM,32.21,46,BID
2020-10-30 10:47:28,XOM,32.22,61,ASK
2020-10-30 10:47:27,XOM,32.21,42,BID
2020-10-30 10:47:29,XOM,32.22,70,ASK
2020-10-30 10:47:30,XOM,32.21,27,BID
2020-10-30 10:47:29,XOM,32.22,68,ASK
2020-10-30 10:47:31,XOM,32.22,60,BID
2020-10-30 10:47:32,XOM,32.23,58,ASK
2020-10-30 10:47:30,XOM,32.21,50,BID
2020-10-30 10:47:33,XOM,32.22,36,ASK
2020-10-30 10:47:34,XOM,32.21,64,BID
2020-10-30 10:47:35,XOM,32.22,22,ASK
2020-10-30 10:47:36,XOM,32.21,14,BID
2020-10-30 10:47:35,XOM,32.22,28,ASK
2020-10-30 10:47:37,XOM,32.21,19,BID
2020-10-30 10:47:35,XOM,32.22,55,ASK
2020-10-30 10:47:24,XOM,32.2,30,BID
2020-10-30 10:47:37,XOM,32.21,53,ASK
2020-10-30 10:47:24,XOM,32.2,36,BID
2020-10-30 10:47:37,XOM,32.21,49,ASK
2020-10-30 10:47:39,XOM,32.21,1,BID
2020-10-30 10:47:35,XOM,32.22,31,ASK
2020-10-30 10:47:24,XOM,32.2,37,BID
2020-10-30 10:47:40,XOM,32.21,27,ASK
2020-10-30 10:47:41,XOM,32.21,3,BID
2020-10-30 10:47:35,XOM,32.22,33,ASK
2020-10-30 10:47:41,XOM,32.21,24,BID
2020-10-30 10:47:35,XOM,32.22,26,ASK
2020-10-30 10:47:24,XOM,32.2,33,BID
2020-10-30 10:47:42,XOM,32.21,46,ASK
2020-10-30 10:47:43,XOM,32.21,35,BID
2020-10-30 10:47:42,XOM,32.22,32,ASK
2020-10-30 10:47:44,XOM,32.21,35,BID
2020-10-30 10:47:44,XOM,32.22,48,ASK
2020-10-30 10:47:24,XOM,32.2,100,BID
2020-10-30 10:47:45,XOM,32.21,51,ASK
2020-10-30 10:47:24,XOM,32.2,103,BID
2020-10-30 10:47:46,XOM,32.21,29,ASK
2020-10-30 10:47:24,XOM,32.2,98,BID
2020-10-30 10:47:46,XOM,32.21,29,ASK
2020-10-30 10:47:48,XOM,32.19,45,BID
2020-10-30 10:47:48,XOM,32.2,36,ASK
2020-10-30 10:47:48,XOM,32.19,49,BID
2020-10-30 10:47:49,XOM,32.2,37,ASK
2020-10-30 10:47:50,XOM,32.19,43,BID
2020-10-30 10:47:50,XOM,32.2,41,ASK
2020-10-30 10:47:02,XOM,32.18,64,BID
2020-10-30 10:47:51,XOM,32.19,57,ASK
2020-10-30 10:47:02,XOM,32.18,45,BID
2020-10-30 10:47:52,XOM,32.19,44,ASK
2020-10-30 10:47:52,XOM,32.16,32,BID
2020-10-30 10:47:52,XOM,32.18,64,ASK
2020-10-30 10:47:53,XOM,32.17,3,BID
2020-10-30 10:47:52,XOM,32.18,64,ASK
2020-10-30 10:47:54,XOM,32.16,25,BID
2020-10-30 10:47:54,XOM,32.17,10,ASK
2020-10-30 10:47:55,XOM,32.17,27,BID
2020-10-30 10:47:52,XOM,32.18,59,ASK
2020-10-30 10:47:56,XOM,32.16,23,BID
2020-10-30 10:47:56,XOM,32.17,44,ASK
2020-10-30 10:47:57,XOM,32.16,16,BID
2020-10-30 10:47:57,XOM,32.17,48,ASK
2020-10-30 10:47:02,XOM,32.15,56,BID
2020-10-30 10:47:58,XOM,32.16,37,ASK
2020-10-30 10:47:58,XOM,32.16,27,BID
2020-10-30 10:47:58,XOM,32.17,45,ASK
2020-10-30 10:47:58,XOM,32.15,37,BID
2020-10-30 10:47:59,XOM,32.16,8,ASK
2020-10-30 10:47:58,XOM,32.15,31,BID
2020-10-30 10:48:00,XOM,32.16,47,ASK
2020-10-30 10:47:58,XOM,32.15,29,BID
2020-10-30 10:48:00,XOM,32.16,22,ASK
2020-10-30 10:47:58,XOM,32.15,17,BID
2020-10-30 10:48:01,XOM,32.16,39,ASK
2020-10-30 10:48:02,XOM,32.15,34,BID
2020-10-30 10:48:02,XOM,32.16,40,ASK
2020-10-30 10:48:02,XOM,32.15,45,BID
2020-10-30 10:47:59,XOM,32.17,46,ASK
2020-10-30 10:48:05,XOM,32.16,28,BID
2020-10-30 10:48:05,XOM,32.17,43,ASK
2020-10-30 10:48:06,XOM,32.17,39,BID
2020-10-30 10:47:52,XOM,32.18,60,ASK
2020-10-30 10:48:07,XOM,32.17,31,BID
2020-10-30 10:48:08,XOM,32.18,30,ASK
2020-10-30 10:48:08,XOM,32.18,3,BID
2020-10-30 10:47:52,XOM,32.19,51,ASK
2020-10-30 10:48:09,XOM,32.18,59,BID
2020-10-30 10:47:52,XOM,32.19,44,ASK
2020-10-30 10:48:10,XOM,32.16,43,BID
2020-10-30 10:48:10,XOM,32.17,1,ASK
2020-10-30 10:48:12,XOM,32.16,27,BID
2020-10-30 10:48:11,XOM,32.17,12,ASK
2020-10-30 10:48:13,XOM,32.16,29,BID
2020-10-30 10:48:13,XOM,32.17,31,ASK
2020-10-30 10:48:13,XOM,32.16,29,BID
2020-10-30 10:48:15,XOM,32.17,27,ASK
2020-10-30 10:48:15,XOM,32.18,51,BID
2020-10-30 10:47:52,XOM,32.19,46,ASK
2020-10-30 10:48:15,XOM,32.17,57,BID
2020-10-30 10:48:16,XOM,32.18,27,ASK
2020-10-30 10:48:13,XOM,32.16,30,BID
2020-10-30 10:48:18,XOM,32.17,28,ASK
2020-10-30 10:48:13,XOM,32.16,26,BID
2020-10-30 10:48:18,XOM,32.17,20,ASK
2020-10-30 10:48:19,XOM,32.16,16,BID
2020-10-30 10:48:18,XOM,32.17,26,ASK
2020-10-30 10:48:20,XOM,32.16,35,BID
2020-10-30 10:48:21,XOM,32.17,15,ASK
2020-10-30 10:48:20,XOM,32.16,36,BID
2020-10-30 10:48:22,XOM,32.17,7,ASK
2020-10-30 10:48:23,XOM,32.17,59,BID
2020-10-30 10:48:17,XOM,32.18,32,ASK
2020-10-30 10:48:20,XOM,32.16,52,BID
2020-10-30 10:48:25,XOM,32.17,14,ASK
2020-10-30 10:48:25,XOM,32.16,45,BID
2020-10-30 10:48:26,XOM,32.17,39,ASK
2020-10-30 10:48:25,XOM,32.16,50,BID
2020-10-30 10:48:26,XOM,32.17,25,ASK
2020-10-30 10:48:25,XOM,32.16,50,BID
2020-10-30 10:48:28,XOM,32.17,25,ASK
2020-10-30 10:48:25,XOM,32.16,50,BID
2020-10-30 10:48:30,XOM,32.17,24,ASK
2020-10-30 10:48:31,XOM,32.17,53,BID
2020-10-30 10:48:17,XOM,32.18,32,ASK
2020-10-30 10:48:33,XOM,32.16,162,BID
2020-10-30 10:48:33,XOM,32.17,53,ASK
2020-10-30 10:48:34,XOM,32.16,162,BID
2020-10-30 10:48:33,XOM,32.17,39,ASK
2020-10-30 10:48:36,XOM,32.16,162,BID
2020-10-30 10:48:33,XOM,32.17,40,ASK
2020-10-30 10:48:38,XOM,32.16,162,BID
2020-10-30 10:48:33,XOM,32.17,54,ASK
2020-10-30 10:48:40,XOM,32.16,161,BID
2020-10-30 10:48:33,XOM,32.17,53,ASK
2020-10-30 10:48:41,XOM,32.16,161,BID
2020-10-30 10:48:33,XOM,32.17,51,ASK
2020-10-30 10:48:43,XOM,32.16,52,BID
2020-10-30 10:48:43,XOM,32.16,40,ASK
2020-10-30 10:48:02,XOM,32.15,35,BID
2020-10-30 10:48:43,XOM,32.16,42,ASK
2020-10-30 10:48:45,XOM,32.15,38,BID
2020-10-30 10:48:43,XOM,32.16,45,ASK
2020-10-30 10:48:46,XOM,32.14,46,BID
2020-10-30 10:48:46,XOM,32.15,65,ASK
2020-10-30 10:48:47,XOM,32.14,38,BID
2020-10-30 10:48:47,XOM,32.15,34,ASK
2020-10-30 10:48:49,XOM,32.14,46,BID
2020-10-30 10:48:49,XOM,32.15,34,ASK
2020-10-30 10:48:50,XOM,32.14,37,BID
2020-10-30 10:48:50,XOM,32.15,35,ASK
2020-10-30 10:48:51,XOM,32.14,40,BID
2020-10-30 10:48:52,XOM,32.15,36,ASK
2020-10-30 10:48:51,XOM,32.14,42,BID
2020-10-30 10:48:53,XOM,32.15,33,ASK
2020-10-30 10:48:55,XOM,32.14,46,BID
2020-10-30 10:48:55,XOM,32.15,36,ASK
2020-10-30 10:48:55,XOM,32.14,41,BID
2020-10-30 10:48:56,XOM,32.15,51,ASK
2020-10-30 10:48:58,XOM,32.13,126,BID
2020-10-30 10:48:58,XOM,32.14,56,ASK
2020-10-30 10:48:58,XOM,32.13,123,BID
2020-10-30 10:48:58,XOM,32.14,38,ASK
2020-10-30 10:49:00,XOM,32.13,119,BID
2020-10-30 10:48:58,XOM,32.14,46,ASK
2020-10-30 10:49:00,XOM,32.13,117,BID
2020-10-30 10:48:58,XOM,32.14,45,ASK
2020-10-30 10:49:01,XOM,32.13,117,BID
2020-10-30 10:48:58,XOM,32.14,42,ASK
2020-10-30 10:49:01,XOM,32.13,117,BID
2020-10-30 10:48:58,XOM,32.14,42,ASK
2020-10-30 10:49:01,XOM,32.13,117,BID
2020-10-30 10:48:58,XOM,32.14,42,ASK
2020-10-30 10:49:01,XOM,32.13,117,BID
2020-10-30 10:48:58,XOM,32.14,42,ASK
2020-10-30 10:49:01,XOM,32.13,117,BID
2020-10-30 10:48:58,XOM,32.14,42,ASK
2020-10-30 10:49:01,XOM,32.13,117,BID
2020-10-30 10:48:58,XOM,32.14,42,ASK
2020-10-30 10:49:01,XOM,32.13,117,BID
2020-10-30 10:48:58,XOM,32.14,42,ASK
2020-10-30 10:49:01,XOM,32.13,117,BID
2020-10-30 10:48:58,XOM,32.14,42,ASK
2020-10-30 10:49:01,XOM,32.13,117,BID
2020-10-30 10:48:58,XOM,32.14,42,ASK
2020-10-30 10:49:01,XOM,32.13,117,BID
2020-10-30 10:48:58,XOM,32.14,42,ASK
2020-10-30 10:49:01,XOM,32.13,117,BID
2020-10-30 10:48:58,XOM,32.14,42,ASK
2020-10-30 10:49:01,XOM,32.13,117,BID
2020-10-30 10:48:58,XOM,32.14,42,ASK
2020-10-30 10:49:01,XOM,32.13,117,BID
2020-10-30 10:48:58,XOM,32.14,42,ASK
2020-10-30 10:49:01,XOM,32.13,117,BID
2020-10-30 10:48:58,XOM,32.14,42,ASK
2020-10-30 10:49:01,XOM,32.13,117,BID
2020-10-30 10:48:58,XOM,32.14,42,ASK
2020-10-30 10:49:01,XOM,32.13,117,BID
2020-10-30 10:48:58,XOM,32.14,42,ASK
2020-10-30 10:49:01,XOM,32.13,117,BID
2020-10-30 10:48:58,XOM,32.14,42,ASK
2020-10-30 10:49:01,XOM,32.13,117,BID
2020-10-30 10:48:58,XOM,32.14,42,ASK
2020-10-30 10:49:01,XOM,32.13,117,BID
2020-10-30 10:48:58,XOM,32.14,42,ASK
2020-10-30 10:49:01,XOM,32.13,117,BID
2020-10-30 10:48:58,XOM,32.14,42,ASK
2020-10-30 10:49:01,XOM,32.13,117,BID
2020-10-30 10:48:58,XOM,32.14,42,ASK
2020-10-30 10:49:01,XOM,32.13,117,BID
2020-10-30 10:48:58,XOM,32.14,42,ASK
2020-10-30 10:49:01,XOM,32.13,117,BID
2020-10-30 10:48:58,XOM,32.14,42,ASK
2020-10-30 10:49:01,XOM,32.13,117,BID
2020-10-30 10:48:58,XOM,32.14,42,ASK
2020-10-30 10:49:01,XOM,32.13,117,BID
2020-10-30 10:48:58,XOM,32.14,42,ASK
2020-10-30 10:49:01,XOM,32.13,117,BID
2020-10-30 10:48:58,XOM,32.14,42,ASK
2020-10-30 10:49:08,XOM,32.17,26,BID
2020-10-30 10:49:08,XOM,32.18,36,ASK
2020-10-30 10:49:10,XOM,32.17,20,BID
2020-10-30 10:49:09,XOM,32.18,35,ASK
2020-10-30 10:49:12,XOM,32.17,26,BID
2020-10-30 10:49:11,XOM,32.18,34,ASK
2020-10-30 10:49:12,XOM,32.18,21,BID
2020-10-30 10:49:12,XOM,32.19,59,ASK
2020-10-30 10:49:13,XOM,32.16,14,BID
2020-10-30 10:49:13,XOM,32.17,62,ASK
2020-10-30 10:49:14,XOM,32.15,2,BID
2020-10-30 10:49:14,XOM,32.16,31,ASK
2020-10-30 10:49:15,XOM,32.14,18,BID
2020-10-30 10:49:15,XOM,32.15,61,ASK
2020-10-30 10:49:16,XOM,32.14,15,BID
2020-10-30 10:49:15,XOM,32.15,62,ASK
2020-10-30 10:49:17,XOM,32.13,117,BID
2020-10-30 10:49:17,XOM,32.14,37,ASK
2020-10-30 10:49:18,XOM,32.13,120,BID
2020-10-30 10:49:18,XOM,32.14,43,ASK
2020-10-30 10:49:19,XOM,32.13,120,BID
2020-10-30 10:49:19,XOM,32.14,36,ASK
2020-10-30 10:47:02,XOM,32.12,38,BID
2020-10-30 10:49:20,XOM,32.13,42,ASK
2020-10-30 10:47:02,XOM,32.12,40,BID
2020-10-30 10:49:22,XOM,32.13,32,ASK
2020-10-30 10:47:02,XOM,32.12,41,BID
2020-10-30 10:49:22,XOM,32.13,34,ASK
2020-10-30 10:49:24,XOM,32.12,44,BID
2020-10-30 10:49:22,XOM,32.13,56,ASK
2020-10-30 10:49:26,XOM,32.13,57,BID
2020-10-30 10:49:20,XOM,32.14,44,ASK
2020-10-30 10:49:27,XOM,32.14,60,BID
2020-10-30 10:49:16,XOM,32.15,59,ASK
2020-10-30 10:49:26,XOM,32.13,63,BID
2020-10-30 10:49:29,XOM,32.14,21,ASK
2020-10-30 10:49:26,XOM,32.13,54,BID
2020-10-30 10:49:30,XOM,32.14,20,ASK
2020-10-30 10:49:26,XOM,32.13,65,BID
2020-10-30 10:49:31,XOM,32.14,29,ASK
2020-10-30 10:49:26,XOM,32.13,65,BID
2020-10-30 10:49:31,XOM,32.14,29,ASK
2020-10-30 10:49:26,XOM,32.13,54,BID
2020-10-30 10:49:31,XOM,32.14,29,ASK
2020-10-30 10:49:26,XOM,32.13,53,BID
2020-10-30 10:49:32,XOM,32.14,29,ASK
2020-10-30 10:49:26,XOM,32.13,53,BID
2020-10-30 10:49:32,XOM,32.14,29,ASK
2020-10-30 10:49:26,XOM,32.13,54,BID
2020-10-30 10:49:32,XOM,32.14,29,ASK
2020-10-30 10:49:26,XOM,32.13,54,BID
2020-10-30 10:49:32,XOM,32.14,29,ASK
2020-10-30 10:49:37,XOM,32.13,48,BID
2020-10-30 10:49:37,XOM,32.14,44,ASK
2020-10-30 10:49:37,XOM,32.12,66,BID
2020-10-30 10:49:37,XOM,32.13,38,ASK
2020-10-30 10:49:37,XOM,32.13,35,BID
2020-10-30 10:49:37,XOM,32.14,45,ASK
2020-10-30 10:49:38,XOM,32.13,40,BID
2020-10-30 10:49:37,XOM,32.14,52,ASK
2020-10-30 10:49:38,XOM,32.13,37,BID
2020-10-30 10:49:37,XOM,32.14,49,ASK
2020-10-30 10:49:40,XOM,32.12,62,BID
2020-10-30 10:49:40,XOM,32.13,43,ASK
2020-10-30 10:49:42,XOM,32.12,43,BID
2020-10-30 10:49:40,XOM,32.13,109,ASK
2020-10-30 10:49:44,XOM,32.11,70,BID
2020-10-30 10:49:44,XOM,32.12,27,ASK
2020-10-30 10:49:45,XOM,32.12,24,BID
2020-10-30 10:49:40,XOM,32.13,79,ASK
2020-10-30 10:49:47,XOM,32.12,25,BID
2020-10-30 10:49:40,XOM,32.13,78,ASK
2020-10-30 10:49:47,XOM,32.12,53,BID
2020-10-30 10:49:40,XOM,32.13,78,ASK
2020-10-30 10:49:47,XOM,32.12,26,BID
2020-10-30 10:49:49,XOM,32.13,61,ASK
2020-10-30 10:49:51,XOM,32.12,18,BID
2020-10-30 10:49:49,XOM,32.13,62,ASK
2020-10-30 10:49:51,XOM,32.12,23,BID
2020-10-30 10:49:49,XOM,32.13,60,ASK
2020-10-30 10:49:53,XOM,32.11,67,BID
2020-10-30 10:49:53,XOM,32.12,42,ASK
2020-10-30 10:49:54,XOM,32.11,68,BID
2020-10-30 10:49:54,XOM,32.12,49,ASK
2020-10-30 10:49:56,XOM,32.11,67,BID
2020-10-30 10:49:56,XOM,32.12,45,ASK
2020-10-30 10:49:58,XOM,32.11,68,BID
2020-10-30 10:49:58,XOM,32.12,43,ASK
2020-10-30 10:49:59,XOM,32.11,67,BID
2020-10-30 10:49:58,XOM,32.12,44,ASK
2020-10-30 10:50:00,XOM,32.11,71,BID
2020-10-30 10:49:58,XOM,32.12,39,ASK
2020-10-30 10:50:01,XOM,32.11,68,BID
2020-10-30 10:49:58,XOM,32.12,39,ASK
2020-10-30 10:50:02,XOM,32.11,71,BID
2020-10-30 10:50:01,XOM,32.12,47,ASK
2020-10-30 10:50:02,XOM,32.11,43,BID
2020-10-30 10:50:01,XOM,32.12,81,ASK
2020-10-30 10:49:32,XOM,32.1,101,BID
2020-10-30 10:50:03,XOM,32.11,58,ASK
2020-10-30 10:49:32,XOM,32.1,101,BID
2020-10-30 10:50:04,XOM,32.11,60,ASK
2020-10-30 10:49:32,XOM,32.1,92,BID
2020-10-30 10:50:04,XOM,32.11,60,ASK
2020-10-30 10:49:32,XOM,32.1,94,BID
2020-10-30 10:50:04,XOM,32.11,49,ASK
2020-10-30 10:49:32,XOM,32.1,92,BID
2020-10-30 10:50:04,XOM,32.11,46,ASK
2020-10-30 10:49:32,XOM,32.1,92,BID
2020-10-30 10:50:04,XOM,32.11,46,ASK
2020-10-30 10:49:32,XOM,32.1,92,BID
2020-10-30 10:50:04,XOM,32.11,49,ASK
2020-10-30 10:50:08,XOM,32.11,43,BID
2020-10-30 10:50:01,XOM,32.12,55,ASK
2020-10-30 10:50:09,XOM,32.11,49,BID
2020-10-30 10:50:01,XOM,32.12,52,ASK
2020-10-30 10:49:32,XOM,32.1,92,BID
2020-10-30 10:50:10,XOM,32.11,48,ASK
2020-10-30 10:49:32,XOM,32.1,93,BID
2020-10-30 10:50:12,XOM,32.11,49,ASK
2020-10-30 10:49:32,XOM,32.1,94,BID
2020-10-30 10:50:13,XOM,32.11,50,ASK
2020-10-30 10:49:32,XOM,32.1,93,BID
2020-10-30 10:50:14,XOM,32.11,50,ASK
2020-10-30 10:50:14,XOM,32.11,8,BID
2020-10-30 10:50:01,XOM,32.12,53,ASK
2020-10-30 10:50:16,XOM,32.11,38,BID
2020-10-30 10:50:15,XOM,32.12,60,ASK
2020-10-30 10:50:16,XOM,32.11,35,BID
2020-10-30 10:50:15,XOM,32.12,61,ASK
2020-10-30 10:50:17,XOM,32.11,35,BID
2020-10-30 10:50:15,XOM,32.12,60,ASK
2020-10-30 10:50:18,XOM,32.11,41,BID
2020-10-30 10:50:15,XOM,32.12,58,ASK
2020-10-30 10:49:32,XOM,32.1,92,BID
2020-10-30 10:50:21,XOM,32.11,67,ASK
2020-10-30 10:49:32,XOM,32.1,92,BID
2020-10-30 10:50:22,XOM,32.11,70,ASK
2020-10-30 10:50:24,XOM,32.11,52,BID
2020-10-30 10:50:15,XOM,32.12,61,ASK
2020-10-30 10:50:24,XOM,32.11,52,BID
2020-10-30 10:50:15,XOM,32.12,64,ASK
2020-10-30 10:50:24,XOM,32.11,52,BID
2020-10-30 10:50:15,XOM,32.12,65,ASK
2020-10-30 10:50:24,XOM,32.11,52,BID
2020-10-30 10:50:15,XOM,32.12,65,ASK
2020-10-30 10:50:24,XOM,32.11,52,BID
2020-10-30 10:50:15,XOM,32.12,61,ASK
2020-10-30 10:50:24,XOM,32.11,52,BID
2020-10-30 10:50:15,XOM,32.12,64,ASK
2020-10-30 10:50:31,XOM,32.11,63,BID
2020-10-30 10:50:15,XOM,32.12,62,ASK
2020-10-30 10:50:31,XOM,32.11,66,BID
2020-10-30 10:50:15,XOM,32.12,55,ASK
2020-10-30 10:50:33,XOM,32.12,54,BID
2020-10-30 10:49:49,XOM,32.13,64,ASK
2020-10-30 10:50:34,XOM,32.12,57,BID
2020-10-30 10:49:49,XOM,32.13,56,ASK
2020-10-30 10:50:34,XOM,32.12,56,BID
2020-10-30 10:50:34,XOM,32.13,36,ASK
2020-10-30 10:50:36,XOM,32.11,106,BID
2020-10-30 10:50:35,XOM,32.12,53,ASK
2020-10-30 10:50:36,XOM,32.11,113,BID
2020-10-30 10:50:35,XOM,32.12,53,ASK
2020-10-30 10:49:32,XOM,32.1,91,BID
2020-10-30 10:50:37,XOM,32.11,60,ASK
2020-10-30 10:49:32,XOM,32.1,91,BID
2020-10-30 10:50:37,XOM,32.11,61,ASK
2020-10-30 10:50:41,XOM,32.09,44,BID
2020-10-30 10:50:41,XOM,32.1,91,ASK
2020-10-30 10:50:41,XOM,32.09,70,BID
2020-10-30 10:50:41,XOM,32.1,42,ASK
2020-10-30 10:50:41,XOM,32.09,72,BID
2020-10-30 10:50:41,XOM,32.1,42,ASK
2020-10-30 10:50:41,XOM,32.09,69,BID
2020-10-30 10:50:41,XOM,32.1,42,ASK
2020-10-30 10:50:45,XOM,32.09,67,BID
2020-10-30 10:50:41,XOM,32.1,46,ASK
2020-10-30 10:50:49,XOM,32.08,19,BID
2020-10-30 10:50:49,XOM,32.09,43,ASK
2020-10-30 10:50:50,XOM,32.07,31,BID
2020-10-30 10:50:51,XOM,32.08,82,ASK
2020-10-30 10:50:53,XOM,32.07,35,BID
2020-10-30 10:50:53,XOM,32.08,88,ASK
2020-10-30 10:50:54,XOM,32.07,29,BID
2020-10-30 10:50:53,XOM,32.08,78,ASK
2020-10-30 10:50:56,XOM,32.07,38,BID
2020-10-30 10:50:56,XOM,32.08,44,ASK
2020-10-30 10:50:57,XOM,32.07,42,BID
2020-10-30 10:50:57,XOM,32.08,39,ASK
2020-10-30 10:50:57,XOM,32.08,55,BID
2020-10-30 10:50:57,XOM,32.09,41,ASK
2020-10-30 10:50:57,XOM,32.08,51,BID
2020-10-30 10:50:58,XOM,32.09,33,ASK
2020-10-30 10:50:57,XOM,32.08,49,BID
2020-10-30 10:50:59,XOM,32.09,38,ASK
2020-10-30 10:50:57,XOM,32.08,51,BID
2020-10-30 10:50:59,XOM,32.09,42,ASK
2020-10-30 10:50:57,XOM,32.08,50,BID
2020-10-30 10:50:59,XOM,32.09,44,ASK
2020-10-30 10:50:57,XOM,32.08,56,BID
2020-10-30 10:50:59,XOM,32.09,39,ASK
2020-10-30 10:51:03,XOM,32.09,23,BID
2020-10-30 10:51:03,XOM,32.1,42,ASK
2020-10-30 10:51:03,XOM,32.09,29,BID
2020-10-30 10:51:03,XOM,32.1,47,ASK
2020-10-30 10:51:04,XOM,32.09,29,BID
2020-10-30 10:51:03,XOM,32.1,56,ASK
2020-10-30 10:51:05,XOM,32.09,26,BID
2020-10-30 10:51:03,XOM,32.1,54,ASK
2020-10-30 10:51:06,XOM,32.09,4,BID
2020-10-30 10:51:03,XOM,32.1,52,ASK
2020-10-30 10:50:57,XOM,32.08,60,BID
2020-10-30 10:51:06,XOM,32.09,56,ASK
2020-10-30 10:50:57,XOM,32.08,50,BID
2020-10-30 10:51:07,XOM,32.09,41,ASK
2020-10-30 10:50:57,XOM,32.08,59,BID
2020-10-30 10:51:10,XOM,32.09,43,ASK
2020-10-30 10:50:57,XOM,32.08,50,BID
2020-10-30 10:51:10,XOM,32.09,46,ASK
2020-10-30 10:50:57,XOM,32.08,50,BID
2020-10-30 10:51:11,XOM,32.09,44,ASK
2020-10-30 10:51:14,XOM,32.07,56,BID
2020-10-30 10:51:14,XOM,32.08,39,ASK
2020-10-30 10:51:14,XOM,32.07,60,BID
2020-10-30 10:51:15,XOM,32.08,25,ASK
2020-10-30 10:51:18,XOM,32.07,54,BID
2020-10-30 10:51:15,XOM,32.08,60,ASK
2020-10-30 10:51:19,XOM,32.07,57,BID
2020-10-30 10:51:19,XOM,32.08,67,ASK
2020-10-30 10:51:19,XOM,32.08,59,BID
2020-10-30 10:51:19,XOM,32.08,49,ASK
2020-10-30 10:51:19,XOM,32.08,62,BID
2020-10-30 10:51:19,XOM,32.09,76,ASK
2020-10-30 10:51:19,XOM,32.08,58,BID
2020-10-30 10:51:19,XOM,32.09,36,ASK
2020-10-30 10:51:19,XOM,32.08,69,BID
2020-10-30 10:51:19,XOM,32.09,36,ASK
2020-10-30 10:51:19,XOM,32.08,65,BID
2020-10-30 10:51:19,XOM,32.09,42,ASK
2020-10-30 10:51:19,XOM,32.08,63,BID
2020-10-30 10:51:19,XOM,32.09,56,ASK
2020-10-30 10:51:19,XOM,32.08,55,BID
2020-10-30 10:51:19,XOM,32.09,56,ASK
2020-10-30 10:51:19,XOM,32.08,60,BID
2020-10-30 10:51:19,XOM,32.09,48,ASK
2020-10-30 10:51:19,XOM,32.08,54,BID
