timestamp,ticker,price,volume,bid_ask
2018-12-17 09:40:36,AAPL,166.56,17,BID
2018-12-17 09:40:36,AAPL,166.6,4,ASK
2018-12-17 09:40:36,AAPL,166.56,15,BID
2018-12-17 09:40:36,AAPL,166.6,10,ASK
2018-12-17 09:40:37,AAPL,166.57,15,BID
2018-12-17 09:40:37,AAPL,166.6,10,ASK
2018-12-17 09:40:38,AAPL,166.58,1,BID
2018-12-17 09:40:38,AAPL,166.61,3,ASK
2018-12-17 09:40:39,AAPL,166.59,10,BID
2018-12-17 09:40:40,AAPL,166.61,6,ASK
2018-12-17 09:40:39,AAPL,166.59,10,BID
2018-12-17 09:40:40,AAPL,166.61,3,ASK
2018-12-17 09:40:42,AAPL,166.48,19,BID
2018-12-17 09:40:42,AAPL,166.52,8,ASK
2018-12-17 09:40:42,AAPL,166.47,17,BID
2018-12-17 09:40:43,AAPL,166.49,1,ASK
2018-12-17 09:40:42,AAPL,166.47,17,BID
2018-12-17 09:40:43,AAPL,166.49,2,ASK
2018-12-17 09:40:44,AAPL,166.5,7,BID
2018-12-17 09:40:44,AAPL,166.54,10,ASK
2018-12-17 09:40:44,AAPL,166.5,7,BID
2018-12-17 09:40:44,AAPL,166.54,10,ASK
2018-12-17 09:40:47,AAPL,166.58,1,BID
2018-12-17 09:40:47,AAPL,166.59,5,ASK
2018-12-17 09:40:47,AAPL,166.64,2,BID
2018-12-17 09:40:47,AAPL,166.65,5,ASK
2018-12-17 09:40:49,AAPL,166.61,14,BID
2018-12-17 09:40:49,AAPL,166.64,5,ASK
2018-12-17 09:40:50,AAPL,166.59,14,BID
2018-12-17 09:40:50,AAPL,166.62,6,ASK
2018-12-17 09:40:51,AAPL,166.6,1,BID
2018-12-17 09:40:51,AAPL,166.62,6,ASK
2018-12-17 09:40:50,AAPL,166.59,21,BID
2018-12-17 09:40:51,AAPL,166.62,6,ASK
2018-12-17 09:40:52,AAPL,166.59,17,BID
2018-12-17 09:40:52,AAPL,166.62,6,ASK
2018-12-17 09:40:54,AAPL,166.61,13,BID
2018-12-17 09:40:54,AAPL,166.66,3,ASK
2018-12-17 09:40:55,AAPL,166.65,21,BID
2018-12-17 09:40:55,AAPL,166.69,8,ASK
2018-12-17 09:40:55,AAPL,166.69,16,BID
2018-12-17 09:40:55,AAPL,166.73,13,ASK
2018-12-17 09:40:55,AAPL,166.69,9,BID
2018-12-17 09:40:56,AAPL,166.73,13,ASK
2018-12-17 09:40:58,AAPL,166.66,11,BID
2018-12-17 09:40:58,AAPL,166.7,1,ASK
2018-12-17 09:40:54,AAPL,166.61,23,BID
2018-12-17 09:40:58,AAPL,166.64,1,ASK
2018-12-17 09:41:00,AAPL,166.66,1,BID
2018-12-17 09:41:00,AAPL,166.68,8,ASK
2018-12-17 09:41:01,AAPL,166.68,3,BID
2018-12-17 09:41:01,AAPL,166.7,5,ASK
2018-12-17 09:41:01,AAPL,166.65,13,BID
2018-12-17 09:41:01,AAPL,166.67,2,ASK
2018-12-17 09:41:01,AAPL,166.65,13,BID
2018-12-17 09:41:02,AAPL,166.68,5,ASK
2018-12-17 09:41:04,AAPL,166.62,15,BID
2018-12-17 09:41:04,AAPL,166.64,3,ASK
2018-12-17 09:41:04,AAPL,166.55,18,BID
2018-12-17 09:41:04,AAPL,166.57,2,ASK
2018-12-17 09:41:05,AAPL,166.52,13,BID
2018-12-17 09:41:05,AAPL,166.54,8,ASK
2018-12-17 09:41:06,AAPL,166.46,1,BID
2018-12-17 09:41:06,AAPL,166.47,3,ASK
2018-12-17 09:41:08,AAPL,166.39,3,BID
2018-12-17 09:41:08,AAPL,166.4,5,ASK
2018-12-17 09:41:08,AAPL,166.34,13,BID
2018-12-17 09:41:08,AAPL,166.37,6,ASK
2018-12-17 09:41:09,AAPL,166.34,12,BID
2018-12-17 09:41:09,AAPL,166.37,5,ASK
2018-12-17 09:41:10,AAPL,166.37,4,BID
2018-12-17 09:41:10,AAPL,166.41,9,ASK
2018-12-17 09:41:11,AAPL,166.33,22,BID
2018-12-17 09:41:11,AAPL,166.34,5,ASK
2018-12-17 09:41:12,AAPL,166.27,2,BID
2018-12-17 09:41:12,AAPL,166.28,8,ASK
2018-12-17 09:41:13,AAPL,166.25,24,BID
2018-12-17 09:41:13,AAPL,166.28,7,ASK
2018-12-17 09:41:14,AAPL,166.21,6,BID
2018-12-17 09:41:14,AAPL,166.23,8,ASK
2018-12-17 09:41:15,AAPL,166.23,11,BID
2018-12-17 09:41:15,AAPL,166.29,25,ASK
2018-12-17 09:41:16,AAPL,166.23,25,BID
2018-12-17 09:41:16,AAPL,166.28,6,ASK
2018-12-17 09:41:15,AAPL,166.22,17,BID
2018-12-17 09:41:17,AAPL,166.24,5,ASK
2018-12-17 09:41:18,AAPL,166.2,6,BID
2018-12-17 09:41:18,AAPL,166.21,2,ASK
2018-12-17 09:41:19,AAPL,166.17,1,BID
2018-12-17 09:41:19,AAPL,166.2,8,ASK
2018-12-17 09:41:21,AAPL,166.17,1,BID
2018-12-17 09:41:21,AAPL,166.2,18,ASK
2018-12-17 09:41:22,AAPL,166.18,1,BID
2018-12-17 09:41:21,AAPL,166.2,16,ASK
2018-12-17 09:41:22,AAPL,166.18,2,BID
2018-12-17 09:41:22,AAPL,166.19,10,ASK
2018-12-17 09:41:23,AAPL,166.18,14,BID
2018-12-17 09:41:23,AAPL,166.21,17,ASK
2018-12-17 09:41:24,AAPL,166.18,25,BID
2018-12-17 09:41:23,AAPL,166.21,15,ASK
2018-12-17 09:41:25,AAPL,166.17,10,BID
2018-12-17 09:41:25,AAPL,166.2,10,ASK
2018-12-17 09:41:25,AAPL,166.17,13,BID
2018-12-17 09:41:27,AAPL,166.19,5,ASK
2018-12-17 09:41:28,AAPL,166.15,16,BID
2018-12-17 09:41:27,AAPL,166.19,5,ASK
2018-12-17 09:41:29,AAPL,166.26,17,BID
2018-12-17 09:41:29,AAPL,166.32,8,ASK
2018-12-17 09:41:29,AAPL,166.26,1,BID
2018-12-17 09:41:29,AAPL,166.3,1,ASK
2018-12-17 09:41:30,AAPL,166.26,2,BID
2018-12-17 09:41:30,AAPL,166.3,2,ASK
2018-12-17 09:41:31,AAPL,166.28,10,BID
2018-12-17 09:41:29,AAPL,166.32,9,ASK
2018-12-17 09:41:29,AAPL,166.25,14,BID
2018-12-17 09:41:32,AAPL,166.29,8,ASK
2018-12-17 09:41:34,AAPL,166.22,2,BID
2018-12-17 09:41:34,AAPL,166.23,5,ASK
2018-12-17 09:41:34,AAPL,166.19,5,BID
2018-12-17 09:41:34,AAPL,166.23,5,ASK
2018-12-17 09:41:36,AAPL,166.16,5,BID
2018-12-17 09:41:36,AAPL,166.2,3,ASK
2018-12-17 09:41:37,AAPL,166.17,11,BID
2018-12-17 09:41:37,AAPL,166.2,4,ASK
2018-12-17 09:41:37,AAPL,166.17,11,BID
2018-12-17 09:41:37,AAPL,166.2,4,ASK
2018-12-17 09:41:39,AAPL,166.17,8,BID
2018-12-17 09:41:39,AAPL,166.2,7,ASK
2018-12-17 09:41:40,AAPL,166.17,8,BID
2018-12-17 09:41:40,AAPL,166.21,5,ASK
2018-12-17 09:41:40,AAPL,166.17,17,BID
2018-12-17 09:41:41,AAPL,166.21,6,ASK
2018-12-17 09:41:42,AAPL,166.17,16,BID
2018-12-17 09:41:42,AAPL,166.2,1,ASK
2018-12-17 09:41:43,AAPL,166.16,2,BID
2018-12-17 09:41:43,AAPL,166.17,1,ASK
2018-12-17 09:41:43,AAPL,166.13,9,BID
2018-12-17 09:41:43,AAPL,166.17,4,ASK
2018-12-17 09:41:44,AAPL,166.11,2,BID
2018-12-17 09:41:44,AAPL,166.14,8,ASK
2018-12-17 09:41:46,AAPL,166.12,9,BID
2018-12-17 09:41:46,AAPL,166.16,7,ASK
2018-12-17 09:41:46,AAPL,166.12,10,BID
2018-12-17 09:41:46,AAPL,166.16,7,ASK
2018-12-17 09:41:48,AAPL,166.14,17,BID
2018-12-17 09:41:48,AAPL,166.16,1,ASK
2018-12-17 09:41:49,AAPL,166.14,12,BID
2018-12-17 09:41:49,AAPL,166.18,3,ASK
2018-12-17 09:41:49,AAPL,166.18,8,BID
2018-12-17 09:41:49,AAPL,166.2,22,ASK
2018-12-17 09:41:51,AAPL,166.19,14,BID
2018-12-17 09:41:51,AAPL,166.22,10,ASK
2018-12-17 09:41:52,AAPL,166.2,1,BID
2018-12-17 09:41:52,AAPL,166.22,10,ASK
2018-12-17 09:41:52,AAPL,166.27,1,BID
2018-12-17 09:41:52,AAPL,166.29,16,ASK
2018-12-17 09:41:53,AAPL,166.27,1,BID
2018-12-17 09:41:53,AAPL,166.3,5,ASK
2018-12-17 09:41:53,AAPL,166.27,10,BID
2018-12-17 09:41:53,AAPL,166.31,1,ASK
2018-12-17 09:41:54,AAPL,166.26,13,BID
2018-12-17 09:41:54,AAPL,166.3,2,ASK
2018-12-17 09:41:56,AAPL,166.28,1,BID
2018-12-17 09:41:56,AAPL,166.31,15,ASK
2018-12-17 09:41:58,AAPL,166.26,17,BID
2018-12-17 09:41:58,AAPL,166.29,1,ASK
2018-12-17 09:41:58,AAPL,166.21,10,BID
2018-12-17 09:41:58,AAPL,166.26,7,ASK
2018-12-17 09:41:59,AAPL,166.2,13,BID
2018-12-17 09:41:59,AAPL,166.26,7,ASK
2018-12-17 09:42:01,AAPL,166.15,19,BID
2018-12-17 09:42:01,AAPL,166.19,2,ASK
2018-12-17 09:42:01,AAPL,166.16,2,BID
2018-12-17 09:42:01,AAPL,166.19,5,ASK
2018-12-17 09:42:02,AAPL,166.16,5,BID
2018-12-17 09:42:03,AAPL,166.19,9,ASK
2018-12-17 09:42:04,AAPL,166.13,14,BID
2018-12-17 09:42:04,AAPL,166.16,5,ASK
2018-12-17 09:32:20,AAPL,166.09,7,BID
2018-12-17 09:42:05,AAPL,166.12,3,ASK
2018-12-17 09:42:06,AAPL,166.04,12,BID
2018-12-17 09:42:06,AAPL,166.07,1,ASK
2018-12-17 09:42:07,AAPL,166.12,11,BID
2018-12-17 09:42:07,AAPL,166.15,6,ASK
2018-12-17 09:42:08,AAPL,166.14,5,BID
2018-12-17 09:42:08,AAPL,166.16,6,ASK
2018-12-17 09:42:09,AAPL,166.1,1,BID
2018-12-17 09:42:09,AAPL,166.13,6,ASK
2018-12-17 09:42:09,AAPL,166.15,2,BID
2018-12-17 09:42:09,AAPL,166.17,2,ASK
2018-12-17 09:42:10,AAPL,166.14,10,BID
2018-12-17 09:42:10,AAPL,166.17,3,ASK
2018-12-17 09:42:09,AAPL,166.14,11,BID
2018-12-17 09:42:10,AAPL,166.17,3,ASK
2018-12-17 09:42:13,AAPL,166.1,15,BID
2018-12-17 09:42:13,AAPL,166.13,6,ASK
2018-12-17 09:42:13,AAPL,166.09,9,BID
2018-12-17 09:42:13,AAPL,166.13,6,ASK
2018-12-17 09:42:13,AAPL,166.09,7,BID
2018-12-17 09:42:14,AAPL,166.13,12,ASK
2018-12-17 09:42:13,AAPL,166.09,9,BID
2018-12-17 09:42:14,AAPL,166.13,12,ASK
2018-12-17 09:42:17,AAPL,166.07,1,BID
2018-12-17 09:42:17,AAPL,166.1,5,ASK
2018-12-17 09:42:18,AAPL,166.1,4,BID
2018-12-17 09:42:18,AAPL,166.13,15,ASK
2018-12-17 09:42:19,AAPL,166.09,1,BID
2018-12-17 09:42:19,AAPL,166.12,13,ASK
2018-12-17 09:42:19,AAPL,166.13,2,BID
2018-12-17 09:42:19,AAPL,166.15,2,ASK
2018-12-17 09:42:21,AAPL,166.06,13,BID
2018-12-17 09:42:21,AAPL,166.09,2,ASK
2018-12-17 09:42:22,AAPL,166.04,18,BID
2018-12-17 09:42:22,AAPL,166.07,1,ASK
2018-12-17 09:42:22,AAPL,166.04,15,BID
2018-12-17 09:42:23,AAPL,166.07,3,ASK
2018-12-17 09:42:24,AAPL,166.04,17,BID
2018-12-17 09:42:24,AAPL,166.05,5,ASK
2018-12-17 09:42:25,AAPL,166.05,12,BID
2018-12-17 09:42:25,AAPL,166.07,2,ASK
2018-12-17 09:42:26,AAPL,166.04,2,BID
2018-12-17 09:42:26,AAPL,166.05,16,ASK
2018-12-17 09:42:27,AAPL,166.05,8,BID
2018-12-17 09:42:26,AAPL,166.08,9,ASK
2018-12-17 09:42:28,AAPL,165.78,1,BID
2018-12-17 09:42:28,AAPL,165.85,7,ASK
2018-12-17 09:42:28,AAPL,165.86,2,BID
2018-12-17 09:42:28,AAPL,165.91,9,ASK
2018-12-17 09:42:30,AAPL,165.9,2,BID
2018-12-17 09:42:30,AAPL,165.94,12,ASK
2018-12-17 09:42:31,AAPL,165.94,3,BID
2018-12-17 09:42:31,AAPL,165.99,6,ASK
2018-12-17 09:42:32,AAPL,165.96,2,BID
2018-12-17 09:42:32,AAPL,166.0,1,ASK
2018-12-17 09:42:33,AAPL,165.98,2,BID
2018-12-17 09:42:33,AAPL,166.03,13,ASK
2018-12-17 09:42:34,AAPL,165.97,11,BID
2018-12-17 09:42:34,AAPL,166.0,5,ASK
2018-12-17 09:42:35,AAPL,165.97,2,BID
2018-12-17 09:42:35,AAPL,165.99,10,ASK
2018-12-17 09:42:36,AAPL,166.0,2,BID
2018-12-17 09:42:36,AAPL,166.02,1,ASK
2018-12-17 09:42:36,AAPL,165.96,7,BID
2018-12-17 09:42:37,AAPL,165.98,1,ASK
2018-12-17 09:42:38,AAPL,165.94,8,BID
2018-12-17 09:42:38,AAPL,165.95,1,ASK
2018-12-17 09:42:38,AAPL,165.93,20,BID
2018-12-17 09:42:39,AAPL,165.95,1,ASK
2018-12-17 09:42:40,AAPL,165.91,18,BID
2018-12-17 09:42:40,AAPL,165.95,12,ASK
2018-12-17 09:42:40,AAPL,165.91,13,BID
2018-12-17 09:42:40,AAPL,165.93,6,ASK
2018-12-17 09:42:42,AAPL,165.92,9,BID
2018-12-17 09:42:42,AAPL,165.95,8,ASK
2018-12-17 09:42:43,AAPL,165.92,8,BID
2018-12-17 09:42:43,AAPL,165.94,11,ASK
2018-12-17 09:42:44,AAPL,165.99,1,BID
2018-12-17 09:42:44,AAPL,166.01,12,ASK
2018-12-17 09:42:45,AAPL,166.01,24,BID
2018-12-17 09:42:45,AAPL,166.04,1,ASK
2018-12-17 09:42:46,AAPL,165.95,3,BID
2018-12-17 09:42:46,AAPL,165.97,21,ASK
2018-12-17 09:42:47,AAPL,165.96,2,BID
2018-12-17 09:42:46,AAPL,165.98,7,ASK
2018-12-17 09:42:48,AAPL,165.9,14,BID
2018-12-17 09:42:48,AAPL,165.94,6,ASK
2018-12-17 09:42:49,AAPL,165.88,12,BID
2018-12-17 09:42:49,AAPL,165.91,2,ASK
2018-12-17 09:42:50,AAPL,165.88,12,BID
2018-12-17 09:42:49,AAPL,165.91,3,ASK
2018-12-17 09:42:51,AAPL,165.89,7,BID
2018-12-17 09:42:51,AAPL,165.91,2,ASK
2018-12-17 09:42:52,AAPL,165.89,7,BID
2018-12-17 09:42:51,AAPL,165.91,3,ASK
2018-12-17 09:42:53,AAPL,165.87,12,BID
2018-12-17 09:42:53,AAPL,165.89,19,ASK
2018-12-17 09:42:54,AAPL,165.87,19,BID
2018-12-17 09:42:54,AAPL,165.9,2,ASK
2018-12-17 09:42:55,AAPL,165.88,1,BID
2018-12-17 09:42:54,AAPL,165.9,2,ASK
2018-12-17 09:42:56,AAPL,165.88,13,BID
2018-12-17 09:42:56,AAPL,165.89,2,ASK
2018-12-17 09:42:57,AAPL,165.85,6,BID
2018-12-17 09:42:57,AAPL,165.86,1,ASK
2018-12-17 09:42:58,AAPL,165.82,14,BID
2018-12-17 09:42:58,AAPL,165.85,1,ASK
2018-12-17 09:42:59,AAPL,165.82,11,BID
2018-12-17 09:42:59,AAPL,165.85,2,ASK
2018-12-17 09:43:00,AAPL,165.77,15,BID
2018-12-17 09:43:00,AAPL,165.8,5,ASK
2018-12-17 09:43:01,AAPL,165.68,10,BID
2018-12-17 09:43:01,AAPL,165.71,1,ASK
2018-12-17 09:43:02,AAPL,165.66,26,BID
2018-12-17 09:43:02,AAPL,165.69,19,ASK
2018-12-17 09:43:03,AAPL,165.68,16,BID
2018-12-17 09:43:03,AAPL,165.73,34,ASK
2018-12-17 09:43:04,AAPL,165.61,7,BID
2018-12-17 09:43:04,AAPL,165.63,1,ASK
2018-12-17 09:43:05,AAPL,165.65,1,BID
2018-12-17 09:43:05,AAPL,165.68,9,ASK
2018-12-17 09:43:06,AAPL,165.59,25,BID
2018-12-17 09:43:06,AAPL,165.62,3,ASK
2018-12-17 09:43:07,AAPL,165.59,1,BID
2018-12-17 09:43:07,AAPL,165.62,5,ASK
2018-12-17 09:43:08,AAPL,165.66,11,BID
2018-12-17 09:43:08,AAPL,165.71,5,ASK
2018-12-17 09:43:09,AAPL,165.64,8,BID
2018-12-17 09:43:09,AAPL,165.67,10,ASK
2018-12-17 09:43:10,AAPL,165.67,7,BID
2018-12-17 09:43:10,AAPL,165.71,10,ASK
2018-12-17 09:43:11,AAPL,165.71,3,BID
2018-12-17 09:43:11,AAPL,165.76,9,ASK
2018-12-17 09:43:12,AAPL,165.73,2,BID
2018-12-17 09:43:12,AAPL,165.76,1,ASK
2018-12-17 09:43:13,AAPL,165.66,1,BID
2018-12-17 09:43:13,AAPL,165.7,13,ASK
2018-12-17 09:43:14,AAPL,165.7,4,BID
2018-12-17 09:43:14,AAPL,165.73,20,ASK
2018-12-17 09:43:15,AAPL,165.68,8,BID
2018-12-17 09:43:15,AAPL,165.72,18,ASK
2018-12-17 09:43:13,AAPL,165.65,13,BID
2018-12-17 09:43:16,AAPL,165.7,10,ASK
2018-12-17 09:43:17,AAPL,165.67,1,BID
2018-12-17 09:43:16,AAPL,165.7,19,ASK
2018-12-17 09:43:18,AAPL,165.65,1,BID
2018-12-17 09:43:18,AAPL,165.69,19,ASK
2018-12-17 09:43:19,AAPL,165.66,1,BID
2018-12-17 09:43:18,AAPL,165.7,25,ASK
2018-12-17 09:43:19,AAPL,165.67,1,BID
2018-12-17 09:43:19,AAPL,165.7,23,ASK
2018-12-17 09:43:20,AAPL,165.66,4,BID
2018-12-17 09:43:19,AAPL,165.7,23,ASK
2018-12-17 09:43:20,AAPL,165.66,5,BID
2018-12-17 09:43:20,AAPL,165.68,1,ASK
2018-12-17 09:43:21,AAPL,165.62,21,BID
2018-12-17 09:43:21,AAPL,165.66,6,ASK
2018-12-17 09:43:21,AAPL,165.65,7,BID
2018-12-17 09:43:21,AAPL,165.68,1,ASK
2018-12-17 09:43:21,AAPL,165.66,2,BID
2018-12-17 09:43:21,AAPL,165.66,8,ASK
2018-12-17 09:43:22,AAPL,165.67,2,BID
2018-12-17 09:43:19,AAPL,165.7,19,ASK
2018-12-17 09:43:22,AAPL,165.67,2,BID
2018-12-17 09:43:19,AAPL,165.7,18,ASK
2018-12-17 09:43:23,AAPL,165.69,7,BID
2018-12-17 09:43:23,AAPL,165.72,1,ASK
2018-12-17 09:43:24,AAPL,165.7,1,BID
2018-12-17 09:43:24,AAPL,165.73,22,ASK
2018-12-17 09:43:25,AAPL,165.65,3,BID
2018-12-17 09:43:25,AAPL,165.7,13,ASK
2018-12-17 09:43:26,AAPL,165.66,1,BID
2018-12-17 09:43:25,AAPL,165.7,7,ASK
2018-12-17 09:43:27,AAPL,165.69,4,BID
2018-12-17 09:43:27,AAPL,165.72,9,ASK
2018-12-17 09:43:29,AAPL,165.73,1,BID
2018-12-17 09:43:29,AAPL,165.76,17,ASK
2018-12-17 09:43:30,AAPL,165.71,2,BID
2018-12-17 09:43:30,AAPL,165.74,6,ASK
2018-12-17 09:43:31,AAPL,165.75,7,BID
2018-12-17 09:43:31,AAPL,165.8,9,ASK
2018-12-17 09:43:33,AAPL,165.77,6,BID
2018-12-17 09:43:33,AAPL,165.8,4,ASK
2018-12-17 09:43:34,AAPL,165.76,4,BID
2018-12-17 09:43:34,AAPL,165.79,3,ASK
2018-12-17 09:43:36,AAPL,165.79,2,BID
2018-12-17 09:43:34,AAPL,165.81,18,ASK
2018-12-17 09:43:37,AAPL,165.81,7,BID
2018-12-17 09:43:37,AAPL,165.84,16,ASK
2018-12-17 09:43:38,AAPL,165.73,5,BID
2018-12-17 09:43:38,AAPL,165.78,5,ASK
2018-12-17 09:43:39,AAPL,165.76,3,BID
2018-12-17 09:43:39,AAPL,165.81,21,ASK
2018-12-17 09:43:39,AAPL,165.78,1,BID
2018-12-17 09:43:39,AAPL,165.81,20,ASK
2018-12-17 09:43:40,AAPL,165.78,3,BID
2018-12-17 09:43:40,AAPL,165.81,19,ASK
2018-12-17 09:43:42,AAPL,165.79,8,BID
2018-12-17 09:43:38,AAPL,165.84,24,ASK
2018-12-17 09:43:43,AAPL,165.84,1,BID
2018-12-17 09:43:42,AAPL,165.87,21,ASK
2018-12-17 09:43:46,AAPL,165.78,2,BID
2018-12-17 09:43:46,AAPL,165.81,11,ASK
2018-12-17 09:43:41,AAPL,165.76,18,BID
2018-12-17 09:43:47,AAPL,165.81,24,ASK
2018-12-17 09:43:48,AAPL,165.8,2,BID
2018-12-17 09:43:48,AAPL,165.85,13,ASK
2018-12-17 09:43:49,AAPL,165.84,1,BID
2018-12-17 09:43:49,AAPL,165.89,25,ASK
2018-12-17 09:43:50,AAPL,165.85,3,BID
2018-12-17 09:43:50,AAPL,165.89,1,ASK
2018-12-17 09:43:51,AAPL,165.91,2,BID
2018-12-17 09:43:51,AAPL,165.94,10,ASK
2018-12-17 09:43:52,AAPL,165.91,5,BID
2018-12-17 09:43:52,AAPL,165.94,11,ASK
2018-12-17 09:43:53,AAPL,165.91,9,BID
2018-12-17 09:43:53,AAPL,165.96,1,ASK
2018-12-17 09:43:54,AAPL,165.89,22,BID
2018-12-17 09:43:54,AAPL,165.92,4,ASK
2018-12-17 09:43:55,AAPL,165.9,2,BID
2018-12-17 09:43:55,AAPL,165.94,9,ASK
2018-12-17 09:43:56,AAPL,165.89,2,BID
2018-12-17 09:43:56,AAPL,165.93,25,ASK
2018-12-17 09:43:57,AAPL,165.84,7,BID
2018-12-17 09:43:57,AAPL,165.87,11,ASK
2018-12-17 09:43:58,AAPL,165.82,4,BID
2018-12-17 09:43:58,AAPL,165.85,9,ASK
2018-12-17 09:43:59,AAPL,165.82,3,BID
2018-12-17 09:43:59,AAPL,165.84,1,ASK
2018-12-17 09:44:00,AAPL,165.84,19,BID
2018-12-17 09:44:00,AAPL,165.87,1,ASK
2018-12-17 09:44:01,AAPL,165.87,2,BID
2018-12-17 09:44:01,AAPL,165.91,2,ASK
2018-12-17 09:44:02,AAPL,165.87,1,BID
2018-12-17 09:44:02,AAPL,165.91,14,ASK
2018-12-17 09:44:03,AAPL,165.89,5,BID
2018-12-17 09:44:03,AAPL,165.93,17,ASK
2018-12-17 09:44:04,AAPL,165.92,11,BID
2018-12-17 09:44:04,AAPL,165.96,1,ASK
2018-12-17 09:44:05,AAPL,165.93,18,BID
2018-12-17 09:44:05,AAPL,165.98,1,ASK
2018-12-17 09:44:06,AAPL,165.93,18,BID
2018-12-17 09:44:06,AAPL,165.98,12,ASK
2018-12-17 09:44:06,AAPL,165.95,1,BID
2018-12-17 09:44:05,AAPL,165.99,16,ASK
2018-12-17 09:44:07,AAPL,165.95,5,BID
2018-12-17 09:44:07,AAPL,165.99,28,ASK
2018-12-17 09:44:09,AAPL,165.95,1,BID
2018-12-17 09:44:07,AAPL,165.99,25,ASK
2018-12-17 09:44:10,AAPL,165.97,1,BID
2018-12-17 09:44:10,AAPL,165.99,19,ASK
2018-12-17 09:44:10,AAPL,166.01,3,BID
2018-12-17 09:44:10,AAPL,166.03,12,ASK
2018-12-17 09:44:11,AAPL,166.02,10,BID
2018-12-17 09:44:11,AAPL,166.05,2,ASK
2018-12-17 09:44:12,AAPL,166.03,16,BID
2018-12-17 09:44:12,AAPL,166.08,20,ASK
2018-12-17 09:44:14,AAPL,165.98,14,BID
2018-12-17 09:44:14,AAPL,166.03,10,ASK
2018-12-17 09:44:14,AAPL,165.97,28,BID
2018-12-17 09:44:15,AAPL,166.0,14,ASK
2018-12-17 09:44:16,AAPL,165.96,19,BID
2018-12-17 09:44:16,AAPL,165.98,1,ASK
2018-12-17 09:44:16,AAPL,165.96,25,BID
2018-12-17 09:44:18,AAPL,165.98,1,ASK
2018-12-17 09:44:18,AAPL,165.96,19,BID
2018-12-17 09:44:18,AAPL,165.98,1,ASK
2018-12-17 09:44:18,AAPL,165.96,19,BID
2018-12-17 09:44:19,AAPL,165.98,3,ASK
2018-12-17 09:44:21,AAPL,165.95,1,BID
2018-12-17 09:44:21,AAPL,165.96,7,ASK
2018-12-17 09:44:21,AAPL,165.99,18,BID
2018-12-17 09:44:21,AAPL,166.02,14,ASK
2018-12-17 09:44:22,AAPL,166.02,8,BID
2018-12-17 09:44:22,AAPL,166.06,3,ASK
2018-12-17 09:44:24,AAPL,166.03,2,BID
2018-12-17 09:44:24,AAPL,166.06,10,ASK
2018-12-17 09:44:25,AAPL,165.98,7,BID
2018-12-17 09:44:25,AAPL,165.99,1,ASK
2018-12-17 09:44:25,AAPL,165.97,2,BID
2018-12-17 09:44:25,AAPL,165.99,16,ASK
2018-12-17 09:44:27,AAPL,165.98,16,BID
2018-12-17 09:44:27,AAPL,166.0,11,ASK
2018-12-17 09:44:28,AAPL,165.96,3,BID
2018-12-17 09:44:28,AAPL,166.0,19,ASK
2018-12-17 09:44:28,AAPL,165.99,18,BID
2018-12-17 09:44:28,AAPL,166.02,24,ASK
2018-12-17 09:44:30,AAPL,165.99,19,BID
2018-12-17 09:44:29,AAPL,166.03,15,ASK
2018-12-17 09:44:30,AAPL,165.99,19,BID
2018-12-17 09:44:29,AAPL,166.03,15,ASK
2018-12-17 09:44:31,AAPL,165.98,2,BID
2018-12-17 09:44:31,AAPL,166.03,19,ASK
2018-12-17 09:44:32,AAPL,165.95,14,BID
2018-12-17 09:44:32,AAPL,165.97,4,ASK
2018-12-17 09:44:32,AAPL,165.95,13,BID
2018-12-17 09:44:34,AAPL,165.98,9,ASK
2018-12-17 09:44:35,AAPL,165.95,1,BID
2018-12-17 09:44:35,AAPL,165.98,21,ASK
2018-12-17 09:44:35,AAPL,166.01,1,BID
2018-12-17 09:44:35,AAPL,166.04,8,ASK
2018-12-17 09:44:36,AAPL,166.06,2,BID
2018-12-17 09:44:36,AAPL,166.09,11,ASK
2018-12-17 09:44:37,AAPL,166.04,2,BID
2018-12-17 09:44:37,AAPL,166.07,16,ASK
2018-12-17 09:44:38,AAPL,165.99,11,BID
2018-12-17 09:44:39,AAPL,166.02,25,ASK
2018-12-17 09:44:39,AAPL,165.99,16,BID
2018-12-17 09:44:39,AAPL,166.02,27,ASK
2018-12-17 09:44:41,AAPL,165.99,4,BID
2018-12-17 09:44:41,AAPL,166.03,17,ASK
2018-12-17 09:44:42,AAPL,166.03,1,BID
2018-12-17 09:44:41,AAPL,166.05,16,ASK
2018-12-17 09:44:43,AAPL,166.06,1,BID
2018-12-17 09:44:42,AAPL,166.09,23,ASK
2018-12-17 09:44:44,AAPL,166.04,17,BID
2018-12-17 09:44:44,AAPL,166.07,18,ASK
2018-12-17 09:44:45,AAPL,166.03,14,BID
2018-12-17 09:44:45,AAPL,166.07,23,ASK
2018-12-17 09:44:46,AAPL,166.04,5,BID
2018-12-17 09:44:46,AAPL,166.08,25,ASK
2018-12-17 09:44:47,AAPL,166.05,1,BID
2018-12-17 09:44:47,AAPL,166.08,25,ASK
2018-12-17 09:44:48,AAPL,166.06,7,BID
2018-12-17 09:44:42,AAPL,166.09,14,ASK
2018-12-17 09:44:48,AAPL,166.11,9,BID
2018-12-17 09:44:48,AAPL,166.14,1,ASK
2018-12-17 09:44:49,AAPL,166.14,3,BID
2018-12-17 09:44:49,AAPL,166.17,14,ASK
2018-12-17 09:44:48,AAPL,166.11,8,BID
2018-12-17 09:44:50,AAPL,166.14,20,ASK
2018-12-17 09:44:52,AAPL,166.12,3,BID
2018-12-17 09:44:51,AAPL,166.14,14,ASK
2018-12-17 09:44:52,AAPL,166.14,3,BID
2018-12-17 09:44:52,AAPL,166.15,13,ASK
2018-12-17 09:44:53,AAPL,166.12,8,BID
2018-12-17 09:44:53,AAPL,166.15,13,ASK
2018-12-17 09:44:54,AAPL,166.16,7,BID
2018-12-17 09:44:54,AAPL,166.21,12,ASK
2018-12-17 09:44:54,AAPL,166.16,17,BID
2018-12-17 09:44:56,AAPL,166.2,15,ASK
2018-12-17 09:44:57,AAPL,166.12,8,BID
2018-12-17 09:44:57,AAPL,166.15,1,ASK
2018-12-17 09:44:57,AAPL,166.12,9,BID
2018-12-17 09:44:57,AAPL,166.13,1,ASK
2018-12-17 09:44:48,AAPL,166.06,38,BID
2018-12-17 09:44:59,AAPL,166.09,26,ASK
2018-12-17 09:45:00,AAPL,166.07,1,BID
2018-12-17 09:45:00,AAPL,166.11,9,ASK
2018-12-17 09:45:00,AAPL,166.01,11,BID
2018-12-17 09:45:00,AAPL,166.03,1,ASK
2018-12-17 09:45:01,AAPL,166.01,1,BID
2018-12-17 09:45:01,AAPL,166.05,10,ASK
2018-12-17 09:45:02,AAPL,165.97,7,BID
2018-12-17 09:45:02,AAPL,166.0,15,ASK
2018-12-17 09:45:03,AAPL,165.92,8,BID
2018-12-17 09:45:03,AAPL,165.95,1,ASK
2018-12-17 09:44:08,AAPL,165.91,20,BID
2018-12-17 09:45:04,AAPL,165.95,19,ASK
2018-12-17 09:45:06,AAPL,165.88,10,BID
2018-12-17 09:45:06,AAPL,165.91,8,ASK
2018-12-17 09:45:07,AAPL,165.94,1,BID
2018-12-17 09:45:05,AAPL,165.96,12,ASK
2018-12-17 09:45:08,AAPL,165.89,14,BID
2018-12-17 09:45:08,AAPL,165.92,1,ASK
2018-12-17 09:45:09,AAPL,165.82,6,BID
2018-12-17 09:45:09,AAPL,165.85,1,ASK
2018-12-17 09:45:09,AAPL,165.84,13,BID
2018-12-17 09:45:09,AAPL,165.87,4,ASK
2018-12-17 09:45:09,AAPL,165.82,23,BID
2018-12-17 09:45:10,AAPL,165.85,3,ASK
2018-12-17 09:45:11,AAPL,165.81,11,BID
2018-12-17 09:45:11,AAPL,165.85,13,ASK
2018-12-17 09:45:12,AAPL,165.86,12,BID
2018-12-17 09:45:08,AAPL,165.89,9,ASK
2018-12-17 09:45:13,AAPL,165.83,10,BID
2018-12-17 09:45:13,AAPL,165.87,24,ASK
2018-12-17 09:45:15,AAPL,165.79,2,BID
2018-12-17 09:45:15,AAPL,165.83,23,ASK
2018-12-17 09:45:16,AAPL,165.81,18,BID
2018-12-17 09:45:16,AAPL,165.85,8,ASK
2018-12-17 09:45:16,AAPL,165.88,12,BID
2018-12-17 09:45:16,AAPL,165.91,9,ASK
2018-12-17 09:45:17,AAPL,165.9,2,BID
2018-12-17 09:45:17,AAPL,165.93,15,ASK
2018-12-17 09:45:19,AAPL,165.94,2,BID
2018-12-17 09:45:19,AAPL,165.97,1,ASK
2018-12-17 09:45:19,AAPL,165.98,1,BID
2018-12-17 09:45:02,AAPL,166.01,14,ASK
2018-12-17 09:45:19,AAPL,165.99,6,BID
2018-12-17 09:45:20,AAPL,166.02,1,ASK
2018-12-17 09:45:21,AAPL,166.01,2,BID
2018-12-17 09:45:21,AAPL,166.04,13,ASK
2018-12-17 09:45:21,AAPL,166.03,1,BID
2018-12-17 09:45:21,AAPL,166.07,26,ASK
2018-12-17 09:45:22,AAPL,166.05,8,BID
2018-12-17 09:45:22,AAPL,166.09,11,ASK
2018-12-17 09:45:23,AAPL,166.08,1,BID
2018-12-17 09:45:23,AAPL,166.12,35,ASK
2018-12-17 09:45:24,AAPL,166.1,2,BID
2018-12-17 09:45:24,AAPL,166.13,13,ASK
2018-12-17 09:45:25,AAPL,166.11,12,BID
2018-12-17 09:45:25,AAPL,166.14,1,ASK
2018-12-17 09:45:26,AAPL,166.08,22,BID
2018-12-17 09:45:26,AAPL,166.12,8,ASK
2018-12-17 09:45:28,AAPL,166.1,3,BID
2018-12-17 09:45:28,AAPL,166.13,7,ASK
2018-12-17 09:45:30,AAPL,166.13,1,BID
2018-12-17 09:45:25,AAPL,166.15,16,ASK
2018-12-17 09:45:31,AAPL,166.12,4,BID
2018-12-17 09:45:31,AAPL,166.15,17,ASK
2018-12-17 09:45:32,AAPL,166.14,2,BID
2018-12-17 09:45:25,AAPL,166.16,29,ASK
2018-12-17 09:45:33,AAPL,166.12,14,BID
2018-12-17 09:45:32,AAPL,166.16,38,ASK
2018-12-17 09:45:34,AAPL,166.1,5,BID
2018-12-17 09:45:34,AAPL,166.12,6,ASK
2018-12-17 09:45:34,AAPL,166.1,1,BID
2018-12-17 09:45:34,AAPL,166.13,9,ASK
2018-12-17 09:45:35,AAPL,166.11,11,BID
2018-12-17 09:45:35,AAPL,166.14,12,ASK
2018-12-17 09:45:35,AAPL,166.13,3,BID
2018-12-17 09:45:35,AAPL,166.17,13,ASK
2018-12-17 09:45:38,AAPL,166.11,4,BID
2018-12-17 09:45:38,AAPL,166.14,11,ASK
2018-12-17 09:45:39,AAPL,166.09,8,BID
2018-12-17 09:45:39,AAPL,166.11,1,ASK
2018-12-17 09:45:40,AAPL,166.13,9,BID
2018-12-17 09:45:40,AAPL,166.16,10,ASK
2018-12-17 09:45:41,AAPL,166.16,3,BID
2018-12-17 09:45:41,AAPL,166.18,6,ASK
2018-12-17 09:45:42,AAPL,166.18,3,BID
2018-12-17 09:45:41,AAPL,166.2,8,ASK
2018-12-17 09:45:43,AAPL,166.19,1,BID
2018-12-17 09:44:55,AAPL,166.21,17,ASK
2018-12-17 09:45:43,AAPL,166.18,3,BID
2018-12-17 09:45:43,AAPL,166.21,19,ASK
2018-12-17 09:45:45,AAPL,166.2,1,BID
2018-12-17 09:45:44,AAPL,166.23,23,ASK
2018-12-17 09:45:46,AAPL,166.18,11,BID
2018-12-17 09:45:46,AAPL,166.2,2,ASK
2018-12-17 09:45:47,AAPL,166.16,21,BID
2018-12-17 09:45:47,AAPL,166.19,6,ASK
2018-12-17 09:45:48,AAPL,166.13,9,BID
2018-12-17 09:45:47,AAPL,166.16,4,ASK
2018-12-17 09:45:49,AAPL,166.1,2,BID
2018-12-17 09:45:49,AAPL,166.12,2,ASK
2018-12-17 09:45:50,AAPL,166.1,24,BID
2018-12-17 09:45:50,AAPL,166.12,1,ASK
2018-12-17 09:45:51,AAPL,166.1,18,BID
2018-12-17 09:45:51,AAPL,166.12,2,ASK
2018-12-17 09:45:52,AAPL,166.06,15,BID
2018-12-17 09:45:52,AAPL,166.1,22,ASK
2018-12-17 09:45:53,AAPL,166.06,15,BID
2018-12-17 09:45:52,AAPL,166.1,23,ASK
2018-12-17 09:45:54,AAPL,166.06,3,BID
2018-12-17 09:45:54,AAPL,166.07,2,ASK
2018-12-17 09:45:54,AAPL,166.02,26,BID
2018-12-17 09:45:54,AAPL,166.06,4,ASK
2018-12-17 09:45:54,AAPL,166.02,24,BID
2018-12-17 09:45:56,AAPL,166.06,24,ASK
2018-12-17 09:45:57,AAPL,166.03,1,BID
2018-12-17 09:45:56,AAPL,166.06,22,ASK
2018-12-17 09:45:58,AAPL,166.05,18,BID
2018-12-17 09:45:58,AAPL,166.08,6,ASK
2018-12-17 09:45:59,AAPL,166.09,1,BID
2018-12-17 09:45:59,AAPL,166.1,19,ASK
2018-12-17 09:46:00,AAPL,166.11,10,BID
2018-12-17 09:46:00,AAPL,166.13,1,ASK
2018-12-17 09:46:01,AAPL,166.09,4,BID
2018-12-17 09:46:01,AAPL,166.12,2,ASK
2018-12-17 09:46:02,AAPL,166.07,22,BID
2018-12-17 09:46:01,AAPL,166.11,2,ASK
2018-12-17 09:46:03,AAPL,166.07,19,BID
2018-12-17 09:46:03,AAPL,166.1,1,ASK
2018-12-17 09:46:04,AAPL,166.06,15,BID
2018-12-17 09:46:03,AAPL,166.1,10,ASK
2018-12-17 09:46:05,AAPL,166.11,6,BID
2018-12-17 09:46:05,AAPL,166.14,15,ASK
2018-12-17 09:46:06,AAPL,166.11,6,BID
2018-12-17 09:46:06,AAPL,166.14,14,ASK
2018-12-17 09:46:06,AAPL,166.11,6,BID
2018-12-17 09:46:07,AAPL,166.14,14,ASK
2018-12-17 09:46:08,AAPL,166.13,24,BID
2018-12-17 09:46:08,AAPL,166.17,2,ASK
2018-12-17 09:46:08,AAPL,166.13,24,BID
2018-12-17 09:46:08,AAPL,166.17,2,ASK
2018-12-17 09:46:10,AAPL,166.13,27,BID
2018-12-17 09:46:10,AAPL,166.16,11,ASK
2018-12-17 09:46:11,AAPL,166.13,27,BID
2018-12-17 09:46:11,AAPL,166.16,11,ASK
2018-12-17 09:46:11,AAPL,166.13,1,BID
2018-12-17 09:46:11,AAPL,166.16,19,ASK
2018-12-17 09:46:13,AAPL,166.13,2,BID
2018-12-17 09:46:11,AAPL,166.16,21,ASK
2018-12-17 09:46:14,AAPL,166.13,12,BID
2018-12-17 09:46:14,AAPL,166.17,20,ASK
2018-12-17 09:46:15,AAPL,166.17,16,BID
2018-12-17 09:46:15,AAPL,166.21,26,ASK
2018-12-17 09:46:16,AAPL,166.19,1,BID
2018-12-17 09:46:16,AAPL,166.22,23,ASK
2018-12-17 09:46:16,AAPL,166.19,3,BID
2018-12-17 09:46:16,AAPL,166.22,24,ASK
2018-12-17 09:46:18,AAPL,166.24,2,BID
2018-12-17 09:46:18,AAPL,166.27,6,ASK
2018-12-17 09:46:19,AAPL,166.24,14,BID
2018-12-17 09:46:19,AAPL,166.27,6,ASK
2018-12-17 09:46:20,AAPL,166.24,16,BID
2018-12-17 09:46:20,AAPL,166.27,8,ASK
2018-12-17 09:46:21,AAPL,166.24,15,BID
2018-12-17 09:46:20,AAPL,166.27,8,ASK
2018-12-17 09:46:22,AAPL,166.23,2,BID
2018-12-17 09:46:22,AAPL,166.26,26,ASK
2018-12-17 09:46:23,AAPL,166.23,3,BID
2018-12-17 09:46:23,AAPL,166.26,2,ASK
2018-12-17 09:46:24,AAPL,166.27,3,BID
2018-12-17 09:46:24,AAPL,166.3,18,ASK
2018-12-17 09:46:24,AAPL,166.27,3,BID
2018-12-17 09:46:24,AAPL,166.3,19,ASK
2018-12-17 09:46:26,AAPL,166.28,6,BID
2018-12-17 09:41:54,AAPL,166.32,15,ASK
2018-12-17 09:46:27,AAPL,166.28,9,BID
2018-12-17 09:41:54,AAPL,166.32,22,ASK
2018-12-17 09:46:27,AAPL,166.28,9,BID
2018-12-17 09:41:54,AAPL,166.32,19,ASK
2018-12-17 09:46:29,AAPL,166.26,1,BID
2018-12-17 09:46:29,AAPL,166.29,11,ASK
2018-12-17 09:46:30,AAPL,166.25,55,BID
2018-12-17 09:46:30,AAPL,166.29,26,ASK
2018-12-17 09:46:31,AAPL,166.2,4,BID
2018-12-17 09:46:31,AAPL,166.23,2,ASK
2018-12-17 09:46:31,AAPL,166.22,1,BID
2018-12-17 09:46:31,AAPL,166.24,4,ASK
2018-12-17 09:46:32,AAPL,166.27,1,BID
2018-12-17 09:41:54,AAPL,166.32,22,ASK
2018-12-17 09:46:32,AAPL,166.28,13,BID
2018-12-17 09:46:32,AAPL,166.33,17,ASK
2018-12-17 09:46:32,AAPL,166.29,12,BID
2018-12-17 09:46:32,AAPL,166.33,15,ASK
2018-12-17 09:46:34,AAPL,166.3,5,BID
2018-12-17 09:46:34,AAPL,166.33,18,ASK
2018-12-17 09:46:36,AAPL,166.33,8,BID
2018-12-17 09:46:36,AAPL,166.35,2,ASK
2018-12-17 09:46:38,AAPL,166.38,2,BID
2018-12-17 09:46:38,AAPL,166.41,2,ASK
2018-12-17 09:46:39,AAPL,166.42,2,BID
2018-12-17 09:46:39,AAPL,166.46,3,ASK
2018-12-17 09:46:40,AAPL,166.42,5,BID
2018-12-17 09:46:40,AAPL,166.46,3,ASK
2018-12-17 09:46:41,AAPL,166.41,3,BID
2018-12-17 09:46:41,AAPL,166.45,2,ASK
2018-12-17 09:46:41,AAPL,166.41,5,BID
2018-12-17 09:46:42,AAPL,166.45,3,ASK
2018-12-17 09:46:42,AAPL,166.41,17,BID
2018-12-17 09:46:42,AAPL,166.45,2,ASK
2018-12-17 09:46:44,AAPL,166.41,10,BID
2018-12-17 09:46:44,AAPL,166.44,3,ASK
2018-12-17 09:46:44,AAPL,166.41,9,BID
2018-12-17 09:46:44,AAPL,166.44,4,ASK
2018-12-17 09:46:46,AAPL,166.39,13,BID
2018-12-17 09:46:46,AAPL,166.43,6,ASK
2018-12-17 09:46:47,AAPL,166.36,20,BID
2018-12-17 09:46:47,AAPL,166.42,4,ASK
2018-12-17 09:46:48,AAPL,166.35,12,BID
2018-12-17 09:46:48,AAPL,166.37,5,ASK
2018-12-17 09:46:49,AAPL,166.33,18,BID
2018-12-17 09:46:49,AAPL,166.36,2,ASK
2018-12-17 09:46:49,AAPL,166.33,16,BID
2018-12-17 09:46:50,AAPL,166.35,3,ASK
2018-12-17 09:46:50,AAPL,166.34,2,BID
2018-12-17 09:46:51,AAPL,166.36,4,ASK
2018-12-17 09:46:52,AAPL,166.35,1,BID
2018-12-17 09:46:52,AAPL,166.36,4,ASK
2018-12-17 09:46:53,AAPL,166.4,1,BID
2018-12-17 09:46:53,AAPL,166.43,10,ASK
2018-12-17 09:46:54,AAPL,166.42,1,BID
2018-12-17 09:46:41,AAPL,166.46,9,ASK
2018-12-17 09:46:55,AAPL,166.42,2,BID
2018-12-17 09:46:41,AAPL,166.46,9,ASK
2018-12-17 09:46:56,AAPL,166.4,3,BID
2018-12-17 09:46:56,AAPL,166.44,2,ASK
2018-12-17 09:46:57,AAPL,166.39,16,BID
2018-12-17 09:46:57,AAPL,166.41,2,ASK
2018-12-17 09:46:57,AAPL,166.4,20,BID
2018-12-17 09:46:58,AAPL,166.46,18,ASK
2018-12-17 09:46:59,AAPL,166.42,1,BID
2018-12-17 09:46:58,AAPL,166.46,18,ASK
2018-12-17 09:47:00,AAPL,166.43,11,BID
2018-12-17 09:46:58,AAPL,166.46,19,ASK
2018-12-17 09:47:01,AAPL,166.43,11,BID
2018-12-17 09:46:58,AAPL,166.46,19,ASK
2018-12-17 09:47:02,AAPL,166.4,24,BID
2018-12-17 09:47:02,AAPL,166.44,1,ASK
2018-12-17 09:47:03,AAPL,166.46,12,BID
2018-12-17 09:47:03,AAPL,166.49,11,ASK
2018-12-17 09:47:03,AAPL,166.44,16,BID
2018-12-17 09:47:03,AAPL,166.49,14,ASK
2018-12-17 09:47:05,AAPL,166.44,5,BID
2018-12-17 09:47:05,AAPL,166.47,3,ASK
2018-12-17 09:47:06,AAPL,166.49,7,BID
2018-12-17 09:47:06,AAPL,166.53,2,ASK
2018-12-17 09:47:07,AAPL,166.48,25,BID
2018-12-17 09:47:07,AAPL,166.53,1,ASK
2018-12-17 09:47:08,AAPL,166.49,13,BID
2018-12-17 09:47:08,AAPL,166.53,5,ASK
2018-12-17 09:47:09,AAPL,166.42,21,BID
2018-12-17 09:47:09,AAPL,166.45,5,ASK
2018-12-17 09:47:03,AAPL,166.4,39,BID
2018-12-17 09:47:10,AAPL,166.43,5,ASK
2018-12-17 09:47:11,AAPL,166.35,18,BID
2018-12-17 09:47:11,AAPL,166.37,2,ASK
2018-12-17 09:47:12,AAPL,166.34,19,BID
2018-12-17 09:47:12,AAPL,166.36,7,ASK
2018-12-17 09:47:13,AAPL,166.34,12,BID
2018-12-17 09:47:13,AAPL,166.38,7,ASK
2018-12-17 09:47:14,AAPL,166.38,3,BID
2018-12-17 09:47:14,AAPL,166.4,1,ASK
2018-12-17 09:47:15,AAPL,166.36,16,BID
2018-12-17 09:47:15,AAPL,166.38,4,ASK
2018-12-17 09:47:16,AAPL,166.38,8,BID
2018-12-17 09:47:16,AAPL,166.41,16,ASK
2018-12-17 09:47:17,AAPL,166.39,16,BID
2018-12-17 09:47:17,AAPL,166.42,9,ASK
2018-12-17 09:47:18,AAPL,166.37,9,BID
2018-12-17 09:47:18,AAPL,166.42,7,ASK
2018-12-17 09:47:19,AAPL,166.37,30,BID
2018-12-17 09:47:19,AAPL,166.41,13,ASK
2018-12-17 09:47:20,AAPL,166.43,13,BID
2018-12-17 09:47:20,AAPL,166.47,9,ASK
2018-12-17 09:47:21,AAPL,166.43,23,BID
2018-12-17 09:47:21,AAPL,166.48,14,ASK
2018-12-17 09:47:22,AAPL,166.45,7,BID
2018-12-17 09:47:22,AAPL,166.49,3,ASK
2018-12-17 09:47:23,AAPL,166.45,1,BID
2018-12-17 09:47:23,AAPL,166.48,1,ASK
2018-12-17 09:47:24,AAPL,166.45,3,BID
2018-12-17 09:47:24,AAPL,166.48,7,ASK
2018-12-17 09:47:25,AAPL,166.41,13,BID
2018-12-17 09:47:25,AAPL,166.46,5,ASK
2018-12-17 09:47:26,AAPL,166.39,16,BID
2018-12-17 09:47:26,AAPL,166.42,9,ASK
2018-12-17 09:47:27,AAPL,166.39,16,BID
2018-12-17 09:47:27,AAPL,166.42,4,ASK
2018-12-17 09:47:19,AAPL,166.36,12,BID
2018-12-17 09:47:28,AAPL,166.39,15,ASK
2018-12-17 09:47:29,AAPL,166.34,1,BID
2018-12-17 09:47:29,AAPL,166.37,12,ASK
2018-12-17 09:47:30,AAPL,166.34,2,BID
2018-12-17 09:47:30,AAPL,166.36,1,ASK
2018-12-17 09:47:31,AAPL,166.35,14,BID
2018-12-17 09:47:31,AAPL,166.39,25,ASK
2018-12-17 09:47:32,AAPL,166.34,27,BID
2018-12-17 09:47:31,AAPL,166.39,34,ASK
2018-12-17 09:47:33,AAPL,166.34,15,BID
2018-12-17 09:47:33,AAPL,166.38,2,ASK
2018-12-17 09:47:34,AAPL,166.36,3,BID
2018-12-17 09:47:31,AAPL,166.39,25,ASK
2018-12-17 09:47:35,AAPL,166.36,3,BID
2018-12-17 09:47:31,AAPL,166.39,19,ASK
2018-12-17 09:47:36,AAPL,166.36,4,BID
2018-12-17 09:47:31,AAPL,166.39,20,ASK
2018-12-17 09:47:37,AAPL,166.36,8,BID
2018-12-17 09:47:37,AAPL,166.38,13,ASK
2018-12-17 09:47:38,AAPL,166.35,2,BID
2018-12-17 09:47:38,AAPL,166.39,24,ASK
2018-12-17 09:47:39,AAPL,166.35,4,BID
2018-12-17 09:47:39,AAPL,166.39,31,ASK
2018-12-17 09:47:40,AAPL,166.33,15,BID
2018-12-17 09:47:40,AAPL,166.37,20,ASK
2018-12-17 09:47:41,AAPL,166.34,1,BID
2018-12-17 09:47:41,AAPL,166.38,7,ASK
2018-12-17 09:47:42,AAPL,166.34,16,BID
2018-12-17 09:47:42,AAPL,166.38,7,ASK
2018-12-17 09:46:36,AAPL,166.32,4,BID
2018-12-17 09:47:43,AAPL,166.34,2,ASK
2018-12-17 09:47:45,AAPL,166.31,1,BID
2018-12-17 09:47:44,AAPL,166.33,2,ASK
2018-12-17 09:47:45,AAPL,166.3,32,BID
2018-12-17 09:47:45,AAPL,166.33,2,ASK
2018-12-17 09:47:46,AAPL,166.3,32,BID
2018-12-17 09:47:46,AAPL,166.34,6,ASK
2018-12-17 09:47:46,AAPL,166.3,25,BID
2018-12-17 09:47:46,AAPL,166.34,6,ASK
2018-12-17 09:47:48,AAPL,166.31,1,BID
2018-12-17 09:47:46,AAPL,166.34,6,ASK
2018-12-17 09:47:49,AAPL,166.33,16,BID
2018-12-17 09:47:49,AAPL,166.35,9,ASK
2018-12-17 09:47:50,AAPL,166.3,23,BID
2018-12-17 09:47:50,AAPL,166.33,2,ASK
2018-12-17 09:47:51,AAPL,166.26,3,BID
2018-12-17 09:47:51,AAPL,166.31,16,ASK
2018-12-17 09:47:53,AAPL,166.25,23,BID
2018-12-17 09:47:53,AAPL,166.3,3,ASK
2018-12-17 09:47:54,AAPL,166.21,22,BID
2018-12-17 09:47:53,AAPL,166.25,4,ASK
2018-12-17 09:47:54,AAPL,166.21,22,BID
2018-12-17 09:47:54,AAPL,166.25,23,ASK
2018-12-17 09:47:54,AAPL,166.21,22,BID
2018-12-17 09:47:55,AAPL,166.24,3,ASK
2018-12-17 09:47:56,AAPL,166.2,12,BID
2018-12-17 09:47:56,AAPL,166.21,7,ASK
2018-12-17 09:47:57,AAPL,166.22,2,BID
2018-12-17 09:47:57,AAPL,166.26,10,ASK
2018-12-17 09:47:58,AAPL,166.22,1,BID
2018-12-17 09:47:58,AAPL,166.25,3,ASK
2018-12-17 09:47:59,AAPL,166.19,10,BID
2018-12-17 09:47:59,AAPL,166.22,2,ASK
2018-12-17 09:48:00,AAPL,166.15,28,BID
2018-12-17 09:48:00,AAPL,166.19,2,ASK
2018-12-17 09:48:01,AAPL,166.08,19,BID
2018-12-17 09:48:01,AAPL,166.12,2,ASK
2018-12-17 09:48:03,AAPL,166.07,2,BID
2018-12-17 09:48:03,AAPL,166.1,2,ASK
2018-12-17 09:48:04,AAPL,166.06,24,BID
2018-12-17 09:48:04,AAPL,166.09,1,ASK
2018-12-17 09:48:04,AAPL,166.09,16,BID
2018-12-17 09:48:04,AAPL,166.12,3,ASK
2018-12-17 09:48:05,AAPL,166.11,15,BID
2018-12-17 09:48:01,AAPL,166.13,8,ASK
2018-12-17 09:48:06,AAPL,166.11,9,BID
2018-12-17 09:48:06,AAPL,166.14,8,ASK
2018-12-17 09:48:07,AAPL,166.11,9,BID
2018-12-17 09:48:07,AAPL,166.13,2,ASK
2018-12-17 09:48:08,AAPL,166.09,7,BID
2018-12-17 09:48:08,AAPL,166.13,3,ASK
2018-12-17 09:48:04,AAPL,166.06,22,BID
2018-12-17 09:48:09,AAPL,166.09,2,ASK
2018-12-17 09:48:11,AAPL,166.08,25,BID
2018-12-17 09:48:10,AAPL,166.13,31,ASK
2018-12-17 09:46:03,AAPL,166.05,15,BID
2018-12-17 09:48:12,AAPL,166.08,1,ASK
2018-12-17 09:48:13,AAPL,166.04,2,BID
2018-12-17 09:48:13,AAPL,166.08,4,ASK
2018-12-17 09:45:56,AAPL,166.02,32,BID
2018-12-17 09:48:13,AAPL,166.05,3,ASK
2018-12-17 09:48:15,AAPL,166.03,3,BID
2018-12-17 09:48:15,AAPL,166.05,1,ASK
2018-12-17 09:48:16,AAPL,166.02,2,BID
2018-12-17 09:48:16,AAPL,166.03,17,ASK
2018-12-17 09:48:17,AAPL,166.02,8,BID
2018-12-17 09:48:17,AAPL,166.06,13,ASK
2018-12-17 09:48:16,AAPL,166.01,18,BID
2018-12-17 09:48:17,AAPL,166.06,18,ASK
2018-12-17 09:45:20,AAPL,166.0,20,BID
2018-12-17 09:48:19,AAPL,166.02,2,ASK
2018-12-17 09:48:20,AAPL,165.95,12,BID
2018-12-17 09:48:20,AAPL,165.98,3,ASK
2018-12-17 09:48:20,AAPL,165.94,7,BID
2018-12-17 09:48:20,AAPL,165.96,6,ASK
2018-12-17 09:48:21,AAPL,165.92,2,BID
2018-12-17 09:48:21,AAPL,165.95,3,ASK
2018-12-17 09:48:22,AAPL,165.95,9,BID
2018-12-17 09:48:22,AAPL,165.97,11,ASK
2018-12-17 09:48:23,AAPL,165.91,21,BID
2018-12-17 09:48:23,AAPL,165.95,1,ASK
2018-12-17 09:48:23,AAPL,165.91,27,BID
2018-12-17 09:48:25,AAPL,165.95,3,ASK
2018-12-17 09:48:23,AAPL,165.91,21,BID
2018-12-17 09:48:25,AAPL,165.94,2,ASK
2018-12-17 09:48:27,AAPL,165.92,1,BID
2018-12-17 09:48:26,AAPL,165.94,2,ASK
2018-12-17 09:48:27,AAPL,165.92,2,BID
2018-12-17 09:48:27,AAPL,165.95,12,ASK
2018-12-17 09:48:29,AAPL,165.9,2,BID
2018-12-17 09:48:29,AAPL,165.93,1,ASK
2018-12-17 09:48:29,AAPL,165.9,16,BID
2018-12-17 09:48:29,AAPL,165.94,12,ASK
2018-12-17 09:48:30,AAPL,165.9,17,BID
2018-12-17 09:48:30,AAPL,165.93,1,ASK
2018-12-17 09:48:31,AAPL,165.93,3,BID
2018-12-17 09:48:31,AAPL,165.95,16,ASK
2018-12-17 09:48:33,AAPL,165.94,2,BID
2018-12-17 09:48:22,AAPL,165.97,16,ASK
2018-12-17 09:48:34,AAPL,165.95,16,BID
2018-12-17 09:48:34,AAPL,165.98,1,ASK
2018-12-17 09:48:35,AAPL,165.97,1,BID
2018-12-17 09:48:35,AAPL,166.0,51,ASK
2018-12-17 09:48:36,AAPL,165.95,7,BID
2018-12-17 09:48:36,AAPL,165.99,3,ASK
2018-12-17 09:48:37,AAPL,165.94,8,BID
2018-12-17 09:48:37,AAPL,165.97,1,ASK
2018-12-17 09:48:38,AAPL,165.93,18,BID
2018-12-17 09:48:38,AAPL,165.97,2,ASK
2018-12-17 09:48:38,AAPL,165.96,3,BID
2018-12-17 09:48:38,AAPL,165.99,23,ASK
2018-12-17 09:48:39,AAPL,165.96,31,BID
2018-12-17 09:48:40,AAPL,166.0,51,ASK
2018-12-17 09:48:41,AAPL,165.98,14,BID
2018-12-17 09:48:40,AAPL,166.01,11,ASK
2018-12-17 09:48:42,AAPL,165.99,17,BID
2018-12-17 09:48:19,AAPL,166.02,17,ASK
2018-12-17 09:48:42,AAPL,165.99,22,BID
2018-12-17 09:48:19,AAPL,166.02,17,ASK
2018-12-17 09:48:44,AAPL,166.01,20,BID
2018-12-17 09:48:43,AAPL,166.04,17,ASK
2018-12-17 09:48:44,AAPL,166.02,7,BID
2018-12-17 09:48:44,AAPL,166.05,1,ASK
2018-12-17 09:48:45,AAPL,166.02,10,BID
2018-12-17 09:48:45,AAPL,166.06,2,ASK
2018-12-17 09:48:46,AAPL,166.03,1,BID
2018-12-17 09:48:46,AAPL,166.06,4,ASK
2018-12-17 09:48:47,AAPL,166.08,3,BID
2018-12-17 09:48:44,AAPL,166.09,18,ASK
2018-12-17 09:48:48,AAPL,166.1,3,BID
2018-12-17 09:48:48,AAPL,166.11,19,ASK
2018-12-17 09:48:50,AAPL,166.1,53,BID
2018-12-17 09:48:06,AAPL,166.14,19,ASK
2018-12-17 09:48:51,AAPL,166.14,3,BID
2018-12-17 09:48:01,AAPL,166.15,3,ASK
2018-12-17 09:48:51,AAPL,166.18,13,BID
2018-12-17 09:48:52,AAPL,166.23,14,ASK
2018-12-17 09:48:53,AAPL,166.18,16,BID
2018-12-17 09:48:53,AAPL,166.23,25,ASK
2018-12-17 09:48:53,AAPL,166.19,1,BID
2018-12-17 09:48:53,AAPL,166.21,5,ASK
2018-12-17 09:48:55,AAPL,166.13,10,BID
2018-12-17 09:48:55,AAPL,166.15,6,ASK
2018-12-17 09:48:56,AAPL,166.15,1,BID
2018-12-17 09:48:56,AAPL,166.16,1,ASK
2018-12-17 09:48:57,AAPL,166.16,7,BID
2018-12-17 09:48:57,AAPL,166.2,6,ASK
2018-12-17 09:48:58,AAPL,166.17,13,BID
2018-12-17 09:48:58,AAPL,166.2,8,ASK
2018-12-17 09:48:59,AAPL,166.17,13,BID
2018-12-17 09:48:54,AAPL,166.21,15,ASK
2018-12-17 09:49:00,AAPL,166.17,13,BID
2018-12-17 09:48:54,AAPL,166.21,12,ASK
2018-12-17 09:49:01,AAPL,166.19,3,BID
2018-12-17 09:49:01,AAPL,166.21,6,ASK
2018-12-17 09:49:01,AAPL,166.19,8,BID
2018-12-17 09:49:01,AAPL,166.21,2,ASK
2018-12-17 09:49:02,AAPL,166.22,13,BID
2018-12-17 09:49:02,AAPL,166.26,7,ASK
2018-12-17 09:49:03,AAPL,166.21,3,BID
2018-12-17 09:49:03,AAPL,166.24,2,ASK
2018-12-17 09:49:03,AAPL,166.24,7,BID
2018-12-17 09:49:03,AAPL,166.27,11,ASK
2018-12-17 09:49:04,AAPL,166.27,7,BID
2018-12-17 09:49:04,AAPL,166.3,11,ASK
2018-12-17 09:49:04,AAPL,166.26,16,BID
2018-12-17 09:49:04,AAPL,166.29,2,ASK
2018-12-17 09:49:05,AAPL,166.29,3,BID
2018-12-17 09:49:05,AAPL,166.33,26,ASK
2018-12-17 09:49:06,AAPL,166.28,17,BID
2018-12-17 09:49:06,AAPL,166.32,17,ASK
2018-12-17 09:49:08,AAPL,166.29,3,BID
2018-12-17 09:49:07,AAPL,166.33,25,ASK
2018-12-17 09:49:09,AAPL,166.24,13,BID
2018-12-17 09:49:09,AAPL,166.27,1,ASK
2018-12-17 09:49:10,AAPL,166.25,12,BID
2018-12-17 09:49:10,AAPL,166.29,17,ASK
2018-12-17 09:49:10,AAPL,166.3,8,BID
2018-12-17 09:49:11,AAPL,166.33,12,ASK
2018-12-17 09:49:12,AAPL,166.31,9,BID
2018-12-17 09:49:12,AAPL,166.36,15,ASK
2018-12-17 09:49:14,AAPL,166.37,2,BID
2018-12-17 09:47:39,AAPL,166.39,19,ASK
2018-12-17 09:49:15,AAPL,166.38,3,BID
2018-12-17 09:49:15,AAPL,166.42,3,ASK
2018-12-17 09:49:12,AAPL,166.31,8,BID
2018-12-17 09:49:16,AAPL,166.33,5,ASK
2018-12-17 09:49:18,AAPL,166.36,11,BID
2018-12-17 09:49:18,AAPL,166.39,25,ASK
2018-12-17 09:49:18,AAPL,166.35,11,BID
2018-12-17 09:49:18,AAPL,166.38,1,ASK
2018-12-17 09:49:19,AAPL,166.34,9,BID
2018-12-17 09:49:19,AAPL,166.38,3,ASK
2018-12-17 09:49:20,AAPL,166.3,3,BID
2018-12-17 09:49:20,AAPL,166.34,7,ASK
2018-12-17 09:49:20,AAPL,166.26,13,BID
2018-12-17 09:49:20,AAPL,166.3,15,ASK
2018-12-17 09:49:21,AAPL,166.22,11,BID
2018-12-17 09:49:21,AAPL,166.26,21,ASK
2018-12-17 09:49:22,AAPL,166.18,7,BID
2018-12-17 09:49:22,AAPL,166.24,15,ASK
2018-12-17 09:49:22,AAPL,166.13,8,BID
2018-12-17 09:49:22,AAPL,166.17,3,ASK
2018-12-17 09:49:23,AAPL,166.15,5,BID
2018-12-17 09:49:23,AAPL,166.19,10,ASK
2018-12-17 09:49:23,AAPL,166.15,6,BID
2018-12-17 09:49:24,AAPL,166.2,12,ASK
2018-12-17 09:49:24,AAPL,166.13,10,BID
2018-12-17 09:49:24,AAPL,166.18,12,ASK
2018-12-17 09:49:25,AAPL,166.13,20,BID
2018-12-17 09:49:26,AAPL,166.17,2,ASK
2018-12-17 09:49:26,AAPL,166.17,7,BID
2018-12-17 09:49:26,AAPL,166.17,2,ASK
2018-12-17 09:49:27,AAPL,166.2,11,BID
2018-12-17 09:49:27,AAPL,166.23,25,ASK
2018-12-17 09:49:27,AAPL,166.2,1,BID
2018-12-17 09:49:27,AAPL,166.23,21,ASK
2018-12-17 09:49:27,AAPL,166.17,20,BID
2018-12-17 09:49:27,AAPL,166.21,4,ASK
2018-12-17 09:49:25,AAPL,166.13,19,BID
2018-12-17 09:49:28,AAPL,166.17,18,ASK
2018-12-17 09:49:28,AAPL,166.12,13,BID
2018-12-17 09:49:28,AAPL,166.15,2,ASK
2018-12-17 09:49:28,AAPL,166.11,10,BID
2018-12-17 09:49:28,AAPL,166.15,11,ASK
2018-12-17 09:49:29,AAPL,166.11,10,BID
2018-12-17 09:49:29,AAPL,166.13,1,ASK
2018-12-17 09:49:30,AAPL,166.07,8,BID
2018-12-17 09:49:30,AAPL,166.11,8,ASK
2018-12-17 09:49:32,AAPL,166.1,3,BID
2018-12-17 09:49:31,AAPL,166.13,16,ASK
2018-12-17 09:49:33,AAPL,166.09,5,BID
2018-12-17 09:49:33,AAPL,166.13,19,ASK
2018-12-17 09:49:33,AAPL,166.09,6,BID
2018-12-17 09:49:33,AAPL,166.13,19,ASK
2018-12-17 09:49:35,AAPL,166.12,4,BID
2018-12-17 09:49:35,AAPL,166.15,9,ASK
2018-12-17 09:49:35,AAPL,166.14,24,BID
2018-12-17 09:49:35,AAPL,166.19,20,ASK
2018-12-17 09:49:36,AAPL,166.15,3,BID
2018-12-17 09:49:35,AAPL,166.19,20,ASK
2018-12-17 09:49:39,AAPL,166.15,1,BID
2018-12-17 09:49:39,AAPL,166.18,1,ASK
2018-12-17 09:49:41,AAPL,166.17,10,BID
2018-12-17 09:49:41,AAPL,166.21,1,ASK
2018-12-17 09:49:43,AAPL,166.12,3,BID
2018-12-17 09:49:43,AAPL,166.15,27,ASK
2018-12-17 09:49:45,AAPL,166.13,8,BID
2018-12-17 09:49:43,AAPL,166.15,23,ASK
2018-12-17 09:49:46,AAPL,166.12,19,BID
2018-12-17 09:49:43,AAPL,166.15,22,ASK
2018-12-17 09:49:48,AAPL,166.12,20,BID
2018-12-17 09:49:43,AAPL,166.15,27,ASK
2018-12-17 09:49:48,AAPL,166.12,17,BID
2018-12-17 09:49:43,AAPL,166.15,28,ASK
2018-12-17 09:49:50,AAPL,166.12,1,BID
2018-12-17 09:49:43,AAPL,166.15,28,ASK
2018-12-17 09:49:52,AAPL,166.12,1,BID
2018-12-17 09:49:52,AAPL,166.14,11,ASK
2018-12-17 09:49:54,AAPL,166.14,2,BID
2018-12-17 09:49:53,AAPL,166.15,17,ASK
2018-12-17 09:49:55,AAPL,166.14,36,BID
2018-12-17 09:49:53,AAPL,166.15,16,ASK
2018-12-17 09:49:56,AAPL,166.19,1,BID
2018-12-17 09:49:56,AAPL,166.21,2,ASK
2018-12-17 09:49:57,AAPL,166.17,14,BID
2018-12-17 09:49:57,AAPL,166.19,2,ASK
2018-12-17 09:49:57,AAPL,166.17,16,BID
2018-12-17 09:49:57,AAPL,166.19,2,ASK
2018-12-17 09:49:57,AAPL,166.17,18,BID
2018-12-17 09:49:57,AAPL,166.19,2,ASK
2018-12-17 09:50:00,AAPL,166.19,4,BID
2018-12-17 09:50:00,AAPL,166.2,1,ASK
2018-12-17 09:50:01,AAPL,166.18,8,BID
2018-12-17 09:50:01,AAPL,166.2,12,ASK
2018-12-17 09:50:02,AAPL,166.21,1,BID
2018-12-17 09:50:02,AAPL,166.24,19,ASK
2018-12-17 09:50:03,AAPL,166.2,2,BID
2018-12-17 09:50:03,AAPL,166.24,19,ASK
2018-12-17 09:50:04,AAPL,166.18,15,BID
2018-12-17 09:50:04,AAPL,166.21,1,ASK
2018-12-17 09:50:05,AAPL,166.17,26,BID
2018-12-17 09:50:05,AAPL,166.21,3,ASK
2018-12-17 09:50:01,AAPL,166.16,20,BID
2018-12-17 09:50:06,AAPL,166.18,3,ASK
2018-12-17 09:50:07,AAPL,166.17,15,BID
2018-12-17 09:50:07,AAPL,166.21,19,ASK
2018-12-17 09:50:08,AAPL,166.16,18,BID
2018-12-17 09:50:08,AAPL,166.2,11,ASK
2018-12-17 09:50:09,AAPL,166.18,3,BID
2018-12-17 09:50:09,AAPL,166.21,5,ASK
2018-12-17 09:50:09,AAPL,166.18,3,BID
2018-12-17 09:50:10,AAPL,166.21,5,ASK
2018-12-17 09:50:11,AAPL,166.18,1,BID
2018-12-17 09:50:11,AAPL,166.21,15,ASK
2018-12-17 09:50:12,AAPL,166.18,2,BID
2018-12-17 09:50:12,AAPL,166.21,16,ASK
2018-12-17 09:50:13,AAPL,166.18,2,BID
2018-12-17 09:50:09,AAPL,166.21,13,ASK
2018-12-17 09:50:14,AAPL,166.2,23,BID
2018-12-17 09:50:14,AAPL,166.23,1,ASK
2018-12-17 09:50:15,AAPL,166.2,5,BID
2018-12-17 09:50:15,AAPL,166.21,2,ASK
2018-12-17 09:50:16,AAPL,166.14,28,BID
2018-12-17 09:50:16,AAPL,166.18,23,ASK
2018-12-17 09:50:16,AAPL,166.14,18,BID
2018-12-17 09:50:17,AAPL,166.16,7,ASK
2018-12-17 09:50:18,AAPL,166.14,1,BID
2018-12-17 09:50:18,AAPL,166.16,8,ASK
2018-12-17 09:50:19,AAPL,166.11,28,BID
2018-12-17 09:50:19,AAPL,166.14,33,ASK
2018-12-17 09:50:19,AAPL,166.11,33,BID
2018-12-17 09:50:20,AAPL,166.13,1,ASK
2018-12-17 09:50:21,AAPL,166.14,15,BID
2018-12-17 09:50:16,AAPL,166.17,13,ASK
2018-12-17 09:50:22,AAPL,166.17,5,BID
2018-12-17 09:50:22,AAPL,166.2,9,ASK
2018-12-17 09:50:23,AAPL,166.18,8,BID
2018-12-17 09:50:23,AAPL,166.22,12,ASK
2018-12-17 09:50:24,AAPL,166.2,18,BID
2018-12-17 09:50:24,AAPL,166.24,1,ASK
2018-12-17 09:50:25,AAPL,166.2,1,BID
2018-12-17 09:50:25,AAPL,166.24,15,ASK
2018-12-17 09:50:26,AAPL,166.18,26,BID
2018-12-17 09:50:26,AAPL,166.2,8,ASK
2018-12-17 09:50:23,AAPL,166.16,18,BID
2018-12-17 09:50:27,AAPL,166.19,4,ASK
2018-12-17 09:50:28,AAPL,166.15,2,BID
2018-12-17 09:50:28,AAPL,166.18,9,ASK
2018-12-17 09:50:29,AAPL,166.15,2,BID
2018-12-17 09:50:29,AAPL,166.19,22,ASK
2018-12-17 09:50:30,AAPL,166.14,19,BID
2018-12-17 09:50:30,AAPL,166.18,12,ASK
2018-12-17 09:50:31,AAPL,166.14,3,BID
2018-12-17 09:50:31,AAPL,166.18,19,ASK
2018-12-17 09:50:31,AAPL,166.14,3,BID
2018-12-17 09:50:32,AAPL,166.18,19,ASK
2018-12-17 09:50:33,AAPL,166.14,11,BID
2018-12-17 09:50:33,AAPL,166.18,16,ASK
2018-12-17 09:49:31,AAPL,166.08,21,BID
2018-12-17 09:50:34,AAPL,166.12,21,ASK
2018-12-17 09:50:35,AAPL,166.08,16,BID
2018-12-17 09:50:34,AAPL,166.12,23,ASK
2018-12-17 09:50:35,AAPL,166.08,23,BID
2018-12-17 09:50:36,AAPL,166.11,3,ASK
2018-12-17 09:50:37,AAPL,166.09,12,BID
2018-12-17 09:50:37,AAPL,166.12,11,ASK
2018-12-17 09:50:38,AAPL,166.1,14,BID
2018-12-17 09:50:38,AAPL,166.14,13,ASK
2018-12-17 09:50:39,AAPL,166.11,1,BID
2018-12-17 09:50:39,AAPL,166.14,13,ASK
2018-12-17 09:50:40,AAPL,166.1,6,BID
2018-12-17 09:50:40,AAPL,166.14,13,ASK
2018-12-17 09:50:41,AAPL,166.13,16,BID
2018-12-17 09:50:41,AAPL,166.15,2,ASK
2018-12-17 09:50:41,AAPL,166.11,22,BID
2018-12-17 09:50:42,AAPL,166.14,1,ASK
2018-12-17 09:50:41,AAPL,166.11,18,BID
2018-12-17 09:50:43,AAPL,166.14,3,ASK
2018-12-17 09:50:44,AAPL,166.12,1,BID
2018-12-17 09:50:44,AAPL,166.14,3,ASK
2018-12-17 09:50:45,AAPL,166.1,10,BID
2018-12-17 09:50:45,AAPL,166.13,1,ASK
2018-12-17 09:50:46,AAPL,166.12,17,BID
2018-12-17 09:50:46,AAPL,166.15,2,ASK
2018-12-17 09:50:46,AAPL,166.13,2,BID
2018-12-17 09:50:46,AAPL,166.15,1,ASK
2018-12-17 09:50:48,AAPL,166.13,2,BID
2018-12-17 09:50:47,AAPL,166.15,2,ASK
2018-12-17 09:50:49,AAPL,166.13,1,BID
2018-12-17 09:50:49,AAPL,166.15,4,ASK
2018-12-17 09:50:50,AAPL,166.15,22,BID
2018-12-17 09:50:50,AAPL,166.17,24,ASK
2018-12-17 09:50:51,AAPL,166.16,14,BID
2018-12-17 09:50:51,AAPL,166.19,10,ASK
2018-12-17 09:50:52,AAPL,166.19,4,BID
2018-12-17 09:50:52,AAPL,166.2,18,ASK
2018-12-17 09:50:52,AAPL,166.18,14,BID
2018-12-17 09:50:52,AAPL,166.2,14,ASK
2018-12-17 09:50:54,AAPL,166.15,17,BID
2018-12-17 09:50:54,AAPL,166.17,1,ASK
2018-12-17 09:50:54,AAPL,166.15,21,BID
2018-12-17 09:50:54,AAPL,166.18,2,ASK
2018-12-17 09:50:54,AAPL,166.15,21,BID
2018-12-17 09:50:54,AAPL,166.18,2,ASK
2018-12-17 09:50:54,AAPL,166.15,19,BID
2018-12-17 09:50:55,AAPL,166.17,13,ASK
2018-12-17 09:50:58,AAPL,166.16,8,BID
2018-12-17 09:50:58,AAPL,166.17,5,ASK
2018-12-17 09:50:59,AAPL,166.16,1,BID
2018-12-17 09:50:59,AAPL,166.19,29,ASK
2018-12-17 09:51:00,AAPL,166.16,17,BID
2018-12-17 09:51:00,AAPL,166.19,26,ASK
2018-12-17 09:51:01,AAPL,166.16,16,BID
2018-12-17 09:51:01,AAPL,166.19,31,ASK
2018-12-17 09:51:02,AAPL,166.16,17,BID
2018-12-17 09:51:02,AAPL,166.19,29,ASK
2018-12-17 09:51:03,AAPL,166.15,22,BID
2018-12-17 09:51:03,AAPL,166.18,4,ASK
2018-12-17 09:51:03,AAPL,166.15,23,BID
2018-12-17 09:51:03,AAPL,166.18,1,ASK
2018-12-17 09:51:03,AAPL,166.15,19,BID
2018-12-17 09:51:05,AAPL,166.16,4,ASK
2018-12-17 09:51:06,AAPL,166.11,9,BID
2018-12-17 09:51:06,AAPL,166.12,4,ASK
2018-12-17 09:51:07,AAPL,166.1,12,BID
2018-12-17 09:51:07,AAPL,166.13,3,ASK
2018-12-17 09:51:06,AAPL,166.09,24,BID
2018-12-17 09:51:07,AAPL,166.13,4,ASK
2018-12-17 09:51:09,AAPL,166.09,1,BID
2018-12-17 09:51:09,AAPL,166.11,9,ASK
2018-12-17 09:51:10,AAPL,166.09,1,BID
2018-12-17 09:51:10,AAPL,166.11,16,ASK
2018-12-17 09:51:10,AAPL,166.11,18,BID
2018-12-17 09:51:10,AAPL,166.13,14,ASK
2018-12-17 09:51:12,AAPL,166.11,22,BID
2018-12-17 09:51:12,AAPL,166.13,1,ASK
2018-12-17 09:51:13,AAPL,166.09,1,BID
2018-12-17 09:51:13,AAPL,166.11,3,ASK
2018-12-17 09:51:14,AAPL,166.11,15,BID
2018-12-17 09:51:14,AAPL,166.14,15,ASK
2018-12-17 09:51:14,AAPL,166.11,15,BID
2018-12-17 09:51:14,AAPL,166.14,15,ASK
2018-12-17 09:51:15,AAPL,166.1,10,BID
2018-12-17 09:51:15,AAPL,166.12,8,ASK
2018-12-17 09:51:16,AAPL,166.1,17,BID
2018-12-17 09:51:16,AAPL,166.13,5,ASK
2018-12-17 09:51:16,AAPL,166.09,16,BID
2018-12-17 09:51:16,AAPL,166.12,1,ASK
2018-12-17 09:51:18,AAPL,166.1,1,BID
2018-12-17 09:51:18,AAPL,166.12,3,ASK
2018-12-17 09:51:13,AAPL,166.08,33,BID
2018-12-17 09:51:19,AAPL,166.1,2,ASK
2018-12-17 09:51:13,AAPL,166.08,34,BID
2018-12-17 09:51:19,AAPL,166.1,7,ASK
2018-12-17 09:51:21,AAPL,166.06,17,BID
2018-12-17 09:51:21,AAPL,166.09,7,ASK
2018-12-17 09:51:23,AAPL,166.04,15,BID
2018-12-17 09:51:23,AAPL,166.06,5,ASK
2018-12-17 09:51:24,AAPL,166.04,9,BID
2018-12-17 09:51:24,AAPL,166.07,7,ASK
2018-12-17 09:51:25,AAPL,166.07,17,BID
2018-12-17 09:51:25,AAPL,166.09,1,ASK
2018-12-17 09:51:26,AAPL,166.11,5,BID
2018-12-17 09:51:26,AAPL,166.13,18,ASK
2018-12-17 09:51:26,AAPL,166.1,28,BID
2018-12-17 09:51:26,AAPL,166.13,13,ASK
2018-12-17 09:51:28,AAPL,166.14,3,BID
2018-12-17 09:51:28,AAPL,166.16,11,ASK
2018-12-17 09:51:29,AAPL,166.16,1,BID
2018-12-17 09:51:29,AAPL,166.18,3,ASK
2018-12-17 09:51:30,AAPL,166.16,19,BID
2018-12-17 09:51:28,AAPL,166.19,19,ASK
2018-12-17 09:51:31,AAPL,166.18,10,BID
2018-12-17 09:51:31,AAPL,166.21,5,ASK
2018-12-17 09:51:31,AAPL,166.23,1,BID
2018-12-17 09:49:21,AAPL,166.25,17,ASK
2018-12-17 09:51:32,AAPL,166.2,11,BID
2018-12-17 09:51:32,AAPL,166.22,1,ASK
2018-12-17 09:51:32,AAPL,166.21,4,BID
2018-12-17 09:51:32,AAPL,166.25,2,ASK
2018-12-17 09:51:34,AAPL,166.19,16,BID
2018-12-17 09:51:34,AAPL,166.22,3,ASK
2018-12-17 09:51:36,AAPL,166.18,16,BID
2018-12-17 09:51:36,AAPL,166.2,4,ASK
2018-12-17 09:51:37,AAPL,166.18,1,BID
2018-12-17 09:51:37,AAPL,166.2,7,ASK
2018-12-17 09:51:38,AAPL,166.17,10,BID
2018-12-17 09:51:38,AAPL,166.2,7,ASK
2018-12-17 09:51:39,AAPL,166.16,19,BID
2018-12-17 09:51:39,AAPL,166.2,9,ASK
2018-12-17 09:51:40,AAPL,166.15,2,BID
2018-12-17 09:51:40,AAPL,166.17,5,ASK
2018-12-17 09:51:40,AAPL,166.14,18,BID
2018-12-17 09:51:41,AAPL,166.17,18,ASK
2018-12-17 09:51:42,AAPL,166.13,15,BID
2018-12-17 09:51:42,AAPL,166.16,4,ASK
2018-12-17 09:51:43,AAPL,166.08,18,BID
2018-12-17 09:51:43,AAPL,166.11,2,ASK
2018-12-17 09:51:44,AAPL,166.08,1,BID
2018-12-17 09:51:44,AAPL,166.1,21,ASK
2018-12-17 09:51:45,AAPL,166.09,15,BID
2018-12-17 09:51:45,AAPL,166.12,24,ASK
2018-12-17 09:51:46,AAPL,166.07,14,BID
2018-12-17 09:51:46,AAPL,166.08,9,ASK
2018-12-17 09:51:47,AAPL,166.04,9,BID
2018-12-17 09:51:47,AAPL,166.06,17,ASK
2018-12-17 09:51:48,AAPL,166.05,9,BID
2018-12-17 09:51:48,AAPL,166.07,9,ASK
2018-12-17 09:51:49,AAPL,166.05,10,BID
2018-12-17 09:51:49,AAPL,166.08,4,ASK
2018-12-17 09:51:50,AAPL,166.04,16,BID
2018-12-17 09:51:50,AAPL,166.07,2,ASK
2018-12-17 09:51:51,AAPL,166.05,12,BID
2018-12-17 09:51:51,AAPL,166.08,7,ASK
2018-12-17 09:51:52,AAPL,166.05,9,BID
2018-12-17 09:51:52,AAPL,166.07,1,ASK
2018-12-17 09:51:53,AAPL,166.05,10,BID
2018-12-17 09:51:51,AAPL,166.08,6,ASK
2018-12-17 09:51:53,AAPL,166.05,9,BID
2018-12-17 09:51:55,AAPL,166.08,2,ASK
2018-12-17 09:51:55,AAPL,166.03,20,BID
2018-12-17 09:51:55,AAPL,166.06,1,ASK
2018-12-17 09:51:56,AAPL,166.06,1,BID
2018-12-17 09:51:56,AAPL,166.09,15,ASK
2018-12-17 09:51:57,AAPL,166.08,7,BID
2018-12-17 09:51:57,AAPL,166.1,15,ASK
2018-12-17 09:51:58,AAPL,166.09,23,BID
2018-12-17 09:51:58,AAPL,166.12,16,ASK
2018-12-17 09:51:59,AAPL,166.09,18,BID
2018-12-17 09:52:00,AAPL,166.12,3,ASK
2018-12-17 09:51:59,AAPL,166.09,13,BID
2018-12-17 09:52:00,AAPL,166.12,4,ASK
2018-12-17 09:52:01,AAPL,166.13,1,BID
2018-12-17 09:52:01,AAPL,166.15,12,ASK
2018-12-17 09:52:01,AAPL,166.13,13,BID
2018-12-17 09:52:01,AAPL,166.16,18,ASK
2018-12-17 09:52:03,AAPL,166.14,3,BID
2018-12-17 09:52:03,AAPL,166.18,14,ASK
2018-12-17 09:52:04,AAPL,166.13,24,BID
2018-12-17 09:52:04,AAPL,166.17,16,ASK
2018-12-17 09:52:05,AAPL,166.11,8,BID
2018-12-17 09:52:05,AAPL,166.14,2,ASK
2018-12-17 09:52:06,AAPL,166.14,1,BID
2018-12-17 09:52:06,AAPL,166.16,3,ASK
2018-12-17 09:52:07,AAPL,166.14,1,BID
2018-12-17 09:52:06,AAPL,166.16,4,ASK
2018-12-17 09:52:08,AAPL,166.12,1,BID
2018-12-17 09:52:08,AAPL,166.15,2,ASK
2018-12-17 09:52:09,AAPL,166.1,1,BID
2018-12-17 09:52:09,AAPL,166.12,8,ASK
2018-12-17 09:52:10,AAPL,166.05,6,BID
2018-12-17 09:52:10,AAPL,166.07,6,ASK
2018-12-17 09:52:11,AAPL,166.04,22,BID
2018-12-17 09:52:11,AAPL,166.07,2,ASK
2018-12-17 09:52:13,AAPL,166.03,2,BID
2018-12-17 09:52:12,AAPL,166.06,11,ASK
2018-12-17 09:52:14,AAPL,166.01,20,BID
2018-12-17 09:52:14,AAPL,166.05,2,ASK
2018-12-17 09:52:14,AAPL,165.97,21,BID
2018-12-17 09:52:14,AAPL,166.01,18,ASK
2018-12-17 09:52:16,AAPL,165.9,24,BID
2018-12-17 09:52:16,AAPL,165.93,5,ASK
2018-12-17 09:52:16,AAPL,165.91,21,BID
2018-12-17 09:52:16,AAPL,165.95,12,ASK
2018-12-17 09:52:16,AAPL,165.9,22,BID
2018-12-17 09:52:17,AAPL,165.94,12,ASK
2018-12-17 09:52:18,AAPL,165.94,3,BID
2018-12-17 09:52:18,AAPL,165.97,7,ASK
2018-12-17 09:52:19,AAPL,165.9,13,BID
2018-12-17 09:52:19,AAPL,165.92,1,ASK
2018-12-17 09:52:20,AAPL,165.88,20,BID
2018-12-17 09:52:20,AAPL,165.92,12,ASK
2018-12-17 09:52:21,AAPL,165.91,7,BID
2018-12-17 09:52:21,AAPL,165.94,15,ASK
2018-12-17 09:52:22,AAPL,165.92,1,BID
2018-12-17 09:52:22,AAPL,165.96,20,ASK
2018-12-17 09:52:23,AAPL,165.95,17,BID
2018-12-17 09:52:24,AAPL,165.99,12,ASK
2018-12-17 09:52:24,AAPL,165.92,24,BID
2018-12-17 09:52:25,AAPL,165.96,15,ASK
2018-12-17 09:52:26,AAPL,165.94,3,BID
2018-12-17 09:52:25,AAPL,165.96,6,ASK
2018-12-17 09:52:26,AAPL,165.94,15,BID
2018-12-17 09:52:26,AAPL,165.98,14,ASK
2018-12-17 09:52:28,AAPL,165.94,1,BID
2018-12-17 09:52:28,AAPL,165.98,14,ASK
2018-12-17 09:52:28,AAPL,165.97,2,BID
2018-12-17 09:52:28,AAPL,166.0,6,ASK
2018-12-17 09:52:29,AAPL,165.96,18,BID
2018-12-17 09:52:29,AAPL,166.0,5,ASK
2018-12-17 09:52:30,AAPL,165.96,19,BID
2018-12-17 09:52:30,AAPL,166.0,14,ASK
2018-12-17 09:52:31,AAPL,165.94,19,BID
2018-12-17 09:52:31,AAPL,165.98,10,ASK
2018-12-17 09:52:33,AAPL,165.94,25,BID
2018-12-17 09:52:33,AAPL,165.97,13,ASK
2018-12-17 09:52:33,AAPL,165.96,17,BID
2018-12-17 09:52:33,AAPL,165.98,1,ASK
2018-12-17 09:52:34,AAPL,165.95,27,BID
2018-12-17 09:52:35,AAPL,166.0,11,ASK
2018-12-17 09:52:35,AAPL,165.95,28,BID
2018-12-17 09:52:36,AAPL,165.98,3,ASK
2018-12-17 09:52:36,AAPL,165.92,17,BID
2018-12-17 09:52:37,AAPL,165.93,18,ASK
2018-12-17 09:52:20,AAPL,165.88,17,BID
2018-12-17 09:52:37,AAPL,165.92,16,ASK
2018-12-17 09:52:39,AAPL,165.88,23,BID
2018-12-17 09:52:39,AAPL,165.92,24,ASK
2018-12-17 09:52:40,AAPL,165.87,21,BID
2018-12-17 09:52:40,AAPL,165.9,1,ASK
2018-12-17 09:52:40,AAPL,165.87,21,BID
2018-12-17 09:52:40,AAPL,165.9,3,ASK
2018-12-17 09:52:41,AAPL,165.88,8,BID
2018-12-17 09:52:42,AAPL,165.91,20,ASK
2018-12-17 09:52:42,AAPL,165.91,11,BID
2018-12-17 09:52:42,AAPL,165.94,24,ASK
2018-12-17 09:52:43,AAPL,165.93,20,BID
2018-12-17 09:52:43,AAPL,165.95,2,ASK
2018-12-17 09:52:45,AAPL,165.93,14,BID
2018-12-17 09:52:45,AAPL,165.97,28,ASK
2018-12-17 09:52:45,AAPL,165.91,18,BID
2018-12-17 09:52:46,AAPL,165.92,1,ASK
2018-12-17 09:52:47,AAPL,165.91,15,BID
2018-12-17 09:52:47,AAPL,165.94,1,ASK
2018-12-17 09:52:48,AAPL,165.91,27,BID
2018-12-17 09:52:47,AAPL,165.95,23,ASK
2018-12-17 09:52:49,AAPL,165.92,1,BID
2018-12-17 09:52:49,AAPL,165.94,21,ASK
2018-12-17 09:52:49,AAPL,165.89,18,BID
2018-12-17 09:52:49,AAPL,165.92,4,ASK
2018-12-17 09:52:50,AAPL,165.87,22,BID
2018-12-17 09:52:50,AAPL,165.9,7,ASK
2018-12-17 09:52:52,AAPL,165.85,14,BID
2018-12-17 09:52:52,AAPL,165.88,24,ASK
2018-12-17 09:52:52,AAPL,165.85,17,BID
2018-12-17 09:52:53,AAPL,165.88,17,ASK
2018-12-17 09:52:52,AAPL,165.85,17,BID
2018-12-17 09:52:53,AAPL,165.88,17,ASK
2018-12-17 09:52:55,AAPL,165.8,29,BID
2018-12-17 09:52:55,AAPL,165.83,2,ASK
2018-12-17 09:52:56,AAPL,165.8,31,BID
2018-12-17 09:52:56,AAPL,165.84,4,ASK
2018-12-17 09:52:56,AAPL,165.82,23,BID
2018-12-17 09:52:55,AAPL,165.85,21,ASK
2018-12-17 09:52:57,AAPL,165.84,15,BID
2018-12-17 09:52:57,AAPL,165.86,1,ASK
2018-12-17 09:45:15,AAPL,165.78,23,BID
2018-12-17 09:52:59,AAPL,165.81,12,ASK
2018-12-17 09:53:00,AAPL,165.82,2,BID
2018-12-17 09:53:00,AAPL,165.84,16,ASK
2018-12-17 09:53:00,AAPL,165.79,16,BID
2018-12-17 09:53:00,AAPL,165.82,1,ASK
2018-12-17 09:53:02,AAPL,165.79,25,BID
2018-12-17 09:53:02,AAPL,165.82,14,ASK
2018-12-17 09:53:03,AAPL,165.76,26,BID
2018-12-17 09:53:03,AAPL,165.8,3,ASK
2018-12-17 09:53:03,AAPL,165.78,8,BID
2018-12-17 09:53:04,AAPL,165.8,4,ASK
2018-12-17 09:53:05,AAPL,165.78,2,BID
2018-12-17 09:53:05,AAPL,165.79,15,ASK
2018-12-17 09:53:06,AAPL,165.78,2,BID
2018-12-17 09:53:06,AAPL,165.79,23,ASK
2018-12-17 09:53:07,AAPL,165.75,12,BID
2018-12-17 09:53:06,AAPL,165.78,22,ASK
2018-12-17 09:53:08,AAPL,165.74,2,BID
2018-12-17 09:53:08,AAPL,165.76,22,ASK
2018-12-17 09:53:09,AAPL,165.74,2,BID
2018-12-17 09:53:09,AAPL,165.75,1,ASK
2018-12-17 09:53:10,AAPL,165.74,7,BID
2018-12-17 09:53:08,AAPL,165.76,21,ASK
2018-12-17 09:53:11,AAPL,165.75,10,BID
2018-12-17 09:53:11,AAPL,165.77,1,ASK
2018-12-17 09:53:11,AAPL,165.73,15,BID
2018-12-17 09:53:12,AAPL,165.76,6,ASK
2018-12-17 09:53:12,AAPL,165.75,23,BID
2018-12-17 09:53:12,AAPL,165.77,3,ASK
2018-12-17 09:53:13,AAPL,165.76,23,BID
2018-12-17 09:53:13,AAPL,165.79,4,ASK
2018-12-17 09:53:15,AAPL,165.77,9,BID
2018-12-17 09:53:13,AAPL,165.8,14,ASK
2018-12-17 09:53:15,AAPL,165.76,28,BID
2018-12-17 09:53:16,AAPL,165.8,30,ASK
2018-12-17 09:53:17,AAPL,165.77,30,BID
2018-12-17 09:53:16,AAPL,165.8,36,ASK
2018-12-17 09:53:17,AAPL,165.82,3,BID
2018-12-17 09:53:17,AAPL,165.85,21,ASK
2018-12-17 09:53:18,AAPL,165.89,1,BID
2018-12-17 09:52:50,AAPL,165.91,6,ASK
2018-12-17 09:53:18,AAPL,165.86,20,BID
2018-12-17 09:53:18,AAPL,165.9,5,ASK
2018-12-17 09:53:18,AAPL,165.86,18,BID
2018-12-17 09:53:18,AAPL,165.89,5,ASK
2018-12-17 09:53:19,AAPL,165.85,12,BID
2018-12-17 09:53:19,AAPL,165.89,7,ASK
2018-12-17 09:53:21,AAPL,165.86,11,BID
2018-12-17 09:53:21,AAPL,165.89,2,ASK
2018-12-17 09:53:24,AAPL,165.82,13,BID
2018-12-17 09:53:24,AAPL,165.85,9,ASK
2018-12-17 09:53:24,AAPL,165.82,13,BID
2018-12-17 09:53:23,AAPL,165.86,4,ASK
2018-12-17 09:53:26,AAPL,165.82,1,BID
2018-12-17 09:53:26,AAPL,165.85,4,ASK
2018-12-17 09:53:27,AAPL,165.8,16,BID
2018-12-17 09:53:27,AAPL,165.83,4,ASK
2018-12-17 09:53:28,AAPL,165.79,14,BID
2018-12-17 09:53:28,AAPL,165.81,1,ASK
2018-12-17 09:53:29,AAPL,165.81,2,BID
2018-12-17 09:53:28,AAPL,165.83,9,ASK
2018-12-17 09:53:29,AAPL,165.8,1,BID
2018-12-17 09:53:29,AAPL,165.83,13,ASK
2018-12-17 09:53:17,AAPL,165.77,24,BID
2018-12-17 09:53:31,AAPL,165.79,7,ASK
2018-12-17 09:53:31,AAPL,165.75,2,BID
2018-12-17 09:53:31,AAPL,165.78,9,ASK
2018-12-17 09:53:32,AAPL,165.75,1,BID
2018-12-17 09:53:31,AAPL,165.79,15,ASK
2018-12-17 09:53:33,AAPL,165.75,3,BID
2018-12-17 09:53:31,AAPL,165.79,11,ASK
2018-12-17 09:53:33,AAPL,165.74,24,BID
2018-12-17 09:53:34,AAPL,165.77,3,ASK
2018-12-17 09:53:35,AAPL,165.71,21,BID
2018-12-17 09:53:35,AAPL,165.73,4,ASK
2018-12-17 09:53:35,AAPL,165.71,21,BID
2018-12-17 09:53:35,AAPL,165.73,5,ASK
2018-12-17 09:53:36,AAPL,165.73,10,BID
2018-12-17 09:53:36,AAPL,165.77,10,ASK
2018-12-17 09:53:38,AAPL,165.75,11,BID
2018-12-17 09:53:37,AAPL,165.78,14,ASK
2018-12-17 09:53:39,AAPL,165.74,22,BID
2018-12-17 09:53:37,AAPL,165.78,15,ASK
2018-12-17 09:53:40,AAPL,165.74,22,BID
2018-12-17 09:53:37,AAPL,165.78,16,ASK
2018-12-17 09:53:36,AAPL,165.71,25,BID
2018-12-17 09:53:42,AAPL,165.75,8,ASK
2018-12-17 09:53:43,AAPL,165.72,23,BID
2018-12-17 09:53:42,AAPL,165.75,12,ASK
2018-12-17 09:53:44,AAPL,165.69,6,BID
2018-12-17 09:53:44,AAPL,165.72,9,ASK
2018-12-17 09:53:45,AAPL,165.7,23,BID
2018-12-17 09:53:45,AAPL,165.74,12,ASK
2018-12-17 09:53:46,AAPL,165.67,9,BID
2018-12-17 09:53:46,AAPL,165.71,18,ASK
2018-12-17 09:53:47,AAPL,165.67,11,BID
2018-12-17 09:53:46,AAPL,165.71,14,ASK
2018-12-17 09:53:48,AAPL,165.63,15,BID
2018-12-17 09:53:48,AAPL,165.66,2,ASK
2018-12-17 09:53:49,AAPL,165.64,8,BID
2018-12-17 09:53:49,AAPL,165.67,15,ASK
2018-12-17 09:53:50,AAPL,165.68,2,BID
2018-12-17 09:53:50,AAPL,165.7,9,ASK
2018-12-17 09:53:51,AAPL,165.65,1,BID
2018-12-17 09:53:51,AAPL,165.67,9,ASK
2018-12-17 09:53:52,AAPL,165.68,15,BID
2018-12-17 09:53:52,AAPL,165.71,5,ASK
2018-12-17 09:53:52,AAPL,165.71,3,BID
2018-12-17 09:53:52,AAPL,165.74,18,ASK
2018-12-17 09:53:53,AAPL,165.72,14,BID
2018-12-17 09:53:45,AAPL,165.75,8,ASK
2018-12-17 09:53:54,AAPL,165.74,1,BID
2018-12-17 09:53:53,AAPL,165.76,22,ASK
2018-12-17 09:53:55,AAPL,165.74,9,BID
2018-12-17 09:53:56,AAPL,165.77,17,ASK
2018-12-17 09:53:56,AAPL,165.73,13,BID
2018-12-17 09:53:57,AAPL,165.76,2,ASK
2018-12-17 09:53:58,AAPL,165.72,26,BID
2018-12-17 09:53:57,AAPL,165.76,12,ASK
2018-12-17 09:53:58,AAPL,165.73,2,BID
2018-12-17 09:53:57,AAPL,165.76,13,ASK
2018-12-17 09:54:00,AAPL,165.73,2,BID
2018-12-17 09:54:00,AAPL,165.76,30,ASK
2018-12-17 09:54:01,AAPL,165.73,3,BID
2018-12-17 09:54:01,AAPL,165.76,32,ASK
2018-12-17 09:54:02,AAPL,165.75,1,BID
2018-12-17 09:54:02,AAPL,165.76,25,ASK
2018-12-17 09:54:02,AAPL,165.73,15,BID
2018-12-17 09:54:03,AAPL,165.76,3,ASK
2018-12-17 09:54:04,AAPL,165.75,8,BID
2018-12-17 09:54:04,AAPL,165.78,11,ASK
2018-12-17 09:54:05,AAPL,165.8,11,BID
2018-12-17 09:53:29,AAPL,165.83,19,ASK
2018-12-17 09:54:06,AAPL,165.82,9,BID
2018-12-17 09:54:06,AAPL,165.84,4,ASK
2018-12-17 09:54:07,AAPL,165.84,1,BID
2018-12-17 09:54:06,AAPL,165.86,25,ASK
2018-12-17 09:54:07,AAPL,165.84,2,BID
2018-12-17 09:54:07,AAPL,165.87,5,ASK
2018-12-17 09:54:08,AAPL,165.84,5,BID
2018-12-17 09:54:08,AAPL,165.88,15,ASK
2018-12-17 09:54:09,AAPL,165.87,18,BID
2018-12-17 09:54:09,AAPL,165.9,2,ASK
2018-12-17 09:54:09,AAPL,165.87,21,BID
2018-12-17 09:54:09,AAPL,165.91,8,ASK
2018-12-17 09:54:10,AAPL,165.89,15,BID
2018-12-17 09:54:10,AAPL,165.93,1,ASK
2018-12-17 09:54:10,AAPL,165.9,22,BID
2018-12-17 09:54:11,AAPL,165.93,18,ASK
2018-12-17 09:54:11,AAPL,165.9,19,BID
2018-12-17 09:54:11,AAPL,165.93,19,ASK
2018-12-17 09:54:13,AAPL,165.88,24,BID
2018-12-17 09:54:14,AAPL,165.93,27,ASK
2018-12-17 09:54:15,AAPL,165.9,1,BID
2018-12-17 09:54:15,AAPL,165.92,7,ASK
2018-12-17 09:54:16,AAPL,165.92,7,BID
2018-12-17 09:54:16,AAPL,165.95,24,ASK
2018-12-17 09:54:16,AAPL,165.89,10,BID
2018-12-17 09:54:17,AAPL,165.92,9,ASK
2018-12-17 09:54:18,AAPL,165.9,17,BID
2018-12-17 09:54:18,AAPL,165.92,3,ASK
2018-12-17 09:54:19,AAPL,165.89,34,BID
2018-12-17 09:54:19,AAPL,165.93,20,ASK
2018-12-17 09:54:20,AAPL,165.89,47,BID
2018-12-17 09:54:21,AAPL,165.92,17,ASK
2018-12-17 09:54:22,AAPL,165.88,1,BID
2018-12-17 09:54:22,AAPL,165.9,18,ASK
2018-12-17 09:54:21,AAPL,165.87,26,BID
2018-12-17 09:54:23,AAPL,165.89,1,ASK
2018-12-17 09:54:24,AAPL,165.88,3,BID
2018-12-17 09:54:24,AAPL,165.9,16,ASK
2018-12-17 09:54:25,AAPL,165.92,21,BID
2018-12-17 09:54:16,AAPL,165.95,27,ASK
2018-12-17 09:54:26,AAPL,165.91,9,BID
2018-12-17 09:54:26,AAPL,165.94,9,ASK
2018-12-17 09:54:27,AAPL,165.92,1,BID
2018-12-17 09:54:16,AAPL,165.95,23,ASK
2018-12-17 09:54:28,AAPL,165.91,2,BID
2018-12-17 09:54:16,AAPL,165.95,31,ASK
2018-12-17 09:54:29,AAPL,165.91,11,BID
2018-12-17 09:54:16,AAPL,165.95,23,ASK
2018-12-17 09:54:30,AAPL,165.92,7,BID
2018-12-17 09:54:16,AAPL,165.95,23,ASK
2018-12-17 09:54:31,AAPL,165.89,6,BID
2018-12-17 09:54:31,AAPL,165.91,14,ASK
2018-12-17 09:54:32,AAPL,165.88,17,BID
2018-12-17 09:54:31,AAPL,165.91,23,ASK
2018-12-17 09:54:33,AAPL,165.84,16,BID
2018-12-17 09:54:33,AAPL,165.86,1,ASK
2018-12-17 09:54:34,AAPL,165.86,1,BID
2018-12-17 09:54:33,AAPL,165.88,14,ASK
2018-12-17 09:54:35,AAPL,165.88,1,BID
2018-12-17 09:54:35,AAPL,165.9,9,ASK
2018-12-17 09:54:36,AAPL,165.88,12,BID
2018-12-17 09:54:36,AAPL,165.91,12,ASK
2018-12-17 09:54:37,AAPL,165.91,1,BID
2018-12-17 09:54:37,AAPL,165.94,17,ASK
2018-12-17 09:54:38,AAPL,165.91,3,BID
2018-12-17 09:54:38,AAPL,165.94,25,ASK
2018-12-17 09:54:39,AAPL,165.87,1,BID
2018-12-17 09:54:39,AAPL,165.88,2,ASK
2018-12-17 09:54:40,AAPL,165.87,2,BID
2018-12-17 09:54:40,AAPL,165.89,23,ASK
2018-12-17 09:54:41,AAPL,165.88,2,BID
2018-12-17 09:54:41,AAPL,165.9,142,ASK
2018-12-17 09:54:42,AAPL,165.87,22,BID
2018-12-17 09:54:42,AAPL,165.9,26,ASK
2018-12-17 09:54:43,AAPL,165.9,22,BID
2018-12-17 09:54:43,AAPL,165.93,8,ASK
2018-12-17 09:54:44,AAPL,165.94,1,BID
2018-12-17 09:54:44,AAPL,165.96,2,ASK
2018-12-17 09:54:45,AAPL,165.95,1,BID
2018-12-17 09:54:45,AAPL,165.98,24,ASK
2018-12-17 09:54:46,AAPL,165.97,14,BID
2018-12-17 09:52:35,AAPL,166.0,35,ASK
2018-12-17 09:54:47,AAPL,165.98,10,BID
2018-12-17 09:52:35,AAPL,166.0,33,ASK
2018-12-17 09:54:47,AAPL,165.98,10,BID
2018-12-17 09:52:35,AAPL,166.0,33,ASK
2018-12-17 09:54:49,AAPL,165.98,10,BID
2018-12-17 09:54:49,AAPL,166.01,14,ASK
2018-12-17 09:54:50,AAPL,165.99,24,BID
2018-12-17 09:54:50,AAPL,166.02,20,ASK
2018-12-17 09:54:51,AAPL,165.99,27,BID
2018-12-17 09:54:51,AAPL,166.0,2,ASK
2018-12-17 09:54:51,AAPL,165.99,22,BID
2018-12-17 09:54:52,AAPL,166.0,1,ASK
2018-12-17 09:54:53,AAPL,165.99,1,BID
2018-12-17 09:54:53,AAPL,166.0,1,ASK
2018-12-17 09:54:54,AAPL,166.01,24,BID
2018-12-17 09:54:53,AAPL,166.05,19,ASK
2018-12-17 09:54:55,AAPL,166.01,24,BID
2018-12-17 09:54:55,AAPL,166.05,18,ASK
2018-12-17 09:54:56,AAPL,166.02,18,BID
2018-12-17 09:54:56,AAPL,166.05,1,ASK
2018-12-17 09:54:57,AAPL,166.03,1,BID
2018-12-17 09:54:57,AAPL,166.06,10,ASK
2018-12-17 09:54:58,AAPL,166.04,6,BID
2018-12-17 09:54:57,AAPL,166.06,11,ASK
2018-12-17 09:54:59,AAPL,166.02,20,BID
2018-12-17 09:54:59,AAPL,166.05,7,ASK
2018-12-17 09:55:00,AAPL,166.03,10,BID
2018-12-17 09:55:00,AAPL,166.05,1,ASK
2018-12-17 09:55:01,AAPL,166.09,1,BID
2018-12-17 09:55:01,AAPL,166.11,7,ASK
2018-12-17 09:55:01,AAPL,166.06,29,BID
2018-12-17 09:55:01,AAPL,166.1,2,ASK
2018-12-17 09:55:01,AAPL,166.08,20,BID
2018-12-17 09:55:01,AAPL,166.11,5,ASK
2018-12-17 09:55:02,AAPL,166.08,10,BID
2018-12-17 09:55:01,AAPL,166.11,5,ASK
2018-12-17 09:55:03,AAPL,166.07,15,BID
2018-12-17 09:55:03,AAPL,166.09,2,ASK
2018-12-17 09:55:04,AAPL,166.1,18,BID
2018-12-17 09:52:09,AAPL,166.13,12,ASK
2018-12-17 09:55:04,AAPL,166.1,28,BID
2018-12-17 09:52:09,AAPL,166.13,11,ASK
2018-12-17 09:55:04,AAPL,166.15,29,BID
2018-12-17 09:52:03,AAPL,166.18,11,ASK
2018-12-17 09:55:05,AAPL,166.14,18,BID
2018-12-17 09:52:03,AAPL,166.18,13,ASK
2018-12-17 09:55:08,AAPL,166.17,16,BID
2018-12-17 09:55:08,AAPL,166.2,11,ASK
2018-12-17 09:55:09,AAPL,166.2,1,BID
2018-12-17 09:55:09,AAPL,166.22,3,ASK
2018-12-17 09:55:11,AAPL,166.21,27,BID
2018-12-17 09:55:11,AAPL,166.25,9,ASK
2018-12-17 09:55:12,AAPL,166.24,10,BID
2018-12-17 09:55:12,AAPL,166.27,7,ASK
2018-12-17 09:55:14,AAPL,166.27,1,BID
2018-12-17 09:55:14,AAPL,166.29,8,ASK
2018-12-17 09:55:15,AAPL,166.26,17,BID
2018-12-17 09:55:15,AAPL,166.29,9,ASK
2018-12-17 09:55:16,AAPL,166.23,1,BID
2018-12-17 09:55:16,AAPL,166.26,10,ASK
2018-12-17 09:55:17,AAPL,166.22,1,BID
2018-12-17 09:55:17,AAPL,166.25,9,ASK
2018-12-17 09:55:18,AAPL,166.21,2,BID
2018-12-17 09:55:18,AAPL,166.24,3,ASK
2018-12-17 09:55:19,AAPL,166.2,13,BID
2018-12-17 09:55:19,AAPL,166.22,3,ASK
2018-12-17 09:55:20,AAPL,166.19,12,BID
2018-12-17 09:55:20,AAPL,166.22,9,ASK
2018-12-17 09:55:21,AAPL,166.2,2,BID
2018-12-17 09:55:21,AAPL,166.21,1,ASK
2018-12-17 09:55:22,AAPL,166.18,2,BID
2018-12-17 09:55:22,AAPL,166.19,2,ASK
2018-12-17 09:55:23,AAPL,166.15,5,BID
2018-12-17 09:55:23,AAPL,166.18,10,ASK
2018-12-17 09:55:24,AAPL,166.15,7,BID
2018-12-17 09:55:24,AAPL,166.18,17,ASK
2018-12-17 09:55:25,AAPL,166.15,7,BID
2018-12-17 09:55:25,AAPL,166.18,7,ASK
2018-12-17 09:55:26,AAPL,166.15,8,BID
2018-12-17 09:55:26,AAPL,166.18,7,ASK
2018-12-17 09:55:27,AAPL,166.17,24,BID
2018-12-17 09:55:27,AAPL,166.21,18,ASK
2018-12-17 09:55:28,AAPL,166.19,8,BID
2018-12-17 09:55:28,AAPL,166.21,18,ASK
2018-12-17 09:55:30,AAPL,166.21,3,BID
2018-12-17 09:55:29,AAPL,166.24,6,ASK
2018-12-17 09:55:30,AAPL,166.23,1,BID
2018-12-17 09:55:30,AAPL,166.24,7,ASK
2018-12-17 09:55:31,AAPL,166.24,13,BID
2018-12-17 09:55:31,AAPL,166.26,3,ASK
2018-12-17 09:55:32,AAPL,166.27,15,BID
2018-12-17 09:55:32,AAPL,166.29,1,ASK
2018-12-17 09:55:33,AAPL,166.27,10,BID
2018-12-17 09:49:20,AAPL,166.3,24,ASK
2018-12-17 09:55:34,AAPL,166.3,1,BID
2018-12-17 09:55:34,AAPL,166.32,18,ASK
2018-12-17 09:55:35,AAPL,166.28,23,BID
2018-12-17 09:55:35,AAPL,166.31,15,ASK
2018-12-17 09:55:32,AAPL,166.26,8,BID
2018-12-17 09:55:36,AAPL,166.29,15,ASK
2018-12-17 09:55:37,AAPL,166.23,13,BID
2018-12-17 09:55:37,AAPL,166.26,5,ASK
2018-12-17 09:55:38,AAPL,166.25,18,BID
2018-12-17 09:55:36,AAPL,166.29,15,ASK
2018-12-17 09:55:40,AAPL,166.27,2,BID
2018-12-17 09:55:40,AAPL,166.3,12,ASK
2018-12-17 09:55:40,AAPL,166.27,2,BID
2018-12-17 09:55:40,AAPL,166.3,10,ASK
2018-12-17 09:55:41,AAPL,166.25,20,BID
2018-12-17 09:55:41,AAPL,166.29,6,ASK
2018-12-17 09:55:42,AAPL,166.23,16,BID
2018-12-17 09:55:42,AAPL,166.26,10,ASK
2018-12-17 09:55:43,AAPL,166.23,13,BID
2018-12-17 09:55:43,AAPL,166.26,14,ASK
2018-12-17 09:55:44,AAPL,166.27,9,BID
2018-12-17 09:55:36,AAPL,166.31,41,ASK
2018-12-17 09:55:44,AAPL,166.27,9,BID
2018-12-17 09:55:36,AAPL,166.31,41,ASK
2018-12-17 09:55:46,AAPL,166.27,11,BID
2018-12-17 09:55:46,AAPL,166.3,1,ASK
2018-12-17 09:55:46,AAPL,166.27,11,BID
2018-12-17 09:55:47,AAPL,166.29,5,ASK
2018-12-17 09:55:48,AAPL,166.27,2,BID
2018-12-17 09:55:48,AAPL,166.29,6,ASK
2018-12-17 09:55:49,AAPL,166.29,5,BID
2018-12-17 09:55:36,AAPL,166.31,40,ASK
2018-12-17 09:55:50,AAPL,166.29,6,BID
2018-12-17 09:55:36,AAPL,166.31,40,ASK
2018-12-17 09:55:51,AAPL,166.28,2,BID
2018-12-17 09:55:51,AAPL,166.3,3,ASK
2018-12-17 09:55:52,AAPL,166.28,7,BID
2018-12-17 09:55:36,AAPL,166.31,40,ASK
2018-12-17 09:55:52,AAPL,166.28,7,BID
2018-12-17 09:55:36,AAPL,166.31,40,ASK
2018-12-17 09:55:54,AAPL,166.29,1,BID
2018-12-17 09:55:36,AAPL,166.31,40,ASK
2018-12-17 09:55:54,AAPL,166.28,4,BID
2018-12-17 09:55:36,AAPL,166.31,40,ASK
2018-12-17 09:55:57,AAPL,166.27,10,BID
2018-12-17 09:55:57,AAPL,166.29,1,ASK
2018-12-17 09:55:57,AAPL,166.27,10,BID
2018-12-17 09:55:58,AAPL,166.3,6,ASK
2018-12-17 09:55:57,AAPL,166.27,10,BID
2018-12-17 09:55:58,AAPL,166.3,6,ASK
2018-12-17 09:55:57,AAPL,166.27,10,BID
2018-12-17 09:55:58,AAPL,166.3,6,ASK
2018-12-17 09:56:00,AAPL,166.29,3,BID
2018-12-17 09:56:00,AAPL,166.32,19,ASK
2018-12-17 09:56:01,AAPL,166.29,12,BID
2018-12-17 09:56:01,AAPL,166.32,19,ASK
2018-12-17 09:56:03,AAPL,166.3,14,BID
2018-12-17 09:56:03,AAPL,166.32,3,ASK
2018-12-17 09:56:04,AAPL,166.32,4,BID
2018-12-17 09:49:19,AAPL,166.34,15,ASK
2018-12-17 09:56:04,AAPL,166.31,12,BID
2018-12-17 09:49:19,AAPL,166.34,13,ASK
2018-12-17 09:56:04,AAPL,166.31,12,BID
2018-12-17 09:56:05,AAPL,166.33,1,ASK
2018-12-17 09:56:04,AAPL,166.31,12,BID
2018-12-17 09:49:19,AAPL,166.34,12,ASK
2018-12-17 09:56:07,AAPL,166.36,2,BID
2018-12-17 09:56:07,AAPL,166.38,24,ASK
2018-12-17 09:56:08,AAPL,166.34,21,BID
2018-12-17 09:56:08,AAPL,166.37,11,ASK
2018-12-17 09:56:09,AAPL,166.36,19,BID
2018-12-17 09:56:09,AAPL,166.38,17,ASK
2018-12-17 09:56:11,AAPL,166.36,10,BID
2018-12-17 09:56:11,AAPL,166.38,19,ASK
2018-12-17 09:56:11,AAPL,166.38,24,BID
2018-12-17 09:49:15,AAPL,166.4,15,ASK
2018-12-17 09:56:12,AAPL,166.4,13,BID
2018-12-17 09:56:12,AAPL,166.43,2,ASK
2018-12-17 09:56:13,AAPL,166.42,27,BID
2018-12-17 09:56:13,AAPL,166.46,11,ASK
2018-12-17 09:56:13,AAPL,166.42,18,BID
2018-12-17 09:56:15,AAPL,166.45,2,ASK
2018-12-17 09:56:15,AAPL,166.46,15,BID
2018-12-17 09:56:16,AAPL,166.5,14,ASK
2018-12-17 09:56:17,AAPL,166.48,8,BID
2018-12-17 09:56:17,AAPL,166.53,3,ASK
2018-12-17 09:56:18,AAPL,166.56,1,BID
2018-12-17 09:56:18,AAPL,166.58,19,ASK
2018-12-17 09:56:18,AAPL,166.58,18,BID
2018-12-17 09:56:18,AAPL,166.61,14,ASK
2018-12-17 09:56:18,AAPL,166.58,13,BID
2018-12-17 09:56:19,AAPL,166.61,14,ASK
2018-12-17 09:56:20,AAPL,166.59,16,BID
2018-12-17 09:56:20,AAPL,166.63,6,ASK
2018-12-17 09:56:20,AAPL,166.59,13,BID
2018-12-17 09:56:22,AAPL,166.63,7,ASK
2018-12-17 09:56:22,AAPL,166.59,16,BID
2018-12-17 09:56:22,AAPL,166.63,8,ASK
2018-12-17 09:56:24,AAPL,166.62,4,BID
2018-12-17 09:56:24,AAPL,166.66,4,ASK
2018-12-17 09:56:25,AAPL,166.65,3,BID
2018-12-17 09:41:01,AAPL,166.69,15,ASK
2018-12-17 09:56:25,AAPL,166.65,15,BID
2018-12-17 09:41:01,AAPL,166.69,7,ASK
2018-12-17 09:56:25,AAPL,166.65,16,BID
2018-12-17 09:41:01,AAPL,166.69,6,ASK
2018-12-17 09:56:27,AAPL,166.7,8,BID
2018-12-17 09:56:27,AAPL,166.74,3,ASK
2018-12-17 09:56:28,AAPL,166.7,4,BID
2018-12-17 09:56:28,AAPL,166.73,1,ASK
2018-12-17 09:56:29,AAPL,166.71,4,BID
2018-12-17 09:56:29,AAPL,166.74,12,ASK
2018-12-17 09:56:27,AAPL,166.65,22,BID
2018-12-17 09:56:31,AAPL,166.67,1,ASK
2018-12-17 09:56:18,AAPL,166.56,18,BID
2018-12-17 09:56:32,AAPL,166.6,3,ASK
2018-12-17 09:56:33,AAPL,166.57,1,BID
2018-12-17 09:56:33,AAPL,166.6,4,ASK
2018-12-17 09:56:34,AAPL,166.59,21,BID
2018-12-17 09:56:34,AAPL,166.63,13,ASK
2018-12-17 09:56:34,AAPL,166.62,22,BID
2018-12-17 09:56:34,AAPL,166.66,19,ASK
2018-12-17 09:56:36,AAPL,166.62,15,BID
2018-12-17 09:56:35,AAPL,166.66,11,ASK
2018-12-17 09:56:34,AAPL,166.59,29,BID
2018-12-17 09:56:37,AAPL,166.62,3,ASK
2018-12-17 09:56:37,AAPL,166.55,3,BID
2018-12-17 09:56:37,AAPL,166.57,8,ASK
2018-12-17 09:56:39,AAPL,166.59,4,BID
2018-12-17 09:56:39,AAPL,166.62,2,ASK
2018-12-17 09:56:40,AAPL,166.61,19,BID
2018-12-17 09:56:40,AAPL,166.65,8,ASK
2018-12-17 09:56:41,AAPL,166.6,11,BID
2018-12-17 09:56:41,AAPL,166.65,12,ASK
2018-12-17 09:56:42,AAPL,166.6,11,BID
2018-12-17 09:56:42,AAPL,166.64,1,ASK
2018-12-17 09:56:43,AAPL,166.6,1,BID
2018-12-17 09:56:43,AAPL,166.62,3,ASK
2018-12-17 09:56:44,AAPL,166.62,16,BID
2018-12-17 09:56:44,AAPL,166.63,1,ASK
2018-12-17 09:56:44,AAPL,166.61,12,BID
2018-12-17 09:56:44,AAPL,166.66,18,ASK
2018-12-17 09:56:46,AAPL,166.63,2,BID
2018-12-17 09:56:45,AAPL,166.66,17,ASK
2018-12-17 09:56:47,AAPL,166.58,16,BID
2018-12-17 09:56:47,AAPL,166.62,5,ASK
2018-12-17 09:56:48,AAPL,166.56,4,BID
2018-12-17 09:56:48,AAPL,166.61,5,ASK
2018-12-17 09:56:49,AAPL,166.56,15,BID
2018-12-17 09:56:49,AAPL,166.6,3,ASK
2018-12-17 09:56:50,AAPL,166.56,14,BID
2018-12-17 09:56:50,AAPL,166.6,4,ASK
2018-12-17 09:56:51,AAPL,166.57,16,BID
2018-12-17 09:56:51,AAPL,166.6,10,ASK
2018-12-17 09:56:52,AAPL,166.6,1,BID
2018-12-17 09:56:52,AAPL,166.62,3,ASK
2018-12-17 09:56:53,AAPL,166.58,7,BID
2018-12-17 09:56:53,AAPL,166.61,5,ASK
2018-12-17 09:56:53,AAPL,166.58,10,BID
2018-12-17 09:56:53,AAPL,166.61,5,ASK
2018-12-17 09:56:55,AAPL,166.58,9,BID
2018-12-17 09:56:55,AAPL,166.6,5,ASK
2018-12-17 09:56:56,AAPL,166.58,9,BID
2018-12-17 09:56:56,AAPL,166.6,6,ASK
2018-12-17 09:56:56,AAPL,166.58,9,BID
2018-12-17 09:56:56,AAPL,166.6,6,ASK
2018-12-17 09:56:57,AAPL,166.53,14,BID
2018-12-17 09:56:57,AAPL,166.56,6,ASK
2018-12-17 09:56:59,AAPL,166.55,14,BID
2018-12-17 09:56:59,AAPL,166.58,13,ASK
2018-12-17 09:56:59,AAPL,166.57,12,BID
2018-12-17 09:56:56,AAPL,166.6,9,ASK
2018-12-17 09:57:01,AAPL,166.57,25,BID
2018-12-17 09:57:01,AAPL,166.6,6,ASK
2018-12-17 09:57:01,AAPL,166.56,28,BID
2018-12-17 09:57:01,AAPL,166.59,1,ASK
2018-12-17 09:57:01,AAPL,166.56,24,BID
2018-12-17 09:57:02,AAPL,166.59,2,ASK
2018-12-17 09:56:57,AAPL,166.52,12,BID
2018-12-17 09:57:04,AAPL,166.55,3,ASK
2018-12-17 09:57:04,AAPL,166.5,14,BID
2018-12-17 09:57:04,AAPL,166.53,1,ASK
2018-12-17 09:57:06,AAPL,166.49,10,BID
2018-12-17 09:57:06,AAPL,166.52,1,ASK
2018-12-17 09:57:06,AAPL,166.49,10,BID
2018-12-17 09:57:06,AAPL,166.52,1,ASK
2018-12-17 09:57:07,AAPL,166.49,17,BID
2018-12-17 09:57:07,AAPL,166.51,2,ASK
2018-12-17 09:57:09,AAPL,166.45,15,BID
2018-12-17 09:57:09,AAPL,166.47,7,ASK
2018-12-17 09:57:09,AAPL,166.44,12,BID
2018-12-17 09:57:09,AAPL,166.47,12,ASK
2018-12-17 09:57:11,AAPL,166.45,13,BID
2018-12-17 09:57:11,AAPL,166.47,2,ASK
2018-12-17 09:57:12,AAPL,166.52,1,BID
2018-12-17 09:57:12,AAPL,166.53,14,ASK
2018-12-17 09:57:13,AAPL,166.5,13,BID
2018-12-17 09:57:13,AAPL,166.52,2,ASK
2018-12-17 09:57:14,AAPL,166.46,13,BID
2018-12-17 09:57:14,AAPL,166.49,1,ASK
2018-12-17 09:57:15,AAPL,166.47,27,BID
2018-12-17 09:57:14,AAPL,166.5,22,ASK
2018-12-17 09:57:15,AAPL,166.47,26,BID
2018-12-17 09:57:14,AAPL,166.5,22,ASK
2018-12-17 09:57:16,AAPL,166.47,21,BID
2018-12-17 09:57:14,AAPL,166.5,22,ASK
2018-12-17 09:57:18,AAPL,166.48,5,BID
2018-12-17 09:57:14,AAPL,166.5,15,ASK
2018-12-17 09:57:18,AAPL,166.48,19,BID
2018-12-17 09:57:19,AAPL,166.51,8,ASK
2018-12-17 09:57:18,AAPL,166.48,19,BID
2018-12-17 09:57:19,AAPL,166.51,8,ASK
2018-12-17 09:57:20,AAPL,166.48,14,BID
2018-12-17 09:57:20,AAPL,166.5,11,ASK
2018-12-17 09:57:22,AAPL,166.45,5,BID
2018-12-17 09:57:22,AAPL,166.48,2,ASK
2018-12-17 09:57:11,AAPL,166.44,23,BID
2018-12-17 09:57:23,AAPL,166.47,6,ASK
2018-12-17 09:57:24,AAPL,166.45,6,BID
2018-12-17 09:57:24,AAPL,166.47,10,ASK
2018-12-17 09:57:25,AAPL,166.42,23,BID
2018-12-17 09:57:25,AAPL,166.46,22,ASK
2018-12-17 09:57:26,AAPL,166.44,18,BID
2018-12-17 09:57:25,AAPL,166.46,22,ASK
2018-12-17 09:57:27,AAPL,166.47,6,BID
2018-12-17 09:57:27,AAPL,166.49,18,ASK
2018-12-17 09:57:27,AAPL,166.49,5,BID
2018-12-17 09:57:27,AAPL,166.51,11,ASK
2018-12-17 09:57:28,AAPL,166.52,30,BID
2018-12-17 09:57:29,AAPL,166.56,16,ASK
2018-12-17 09:57:30,AAPL,166.52,10,BID
2018-12-17 09:57:29,AAPL,166.55,15,ASK
2018-12-17 09:57:31,AAPL,166.52,1,BID
2018-12-17 09:57:31,AAPL,166.55,22,ASK
2018-12-17 09:57:32,AAPL,166.52,1,BID
2018-12-17 09:57:31,AAPL,166.55,20,ASK
2018-12-17 09:57:33,AAPL,166.51,27,BID
2018-12-17 09:57:33,AAPL,166.54,1,ASK
2018-12-17 09:57:34,AAPL,166.55,2,BID
2018-12-17 09:57:34,AAPL,166.57,13,ASK
2018-12-17 09:57:34,AAPL,166.55,10,BID
2018-12-17 09:57:35,AAPL,166.58,1,ASK
2018-12-17 09:57:36,AAPL,166.57,1,BID
2018-12-17 09:57:36,AAPL,166.59,10,ASK
2018-12-17 09:57:36,AAPL,166.55,16,BID
2018-12-17 09:57:37,AAPL,166.57,3,ASK
2018-12-17 09:57:38,AAPL,166.58,13,BID
2018-12-17 09:57:38,AAPL,166.6,14,ASK
2018-12-17 09:57:39,AAPL,166.6,12,BID
2018-12-17 09:57:39,AAPL,166.64,9,ASK
2018-12-17 09:57:39,AAPL,166.6,15,BID
2018-12-17 09:57:39,AAPL,166.62,4,ASK
2018-12-17 09:57:41,AAPL,166.59,17,BID
2018-12-17 09:57:41,AAPL,166.62,21,ASK
2018-12-17 09:57:41,AAPL,166.59,17,BID
2018-12-17 09:57:42,AAPL,166.61,9,ASK
2018-12-17 09:57:41,AAPL,166.59,18,BID
2018-12-17 09:57:43,AAPL,166.61,11,ASK
2018-12-17 09:57:41,AAPL,166.59,18,BID
2018-12-17 09:57:43,AAPL,166.61,10,ASK
2018-12-17 09:57:41,AAPL,166.59,26,BID
2018-12-17 09:57:44,AAPL,166.62,26,ASK
2018-12-17 09:57:46,AAPL,166.61,28,BID
2018-12-17 09:57:46,AAPL,166.63,3,ASK
2018-12-17 09:57:41,AAPL,166.59,33,BID
2018-12-17 09:57:47,AAPL,166.62,14,ASK
2018-12-17 09:57:41,AAPL,166.59,32,BID
2018-12-17 09:57:47,AAPL,166.62,25,ASK
2018-12-17 09:57:49,AAPL,166.56,1,BID
2018-12-17 09:57:49,AAPL,166.59,23,ASK
2018-12-17 09:57:50,AAPL,166.56,1,BID
2018-12-17 09:57:50,AAPL,166.58,3,ASK
2018-12-17 09:57:50,AAPL,166.57,16,BID
2018-12-17 09:57:49,AAPL,166.59,23,ASK
2018-12-17 09:57:52,AAPL,166.55,9,BID
2018-12-17 09:57:52,AAPL,166.58,16,ASK
2018-12-17 09:57:53,AAPL,166.55,28,BID
2018-12-17 09:57:52,AAPL,166.59,28,ASK
2018-12-17 09:57:53,AAPL,166.55,28,BID
2018-12-17 09:57:53,AAPL,166.58,25,ASK
2018-12-17 09:57:53,AAPL,166.55,28,BID
2018-12-17 09:57:53,AAPL,166.58,19,ASK
2018-12-17 09:57:53,AAPL,166.55,27,BID
2018-12-17 09:57:56,AAPL,166.58,17,ASK
2018-12-17 09:57:56,AAPL,166.53,12,BID
2018-12-17 09:57:56,AAPL,166.56,16,ASK
2018-12-17 09:57:58,AAPL,166.54,2,BID
2018-12-17 09:57:58,AAPL,166.55,5,ASK
2018-12-17 09:57:59,AAPL,166.55,4,BID
2018-12-17 09:57:56,AAPL,166.56,18,ASK
2018-12-17 09:58:00,AAPL,166.54,1,BID
2018-12-17 09:57:59,AAPL,166.56,23,ASK
2018-12-17 09:58:00,AAPL,166.54,2,BID
2018-12-17 09:57:59,AAPL,166.56,23,ASK
2018-12-17 09:58:02,AAPL,166.59,6,BID
2018-12-17 09:58:02,AAPL,166.61,5,ASK
2018-12-17 09:58:02,AAPL,166.61,7,BID
2018-12-17 09:58:02,AAPL,166.62,4,ASK
2018-12-17 09:58:04,AAPL,166.59,17,BID
2018-12-17 09:58:04,AAPL,166.61,12,ASK
2018-12-17 09:58:05,AAPL,166.58,16,BID
2018-12-17 09:58:05,AAPL,166.6,4,ASK
2018-12-17 09:58:06,AAPL,166.59,27,BID
2018-12-17 09:58:06,AAPL,166.61,19,ASK
2018-12-17 09:58:07,AAPL,166.58,15,BID
2018-12-17 09:58:06,AAPL,166.61,19,ASK
2018-12-17 09:58:08,AAPL,166.58,24,BID
2018-12-17 09:58:08,AAPL,166.61,10,ASK
2018-12-17 09:58:09,AAPL,166.6,2,BID
2018-12-17 09:58:08,AAPL,166.61,10,ASK
2018-12-17 09:58:10,AAPL,166.6,4,BID
2018-12-17 09:58:08,AAPL,166.61,8,ASK
2018-12-17 09:58:11,AAPL,166.56,21,BID
2018-12-17 09:58:11,AAPL,166.59,11,ASK
2018-12-17 09:58:11,AAPL,166.56,15,BID
2018-12-17 09:58:11,AAPL,166.59,11,ASK
2018-12-17 09:58:12,AAPL,166.56,13,BID
2018-12-17 09:58:11,AAPL,166.59,11,ASK
2018-12-17 09:58:12,AAPL,166.56,13,BID
2018-12-17 09:58:11,AAPL,166.59,10,ASK
2018-12-17 09:58:15,AAPL,166.55,16,BID
2018-12-17 09:58:15,AAPL,166.58,12,ASK
2018-12-17 09:58:15,AAPL,166.55,26,BID
2018-12-17 09:58:16,AAPL,166.56,9,ASK
2018-12-17 09:58:17,AAPL,166.56,3,BID
2018-12-17 09:58:17,AAPL,166.57,1,ASK
2018-12-17 09:58:15,AAPL,166.54,14,BID
2018-12-17 09:58:17,AAPL,166.56,20,ASK
2018-12-17 09:58:19,AAPL,166.55,12,BID
2018-12-17 09:58:18,AAPL,166.57,11,ASK
2018-12-17 09:58:20,AAPL,166.57,2,BID
2018-12-17 09:58:20,AAPL,166.59,8,ASK
2018-12-17 09:58:21,AAPL,166.59,23,BID
2018-12-17 09:58:21,AAPL,166.61,9,ASK
2018-12-17 09:58:22,AAPL,166.6,26,BID
2018-12-17 09:58:21,AAPL,166.62,10,ASK
2018-12-17 09:58:22,AAPL,166.61,12,BID
2018-12-17 09:58:22,AAPL,166.63,1,ASK
2018-12-17 09:58:24,AAPL,166.6,1,BID
2018-12-17 09:58:24,AAPL,166.62,5,ASK
2018-12-17 09:58:25,AAPL,166.61,1,BID
2018-12-17 09:58:25,AAPL,166.62,5,ASK
2018-12-17 09:58:25,AAPL,166.63,1,BID
2018-12-17 09:58:25,AAPL,166.66,25,ASK
2018-12-17 09:58:26,AAPL,166.6,21,BID
2018-12-17 09:58:27,AAPL,166.64,18,ASK
2018-12-17 09:58:28,AAPL,166.59,19,BID
2018-12-17 09:58:28,AAPL,166.62,16,ASK
2018-12-17 09:58:29,AAPL,166.56,20,BID
2018-12-17 09:58:29,AAPL,166.59,13,ASK
2018-12-17 09:58:30,AAPL,166.56,20,BID
2018-12-17 09:58:30,AAPL,166.58,2,ASK
2018-12-17 09:58:15,AAPL,166.54,17,BID
2018-12-17 09:58:31,AAPL,166.56,1,ASK
2018-12-17 09:58:15,AAPL,166.54,17,BID
2018-12-17 09:58:32,AAPL,166.55,1,ASK
2018-12-17 09:58:33,AAPL,166.55,5,BID
2018-12-17 09:58:32,AAPL,166.56,20,ASK
2018-12-17 09:58:34,AAPL,166.55,3,BID
2018-12-17 09:58:34,AAPL,166.58,11,ASK
2018-12-17 09:58:35,AAPL,166.56,18,BID
2018-12-17 09:58:35,AAPL,166.59,24,ASK
2018-12-17 09:58:36,AAPL,166.58,17,BID
2018-12-17 09:58:36,AAPL,166.6,1,ASK
2018-12-17 09:58:37,AAPL,166.57,3,BID
2018-12-17 09:58:37,AAPL,166.59,4,ASK
2018-12-17 09:58:38,AAPL,166.59,1,BID
2018-12-17 09:58:38,AAPL,166.61,4,ASK
2018-12-17 09:58:39,AAPL,166.58,26,BID
2018-12-17 09:58:39,AAPL,166.61,17,ASK
2018-12-17 09:58:39,AAPL,166.58,26,BID
2018-12-17 09:58:39,AAPL,166.61,17,ASK
2018-12-17 09:58:41,AAPL,166.6,19,BID
2018-12-17 09:58:28,AAPL,166.62,14,ASK
2018-12-17 09:58:41,AAPL,166.58,21,BID
2018-12-17 09:58:42,AAPL,166.61,26,ASK
2018-12-17 09:58:42,AAPL,166.58,22,BID
2018-12-17 09:58:43,AAPL,166.61,24,ASK
2018-12-17 09:58:35,AAPL,166.55,10,BID
2018-12-17 09:58:44,AAPL,166.57,2,ASK
2018-12-17 09:58:45,AAPL,166.58,13,BID
2018-12-17 09:58:43,AAPL,166.61,18,ASK
2018-12-17 09:58:46,AAPL,166.58,19,BID
2018-12-17 09:58:46,AAPL,166.61,4,ASK
2018-12-17 09:58:47,AAPL,166.59,10,BID
2018-12-17 09:58:47,AAPL,166.62,29,ASK
2018-12-17 09:58:48,AAPL,166.6,15,BID
2018-12-17 09:58:48,AAPL,166.64,12,ASK
2018-12-17 09:58:49,AAPL,166.6,19,BID
2018-12-17 09:58:49,AAPL,166.62,1,ASK
2018-12-17 09:58:50,AAPL,166.61,16,BID
2018-12-17 09:58:48,AAPL,166.64,14,ASK
2018-12-17 09:58:51,AAPL,166.61,26,BID
2018-12-17 09:58:51,AAPL,166.64,21,ASK
2018-12-17 09:58:52,AAPL,166.61,29,BID
2018-12-17 09:58:52,AAPL,166.63,3,ASK
2018-12-17 09:58:53,AAPL,166.57,4,BID
2018-12-17 09:58:53,AAPL,166.59,5,ASK
2018-12-17 09:58:35,AAPL,166.55,6,BID
2018-12-17 09:58:54,AAPL,166.57,2,ASK
2018-12-17 09:58:55,AAPL,166.53,17,BID
2018-12-17 09:58:55,AAPL,166.55,3,ASK
2018-12-17 09:58:56,AAPL,166.53,17,BID
2018-12-17 09:58:56,AAPL,166.55,14,ASK
2018-12-17 09:58:57,AAPL,166.51,15,BID
2018-12-17 09:58:57,AAPL,166.54,9,ASK
2018-12-17 09:58:58,AAPL,166.53,7,BID
2018-12-17 09:58:58,AAPL,166.56,7,ASK
2018-12-17 09:58:59,AAPL,166.52,1,BID
2018-12-17 09:58:59,AAPL,166.54,17,ASK
2018-12-17 09:59:00,AAPL,166.54,17,BID
2018-12-17 09:59:00,AAPL,166.56,7,ASK
2018-12-17 09:59:01,AAPL,166.55,16,BID
2018-12-17 09:59:01,AAPL,166.56,1,ASK
2018-12-17 09:59:01,AAPL,166.54,13,BID
2018-12-17 09:59:02,AAPL,166.56,15,ASK
2018-12-17 09:58:57,AAPL,166.5,18,BID
2018-12-17 09:59:03,AAPL,166.53,12,ASK
2018-12-17 09:59:04,AAPL,166.46,17,BID
2018-12-17 09:59:04,AAPL,166.5,15,ASK
2018-12-17 09:59:05,AAPL,166.46,22,BID
2018-12-17 09:59:05,AAPL,166.5,12,ASK
2018-12-17 09:59:06,AAPL,166.48,15,BID
2018-12-17 09:59:06,AAPL,166.5,2,ASK
2018-12-17 09:59:06,AAPL,166.48,12,BID
2018-12-17 09:59:07,AAPL,166.49,1,ASK
2018-12-17 09:59:08,AAPL,166.47,14,BID
2018-12-17 09:59:08,AAPL,166.5,7,ASK
2018-12-17 09:59:08,AAPL,166.47,15,BID
2018-12-17 09:59:09,AAPL,166.5,21,ASK
2018-12-17 09:59:10,AAPL,166.48,23,BID
2018-12-17 09:59:10,AAPL,166.51,16,ASK
2018-12-17 09:59:08,AAPL,166.47,22,BID
2018-12-17 09:59:11,AAPL,166.5,10,ASK
2018-12-17 09:59:12,AAPL,166.5,8,BID
2018-12-17 09:59:12,AAPL,166.52,6,ASK
2018-12-17 09:59:13,AAPL,166.5,16,BID
2018-12-17 09:59:12,AAPL,166.52,6,ASK
2018-12-17 09:59:14,AAPL,166.49,15,BID
2018-12-17 09:59:14,AAPL,166.5,2,ASK
2018-12-17 09:59:15,AAPL,166.49,16,BID
2018-12-17 09:59:12,AAPL,166.52,23,ASK
2018-12-17 09:59:16,AAPL,166.51,26,BID
2018-12-17 09:59:03,AAPL,166.54,16,ASK
2018-12-17 09:59:17,AAPL,166.53,20,BID
2018-12-17 09:59:17,AAPL,166.55,17,ASK
2018-12-17 09:59:18,AAPL,166.52,1,BID
2018-12-17 09:59:18,AAPL,166.55,19,ASK
2018-12-17 09:59:19,AAPL,166.55,1,BID
2018-12-17 09:59:19,AAPL,166.57,18,ASK
2018-12-17 09:59:20,AAPL,166.54,14,BID
2018-12-17 09:59:19,AAPL,166.57,15,ASK
2018-12-17 09:59:21,AAPL,166.54,1,BID
2018-12-17 09:59:21,AAPL,166.57,15,ASK
2018-12-17 09:59:22,AAPL,166.5,8,BID
2018-12-17 09:59:22,AAPL,166.52,3,ASK
2018-12-17 09:59:23,AAPL,166.5,8,BID
2018-12-17 09:59:23,AAPL,166.51,2,ASK
2018-12-17 09:59:24,AAPL,166.47,22,BID
2018-12-17 09:59:24,AAPL,166.5,20,ASK
2018-12-17 09:59:25,AAPL,166.48,14,BID
2018-12-17 09:59:24,AAPL,166.51,20,ASK
2018-12-17 09:59:26,AAPL,166.48,14,BID
2018-12-17 09:59:26,AAPL,166.5,1,ASK
2018-12-17 09:59:27,AAPL,166.49,15,BID
2018-12-17 09:59:27,AAPL,166.52,7,ASK
2018-12-17 09:59:28,AAPL,166.5,2,BID
2018-12-17 09:59:28,AAPL,166.53,23,ASK
2018-12-17 09:59:29,AAPL,166.5,1,BID
2018-12-17 09:59:29,AAPL,166.53,25,ASK
2018-12-17 09:59:24,AAPL,166.47,15,BID
2018-12-17 09:59:30,AAPL,166.48,2,ASK
2018-12-17 09:59:31,AAPL,166.48,8,BID
2018-12-17 09:59:31,AAPL,166.51,9,ASK
2018-12-17 09:59:32,AAPL,166.49,16,BID
2018-12-17 09:59:32,AAPL,166.52,5,ASK
2018-12-17 09:59:32,AAPL,166.49,16,BID
2018-12-17 09:59:33,AAPL,166.52,13,ASK
2018-12-17 09:59:34,AAPL,166.5,15,BID
2018-12-17 09:59:30,AAPL,166.53,20,ASK
2018-12-17 09:59:35,AAPL,166.51,17,BID
2018-12-17 09:59:30,AAPL,166.53,16,ASK
2018-12-17 09:59:36,AAPL,166.54,12,BID
2018-12-17 09:58:53,AAPL,166.59,9,ASK
2018-12-17 09:59:36,AAPL,166.57,17,BID
2018-12-17 09:58:53,AAPL,166.6,13,ASK
2018-12-17 09:59:36,AAPL,166.57,17,BID
2018-12-17 09:58:53,AAPL,166.6,13,ASK
2018-12-17 09:59:38,AAPL,166.6,16,BID
2018-12-17 09:59:38,AAPL,166.62,12,ASK
2018-12-17 09:59:38,AAPL,166.6,13,BID
2018-12-17 09:59:38,AAPL,166.62,12,ASK
2018-12-17 09:59:41,AAPL,166.62,15,BID
2018-12-17 09:59:40,AAPL,166.63,2,ASK
2018-12-17 09:59:42,AAPL,166.58,13,BID
2018-12-17 09:59:42,AAPL,166.61,3,ASK
2018-12-17 09:59:43,AAPL,166.53,6,BID
2018-12-17 09:59:42,AAPL,166.58,9,ASK
2018-12-17 09:59:35,AAPL,166.5,17,BID
2018-12-17 09:59:45,AAPL,166.52,3,ASK
2018-12-17 09:59:45,AAPL,166.48,12,BID
2018-12-17 09:59:45,AAPL,166.51,3,ASK
2018-12-17 09:59:46,AAPL,166.48,12,BID
2018-12-17 09:59:46,AAPL,166.5,1,ASK
2018-12-17 09:59:48,AAPL,166.48,15,BID
2018-12-17 09:59:48,AAPL,166.52,3,ASK
2018-12-17 09:59:48,AAPL,166.48,16,BID
2018-12-17 09:59:48,AAPL,166.52,3,ASK
2018-12-17 09:59:48,AAPL,166.48,16,BID
2018-12-17 09:59:49,AAPL,166.52,7,ASK
2018-12-17 09:59:50,AAPL,166.51,10,BID
2018-12-17 09:59:50,AAPL,166.54,2,ASK
2018-12-17 09:59:51,AAPL,166.52,1,BID
2018-12-17 09:59:51,AAPL,166.54,1,ASK
2018-12-17 09:59:52,AAPL,166.55,2,BID
2018-12-17 09:59:52,AAPL,166.59,7,ASK
2018-12-17 09:59:52,AAPL,166.53,3,BID
2018-12-17 09:59:52,AAPL,166.57,5,ASK
2018-12-17 09:59:54,AAPL,166.56,5,BID
2018-12-17 09:59:54,AAPL,166.6,2,ASK
2018-12-17 09:59:54,AAPL,166.54,2,BID
2018-12-17 09:59:54,AAPL,166.59,7,ASK
2018-12-17 09:59:55,AAPL,166.53,1,BID
2018-12-17 09:59:55,AAPL,166.57,17,ASK
2018-12-17 09:59:57,AAPL,166.53,2,BID
2018-12-17 09:59:57,AAPL,166.57,16,ASK
2018-12-17 09:59:59,AAPL,166.52,5,BID
2018-12-17 09:59:59,AAPL,166.56,7,ASK
2018-12-17 09:59:59,AAPL,166.47,21,BID
2018-12-17 09:59:59,AAPL,166.55,4,ASK
2018-12-17 10:00:00,AAPL,166.48,4,BID
2018-12-17 10:00:00,AAPL,166.53,8,ASK
2018-12-17 09:56:15,AAPL,166.41,3,BID
2018-12-17 10:00:00,AAPL,166.48,6,ASK
2018-12-17 09:56:12,AAPL,166.39,19,BID
2018-12-17 10:00:01,AAPL,166.41,1,ASK
2018-12-17 10:00:01,AAPL,166.35,2,BID
2018-12-17 10:00:02,AAPL,166.39,3,ASK
2018-12-17 10:00:02,AAPL,166.35,1,BID
2018-12-17 10:00:02,AAPL,166.38,3,ASK
2018-12-17 10:00:02,AAPL,166.34,9,BID
2018-12-17 10:00:03,AAPL,166.38,4,ASK
2018-12-17 10:00:04,AAPL,166.35,3,BID
2018-12-17 10:00:04,AAPL,166.39,10,ASK
2018-12-17 10:00:05,AAPL,166.39,2,BID
2018-12-17 10:00:05,AAPL,166.42,5,ASK
2018-12-17 10:00:07,AAPL,166.35,1,BID
2018-12-17 10:00:07,AAPL,166.38,1,ASK
2018-12-17 10:00:07,AAPL,166.34,5,BID
2018-12-17 10:00:07,AAPL,166.38,5,ASK
2018-12-17 10:00:07,AAPL,166.36,2,BID
2018-12-17 10:00:07,AAPL,166.42,4,ASK
2018-12-17 10:00:08,AAPL,166.34,6,BID
2018-12-17 10:00:08,AAPL,166.42,7,ASK
2018-12-17 10:00:09,AAPL,166.34,6,BID
2018-12-17 10:00:09,AAPL,166.41,9,ASK
2018-12-17 10:00:10,AAPL,166.3,16,BID
2018-12-17 10:00:10,AAPL,166.36,2,ASK
2018-12-17 09:56:00,AAPL,166.27,15,BID
2018-12-17 10:00:10,AAPL,166.34,9,ASK
2018-12-17 09:55:44,AAPL,166.25,19,BID
2018-12-17 10:00:12,AAPL,166.31,6,ASK
2018-12-17 10:00:14,AAPL,166.22,6,BID
2018-12-17 10:00:14,AAPL,166.26,21,ASK
2018-12-17 10:00:15,AAPL,166.21,1,BID
2018-12-17 10:00:15,AAPL,166.26,15,ASK
2018-12-17 10:00:15,AAPL,166.2,7,BID
2018-12-17 10:00:15,AAPL,166.28,7,ASK
2018-12-17 10:00:17,AAPL,166.21,10,BID
2018-12-17 10:00:17,AAPL,166.28,7,ASK
2018-12-17 10:00:17,AAPL,166.21,10,BID
2018-12-17 10:00:19,AAPL,166.28,7,ASK
2018-12-17 10:00:21,AAPL,166.19,7,BID
2018-12-17 10:00:22,AAPL,166.23,3,ASK
2018-12-17 10:00:22,AAPL,166.15,8,BID
2018-12-17 10:00:22,AAPL,166.21,5,ASK
2018-12-17 10:00:23,AAPL,166.15,11,BID
2018-12-17 10:00:23,AAPL,166.23,12,ASK
2018-12-17 10:00:23,AAPL,166.15,15,BID
2018-12-17 10:00:24,AAPL,166.23,12,ASK
2018-12-17 09:55:06,AAPL,166.14,23,BID
2018-12-17 10:00:26,AAPL,166.19,9,ASK
2018-12-17 10:00:26,AAPL,166.14,1,BID
2018-12-17 10:00:26,AAPL,166.15,2,ASK
2018-12-17 10:00:27,AAPL,166.14,1,BID
2018-12-17 10:00:27,AAPL,166.16,7,ASK
2018-12-17 10:00:28,AAPL,166.14,2,BID
2018-12-17 10:00:28,AAPL,166.15,4,ASK
2018-12-17 10:00:30,AAPL,166.14,3,BID
2018-12-17 10:00:29,AAPL,166.17,5,ASK
2018-12-17 10:00:30,AAPL,166.18,4,BID
2018-12-17 10:00:30,AAPL,166.23,35,ASK
2018-12-17 10:00:32,AAPL,166.16,8,BID
2018-12-17 10:00:32,AAPL,166.21,1,ASK
2018-12-17 10:00:32,AAPL,166.14,7,BID
2018-12-17 10:00:32,AAPL,166.19,5,ASK
2018-12-17 10:00:33,AAPL,166.15,20,BID
2018-12-17 10:00:33,AAPL,166.19,1,ASK
2018-12-17 10:00:33,AAPL,166.14,10,BID
2018-12-17 10:00:35,AAPL,166.18,3,ASK
2018-12-17 10:00:33,AAPL,166.14,10,BID
2018-12-17 10:00:35,AAPL,166.18,5,ASK
2018-12-17 10:00:36,AAPL,166.14,4,BID
2018-12-17 10:00:36,AAPL,166.16,3,ASK
2018-12-17 10:00:37,AAPL,166.14,4,BID
2018-12-17 10:00:37,AAPL,166.18,11,ASK
2018-12-17 10:00:38,AAPL,166.17,11,BID
2018-12-17 10:00:39,AAPL,166.2,3,ASK
2018-12-17 10:00:38,AAPL,166.17,11,BID
2018-12-17 10:00:39,AAPL,166.2,3,ASK
2018-12-17 10:00:40,AAPL,166.17,6,BID
2018-12-17 10:00:39,AAPL,166.2,4,ASK
2018-12-17 10:00:41,AAPL,166.17,10,BID
2018-12-17 10:00:41,AAPL,166.2,10,ASK
2018-12-17 10:00:43,AAPL,166.19,14,BID
2018-12-17 10:00:30,AAPL,166.23,35,ASK
2018-12-17 10:00:43,AAPL,166.18,11,BID
2018-12-17 10:00:44,AAPL,166.22,9,ASK
2018-12-17 10:00:43,AAPL,166.18,11,BID
2018-12-17 10:00:45,AAPL,166.19,4,ASK
2018-12-17 10:00:45,AAPL,166.16,11,BID
2018-12-17 10:00:45,AAPL,166.19,11,ASK
2018-12-17 10:00:45,AAPL,166.16,9,BID
2018-12-17 10:00:46,AAPL,166.18,4,ASK
2018-12-17 10:00:45,AAPL,166.16,10,BID
2018-12-17 10:00:47,AAPL,166.18,3,ASK
2018-12-17 10:00:45,AAPL,166.16,10,BID
2018-12-17 10:00:48,AAPL,166.19,11,ASK
2018-12-17 10:00:50,AAPL,166.17,13,BID
2018-12-17 10:00:45,AAPL,166.21,7,ASK
2018-12-17 10:00:50,AAPL,166.17,19,BID
2018-12-17 10:00:50,AAPL,166.21,15,ASK
2018-12-17 10:00:51,AAPL,166.2,1,BID
2018-12-17 10:00:30,AAPL,166.23,35,ASK
2018-12-17 10:00:51,AAPL,166.2,1,BID
2018-12-17 10:00:30,AAPL,166.23,35,ASK
2018-12-17 10:00:54,AAPL,166.26,10,BID
2018-12-17 10:00:54,AAPL,166.29,1,ASK
2018-12-17 10:00:54,AAPL,166.3,1,BID
2018-12-17 10:00:54,AAPL,166.33,10,ASK
2018-12-17 10:00:54,AAPL,166.31,3,BID
2018-12-17 10:00:55,AAPL,166.34,18,ASK
2018-12-17 10:00:56,AAPL,166.31,3,BID
2018-12-17 10:00:55,AAPL,166.34,20,ASK
2018-12-17 10:00:58,AAPL,166.31,6,BID
2018-12-17 10:00:55,AAPL,166.34,20,ASK
2018-12-17 10:00:58,AAPL,166.34,7,BID
2018-12-17 10:00:58,AAPL,166.38,6,ASK
2018-12-17 10:01:00,AAPL,166.36,1,BID
2018-12-17 10:01:00,AAPL,166.38,7,ASK
2018-12-17 10:01:01,AAPL,166.35,13,BID
2018-12-17 10:01:00,AAPL,166.38,5,ASK
2018-12-17 10:01:02,AAPL,166.35,14,BID
2018-12-17 10:01:00,AAPL,166.38,5,ASK
2018-12-17 10:01:02,AAPL,166.35,12,BID
2018-12-17 10:01:03,AAPL,166.37,2,ASK
2018-12-17 10:01:03,AAPL,166.34,13,BID
2018-12-17 10:01:03,AAPL,166.35,1,ASK
2018-12-17 10:01:05,AAPL,166.35,1,BID
2018-12-17 10:01:05,AAPL,166.36,1,ASK
2018-12-17 10:01:05,AAPL,166.34,22,BID
2018-12-17 10:01:05,AAPL,166.38,23,ASK
2018-12-17 10:01:07,AAPL,166.34,22,BID
2018-12-17 10:01:05,AAPL,166.38,19,ASK
2018-12-17 10:01:07,AAPL,166.34,22,BID
2018-12-17 10:01:07,AAPL,166.38,21,ASK
2018-12-17 10:01:09,AAPL,166.36,4,BID
2018-12-17 10:01:08,AAPL,166.39,13,ASK
2018-12-17 10:01:10,AAPL,166.4,4,BID
2018-12-17 10:01:10,AAPL,166.43,11,ASK
2018-12-17 10:01:11,AAPL,166.46,5,BID
2018-12-17 10:01:10,AAPL,166.5,4,ASK
2018-12-17 10:01:12,AAPL,166.46,13,BID
2018-12-17 10:01:12,AAPL,166.52,14,ASK
2018-12-17 10:01:12,AAPL,166.48,4,BID
2018-12-17 10:01:12,AAPL,166.51,1,ASK
2018-12-17 10:01:14,AAPL,166.46,16,BID
2018-12-17 10:01:14,AAPL,166.5,11,ASK
2018-12-17 10:01:15,AAPL,166.45,8,BID
2018-12-17 10:01:15,AAPL,166.48,2,ASK
2018-12-17 10:01:15,AAPL,166.43,7,BID
2018-12-17 10:01:15,AAPL,166.46,3,ASK
2018-12-17 10:01:16,AAPL,166.44,21,BID
2018-12-17 10:01:16,AAPL,166.47,11,ASK
2018-12-17 10:01:18,AAPL,166.44,22,BID
2018-12-17 10:01:18,AAPL,166.47,11,ASK
2018-12-17 10:01:19,AAPL,166.47,5,BID
2018-12-17 10:01:19,AAPL,166.5,3,ASK
2018-12-17 10:01:19,AAPL,166.46,5,BID
2018-12-17 10:01:19,AAPL,166.5,12,ASK
2018-12-17 10:01:21,AAPL,166.48,6,BID
2018-12-17 10:01:21,AAPL,166.52,4,ASK
2018-12-17 10:01:21,AAPL,166.48,11,BID
2018-12-17 10:01:22,AAPL,166.52,4,ASK
2018-12-17 10:01:22,AAPL,166.48,7,BID
2018-12-17 10:01:23,AAPL,166.53,9,ASK
2018-12-17 10:01:22,AAPL,166.48,12,BID
2018-12-17 10:01:23,AAPL,166.53,9,ASK
2018-12-17 10:01:25,AAPL,166.54,1,BID
2018-12-17 09:59:55,AAPL,166.57,15,ASK
2018-12-17 10:01:26,AAPL,166.54,4,BID
2018-12-17 09:59:55,AAPL,166.57,14,ASK
2018-12-17 10:01:27,AAPL,166.55,2,BID
2018-12-17 10:01:27,AAPL,166.59,4,ASK
2018-12-17 10:01:27,AAPL,166.54,21,BID
2018-12-17 10:01:28,AAPL,166.57,1,ASK
2018-12-17 10:01:27,AAPL,166.54,21,BID
2018-12-17 10:01:28,AAPL,166.57,5,ASK
2018-12-17 10:01:27,AAPL,166.54,20,BID
2018-12-17 10:01:30,AAPL,166.57,2,ASK
2018-12-17 10:01:27,AAPL,166.54,20,BID
2018-12-17 10:01:30,AAPL,166.57,1,ASK
2018-12-17 10:01:32,AAPL,166.59,3,BID
2018-12-17 10:01:32,AAPL,166.62,21,ASK
2018-12-17 10:01:33,AAPL,166.63,2,BID
2018-12-17 10:01:33,AAPL,166.65,4,ASK
2018-12-17 10:01:34,AAPL,166.63,3,BID
2018-12-17 10:01:34,AAPL,166.64,1,ASK
2018-12-17 10:01:34,AAPL,166.63,11,BID
2018-12-17 10:01:34,AAPL,166.66,1,ASK
2018-12-17 10:01:35,AAPL,166.62,13,BID
2018-12-17 10:01:35,AAPL,166.66,5,ASK
2018-12-17 10:01:36,AAPL,166.61,22,BID
2018-12-17 10:01:36,AAPL,166.62,5,ASK
2018-12-17 10:01:37,AAPL,166.6,16,BID
2018-12-17 10:01:37,AAPL,166.63,1,ASK
2018-12-17 10:01:38,AAPL,166.59,10,BID
2018-12-17 10:01:38,AAPL,166.62,4,ASK
2018-12-17 10:01:38,AAPL,166.59,10,BID
2018-12-17 10:01:39,AAPL,166.62,7,ASK
2018-12-17 10:01:41,AAPL,166.59,1,BID
2018-12-17 10:01:41,AAPL,166.6,3,ASK
2018-12-17 10:01:41,AAPL,166.59,8,BID
2018-12-17 10:01:41,AAPL,166.62,4,ASK
2018-12-17 10:01:42,AAPL,166.59,8,BID
2018-12-17 10:01:43,AAPL,166.62,9,ASK
2018-12-17 10:01:44,AAPL,166.57,22,BID
2018-12-17 10:01:44,AAPL,166.6,9,ASK
2018-12-17 10:01:45,AAPL,166.58,9,BID
2018-12-17 10:01:45,AAPL,166.61,5,ASK
2018-12-17 10:01:46,AAPL,166.58,1,BID
2018-12-17 10:01:46,AAPL,166.61,5,ASK
2018-12-17 10:01:47,AAPL,166.58,23,BID
2018-12-17 10:01:47,AAPL,166.62,8,ASK
2018-12-17 10:01:48,AAPL,166.6,9,BID
2018-12-17 10:01:48,AAPL,166.63,3,ASK
2018-12-17 10:01:49,AAPL,166.62,11,BID
2018-12-17 10:01:48,AAPL,166.65,6,ASK
2018-12-17 10:01:50,AAPL,166.6,20,BID
2018-12-17 10:01:50,AAPL,166.62,2,ASK
2018-12-17 10:01:50,AAPL,166.6,15,BID
2018-12-17 10:01:50,AAPL,166.62,3,ASK
2018-12-17 10:01:46,AAPL,166.57,29,BID
2018-12-17 10:01:51,AAPL,166.6,1,ASK
2018-12-17 10:01:46,AAPL,166.57,20,BID
2018-12-17 10:01:53,AAPL,166.59,4,ASK
2018-12-17 10:01:27,AAPL,166.54,19,BID
2018-12-17 10:01:54,AAPL,166.57,4,ASK
2018-12-17 10:01:27,AAPL,166.54,19,BID
2018-12-17 10:01:54,AAPL,166.57,7,ASK
2018-12-17 10:01:55,AAPL,166.56,18,BID
2018-12-17 10:01:55,AAPL,166.6,1,ASK
2018-12-17 10:01:56,AAPL,166.58,1,BID
2018-12-17 10:01:56,AAPL,166.61,10,ASK
2018-12-17 10:01:58,AAPL,166.57,9,BID
2018-12-17 10:01:58,AAPL,166.62,10,ASK
2018-12-17 10:01:59,AAPL,166.57,20,BID
2018-12-17 10:01:59,AAPL,166.6,5,ASK
2018-12-17 10:02:00,AAPL,166.55,11,BID
2018-12-17 10:02:00,AAPL,166.6,6,ASK
2018-12-17 10:02:01,AAPL,166.56,20,BID
2018-12-17 10:02:01,AAPL,166.6,6,ASK
2018-12-17 10:02:02,AAPL,166.57,7,BID
2018-12-17 10:02:02,AAPL,166.6,11,ASK
2018-12-17 10:02:03,AAPL,166.6,18,BID
2018-12-17 10:02:03,AAPL,166.62,1,ASK
2018-12-17 10:02:04,AAPL,166.58,16,BID
2018-12-17 10:02:04,AAPL,166.63,15,ASK
2018-12-17 10:02:05,AAPL,166.6,7,BID
2018-12-17 10:02:05,AAPL,166.64,5,ASK
2018-12-17 10:02:06,AAPL,166.59,23,BID
2018-12-17 10:02:06,AAPL,166.62,1,ASK
2018-12-17 10:02:07,AAPL,166.6,6,BID
2018-12-17 10:02:07,AAPL,166.62,3,ASK
2018-12-17 10:02:08,AAPL,166.61,14,BID
2018-12-17 10:02:08,AAPL,166.64,2,ASK
2018-12-17 10:02:07,AAPL,166.59,22,BID
2018-12-17 10:02:09,AAPL,166.63,4,ASK
2018-12-17 10:02:10,AAPL,166.58,15,BID
2018-12-17 10:02:10,AAPL,166.62,6,ASK
2018-12-17 10:02:11,AAPL,166.55,1,BID
2018-12-17 10:02:11,AAPL,166.58,1,ASK
2018-12-17 10:01:55,AAPL,166.54,24,BID
2018-12-17 10:02:12,AAPL,166.57,1,ASK
2018-12-17 10:01:55,AAPL,166.54,27,BID
2018-12-17 10:02:13,AAPL,166.57,2,ASK
2018-12-17 10:02:14,AAPL,166.52,10,BID
2018-12-17 10:02:14,AAPL,166.56,2,ASK
2018-12-17 10:02:14,AAPL,166.53,20,BID
2018-12-17 10:02:15,AAPL,166.57,2,ASK
2018-12-17 10:02:16,AAPL,166.55,1,BID
2018-12-17 10:02:16,AAPL,166.59,6,ASK
2018-12-17 10:02:17,AAPL,166.57,1,BID
2018-12-17 10:02:17,AAPL,166.6,5,ASK
2018-12-17 10:02:18,AAPL,166.57,10,BID
2018-12-17 10:02:18,AAPL,166.59,2,ASK
2018-12-17 10:02:18,AAPL,166.57,11,BID
2018-12-17 10:02:18,AAPL,166.59,4,ASK
2018-12-17 10:02:20,AAPL,166.57,11,BID
2018-12-17 10:02:20,AAPL,166.58,3,ASK
2018-12-17 10:02:21,AAPL,166.57,16,BID
2018-12-17 10:02:21,AAPL,166.61,3,ASK
2018-12-17 10:02:21,AAPL,166.58,8,BID
2018-12-17 10:02:22,AAPL,166.61,3,ASK
