timestamp,ticker,price,volume,bid_ask
2018-12-17 09:40:31,AXP,104.41,7,BID
2018-12-17 09:40:33,AXP,104.5,4,ASK
2018-12-17 09:40:31,AXP,104.41,7,BID
2018-12-17 09:40:36,AXP,104.5,6,ASK
2018-12-17 09:40:31,AXP,104.41,7,BID
2018-12-17 09:40:36,AXP,104.5,6,ASK
2018-12-17 09:40:38,AXP,104.42,3,BID
2018-12-17 09:40:38,AXP,104.5,5,ASK
2018-12-17 09:40:38,AXP,104.42,3,BID
2018-12-17 09:40:38,AXP,104.5,5,ASK
2018-12-17 09:40:41,AXP,104.42,3,BID
2018-12-17 09:40:41,AXP,104.48,1,ASK
2018-12-17 09:40:41,AXP,104.35,1,BID
2018-12-17 09:40:41,AXP,104.45,5,ASK
2018-12-17 09:40:41,AXP,104.35,1,BID
2018-12-17 09:40:41,AXP,104.45,5,ASK
2018-12-17 09:40:43,AXP,104.33,3,BID
2018-12-17 09:40:44,AXP,104.43,2,ASK
2018-12-17 09:40:44,AXP,104.36,2,BID
2018-12-17 09:40:44,AXP,104.44,4,ASK
2018-12-17 09:40:46,AXP,104.35,1,BID
2018-12-17 09:40:45,AXP,104.43,1,ASK
2018-12-17 09:40:46,AXP,104.35,1,BID
2018-12-17 09:40:46,AXP,104.44,6,ASK
2018-12-17 09:40:46,AXP,104.35,1,BID
2018-12-17 09:40:46,AXP,104.44,6,ASK
2018-12-17 09:40:46,AXP,104.35,1,BID
2018-12-17 09:40:46,AXP,104.44,6,ASK
2018-12-17 09:40:46,AXP,104.35,1,BID
2018-12-17 09:40:46,AXP,104.44,6,ASK
2018-12-17 09:40:50,AXP,104.34,3,BID
2018-12-17 09:40:50,AXP,104.44,6,ASK
2018-12-17 09:40:51,AXP,104.35,1,BID
2018-12-17 09:40:51,AXP,104.43,1,ASK
2018-12-17 09:40:52,AXP,104.33,4,BID
2018-12-17 09:40:52,AXP,104.42,3,ASK
2018-12-17 09:40:53,AXP,104.33,4,BID
2018-12-17 09:40:53,AXP,104.42,6,ASK
2018-12-17 09:40:55,AXP,104.34,1,BID
2018-12-17 09:40:55,AXP,104.43,6,ASK
2018-12-17 09:40:55,AXP,104.34,1,BID
2018-12-17 09:40:55,AXP,104.43,6,ASK
2018-12-17 09:40:55,AXP,104.34,1,BID
2018-12-17 09:40:55,AXP,104.43,6,ASK
2018-12-17 09:40:57,AXP,104.34,2,BID
2018-12-17 09:40:57,AXP,104.42,3,ASK
2018-12-17 09:40:58,AXP,104.34,2,BID
2018-12-17 09:40:58,AXP,104.42,5,ASK
2018-12-17 09:41:00,AXP,104.34,2,BID
2018-12-17 09:40:58,AXP,104.42,5,ASK
2018-12-17 09:41:00,AXP,104.34,3,BID
2018-12-17 09:40:58,AXP,104.42,5,ASK
2018-12-17 09:41:00,AXP,104.34,3,BID
2018-12-17 09:40:58,AXP,104.42,4,ASK
2018-12-17 09:41:00,AXP,104.34,3,BID
2018-12-17 09:40:58,AXP,104.42,4,ASK
2018-12-17 09:41:00,AXP,104.34,4,BID
2018-12-17 09:40:58,AXP,104.42,4,ASK
2018-12-17 09:41:04,AXP,104.37,1,BID
2018-12-17 09:41:04,AXP,104.4,3,ASK
2018-12-17 09:41:05,AXP,104.36,2,BID
2018-12-17 09:41:05,AXP,104.4,3,ASK
2018-12-17 09:40:54,AXP,104.33,5,BID
2018-12-17 09:41:06,AXP,104.38,1,ASK
2018-12-17 09:40:54,AXP,104.33,5,BID
2018-12-17 09:41:07,AXP,104.37,1,ASK
2018-12-17 09:41:08,AXP,104.28,1,BID
2018-12-17 09:41:08,AXP,104.35,5,ASK
2018-12-17 09:41:09,AXP,104.25,2,BID
2018-12-17 09:41:09,AXP,104.33,1,ASK
2018-12-17 09:41:10,AXP,104.21,2,BID
2018-12-17 09:41:10,AXP,104.32,4,ASK
2018-12-17 09:41:09,AXP,104.19,3,BID
2018-12-17 09:41:11,AXP,104.3,2,ASK
2018-12-17 09:41:12,AXP,104.19,2,BID
2018-12-17 09:41:12,AXP,104.29,3,ASK
2018-12-17 09:41:13,AXP,104.19,3,BID
2018-12-17 09:41:13,AXP,104.29,6,ASK
2018-12-17 09:41:14,AXP,104.19,4,BID
2018-12-17 09:41:14,AXP,104.28,2,ASK
2018-12-17 09:41:15,AXP,104.19,4,BID
2018-12-17 09:41:15,AXP,104.28,2,ASK
2018-12-17 09:41:16,AXP,104.19,4,BID
2018-12-17 09:41:16,AXP,104.28,3,ASK
2018-12-17 09:41:16,AXP,104.19,4,BID
2018-12-17 09:41:16,AXP,104.28,3,ASK
2018-12-17 09:41:18,AXP,104.19,5,BID
2018-12-17 09:41:18,AXP,104.25,1,ASK
2018-12-17 09:41:20,AXP,104.19,5,BID
2018-12-17 09:41:20,AXP,104.24,2,ASK
2018-12-17 09:41:20,AXP,104.19,5,BID
2018-12-17 09:41:20,AXP,104.24,2,ASK
2018-12-17 09:41:20,AXP,104.19,5,BID
2018-12-17 09:41:20,AXP,104.24,2,ASK
2018-12-17 09:41:22,AXP,104.18,1,BID
2018-12-17 09:41:22,AXP,104.23,6,ASK
2018-12-17 09:41:23,AXP,104.18,1,BID
2018-12-17 09:41:23,AXP,104.23,6,ASK
2018-12-17 09:41:24,AXP,104.16,1,BID
2018-12-17 09:41:24,AXP,104.23,8,ASK
2018-12-17 09:41:24,AXP,104.16,1,BID
2018-12-17 09:41:24,AXP,104.23,8,ASK
2018-12-17 09:41:26,AXP,104.16,1,BID
2018-12-17 09:41:26,AXP,104.23,9,ASK
2018-12-17 09:41:26,AXP,104.16,1,BID
2018-12-17 09:41:26,AXP,104.23,9,ASK
2018-12-17 09:41:26,AXP,104.16,1,BID
2018-12-17 09:41:26,AXP,104.23,9,ASK
2018-12-17 09:41:30,AXP,104.24,1,BID
2018-12-17 09:41:11,AXP,104.3,5,ASK
2018-12-17 09:41:30,AXP,104.23,2,BID
2018-12-17 09:41:30,AXP,104.32,3,ASK
2018-12-17 09:41:30,AXP,104.23,2,BID
2018-12-17 09:41:30,AXP,104.32,3,ASK
2018-12-17 09:41:30,AXP,104.23,2,BID
2018-12-17 09:41:30,AXP,104.32,3,ASK
2018-12-17 09:41:33,AXP,104.23,2,BID
2018-12-17 09:41:33,AXP,104.32,3,ASK
2018-12-17 09:41:33,AXP,104.23,2,BID
2018-12-17 09:41:33,AXP,104.32,3,ASK
2018-12-17 09:41:35,AXP,104.2,2,BID
2018-12-17 09:41:35,AXP,104.32,3,ASK
2018-12-17 09:41:36,AXP,104.2,3,BID
2018-12-17 09:41:36,AXP,104.32,3,ASK
2018-12-17 09:41:36,AXP,104.2,3,BID
2018-12-17 09:41:36,AXP,104.32,3,ASK
2018-12-17 09:41:36,AXP,104.2,3,BID
2018-12-17 09:41:36,AXP,104.32,3,ASK
2018-12-17 09:41:36,AXP,104.2,3,BID
2018-12-17 09:41:36,AXP,104.32,3,ASK
2018-12-17 09:41:41,AXP,104.2,3,BID
2018-12-17 09:41:41,AXP,104.3,2,ASK
2018-12-17 09:41:42,AXP,104.2,3,BID
2018-12-17 09:41:42,AXP,104.3,4,ASK
2018-12-17 09:41:43,AXP,104.2,3,BID
2018-12-17 09:41:42,AXP,104.3,4,ASK
2018-12-17 09:41:44,AXP,104.2,2,BID
2018-12-17 09:41:43,AXP,104.3,4,ASK
2018-12-17 09:41:45,AXP,104.2,2,BID
2018-12-17 09:41:45,AXP,104.29,1,ASK
2018-12-17 09:41:45,AXP,104.2,2,BID
2018-12-17 09:41:45,AXP,104.29,1,ASK
2018-12-17 09:41:45,AXP,104.2,2,BID
2018-12-17 09:41:45,AXP,104.29,1,ASK
2018-12-17 09:41:45,AXP,104.2,2,BID
2018-12-17 09:41:45,AXP,104.29,1,ASK
2018-12-17 09:41:48,AXP,104.2,2,BID
2018-12-17 09:41:48,AXP,104.27,1,ASK
2018-12-17 09:41:49,AXP,104.2,2,BID
2018-12-17 09:41:49,AXP,104.27,2,ASK
2018-12-17 09:41:49,AXP,104.2,2,BID
2018-12-17 09:41:49,AXP,104.27,2,ASK
2018-12-17 09:41:49,AXP,104.2,2,BID
2018-12-17 09:41:49,AXP,104.27,2,ASK
2018-12-17 09:41:52,AXP,104.2,2,BID
2018-12-17 09:41:52,AXP,104.27,1,ASK
2018-12-17 09:41:53,AXP,104.21,1,BID
2018-12-17 09:41:53,AXP,104.27,1,ASK
2018-12-17 09:41:54,AXP,104.21,1,BID
2018-12-17 09:41:54,AXP,104.27,2,ASK
2018-12-17 09:41:54,AXP,104.21,1,BID
2018-12-17 09:41:54,AXP,104.27,2,ASK
2018-12-17 09:41:56,AXP,104.21,2,BID
2018-12-17 09:41:56,AXP,104.27,3,ASK
2018-12-17 09:41:57,AXP,104.21,2,BID
2018-12-17 09:41:58,AXP,104.22,3,ASK
2018-12-17 09:41:58,AXP,104.14,2,BID
2018-12-17 09:41:58,AXP,104.19,4,ASK
2018-12-17 09:41:58,AXP,104.14,2,BID
2018-12-17 09:41:58,AXP,104.19,4,ASK
2018-12-17 09:42:00,AXP,104.14,2,BID
2018-12-17 09:41:58,AXP,104.19,4,ASK
2018-12-17 09:42:00,AXP,104.14,2,BID
2018-12-17 09:41:58,AXP,104.19,4,ASK
2018-12-17 09:42:03,AXP,104.14,2,BID
2018-12-17 09:42:03,AXP,104.14,1,ASK
2018-12-17 09:42:03,AXP,104.11,6,BID
2018-12-17 09:42:03,AXP,104.18,2,ASK
2018-12-17 09:42:03,AXP,104.11,6,BID
2018-12-17 09:41:58,AXP,104.19,4,ASK
2018-12-17 09:42:06,AXP,104.11,7,BID
2018-12-17 09:42:06,AXP,104.18,4,ASK
2018-12-17 09:42:06,AXP,104.11,7,BID
2018-12-17 09:42:06,AXP,104.18,4,ASK
2018-12-17 09:42:06,AXP,104.11,7,BID
2018-12-17 09:42:06,AXP,104.18,4,ASK
2018-12-17 09:42:06,AXP,104.11,7,BID
2018-12-17 09:42:06,AXP,104.18,4,ASK
2018-12-17 09:42:06,AXP,104.11,7,BID
2018-12-17 09:42:06,AXP,104.18,4,ASK
2018-12-17 09:42:06,AXP,104.11,7,BID
2018-12-17 09:42:06,AXP,104.18,4,ASK
2018-12-17 09:42:04,AXP,104.11,7,BID
2018-12-17 09:42:06,AXP,104.18,4,ASK
2018-12-17 09:42:13,AXP,104.11,6,BID
2018-12-17 09:42:13,AXP,104.18,6,ASK
2018-12-17 09:42:13,AXP,104.11,6,BID
2018-12-17 09:42:13,AXP,104.18,6,ASK
2018-12-17 09:42:13,AXP,104.11,6,BID
2018-12-17 09:42:13,AXP,104.18,6,ASK
2018-12-17 09:42:13,AXP,104.11,6,BID
2018-12-17 09:42:13,AXP,104.18,6,ASK
2018-12-17 09:42:17,AXP,104.11,6,BID
2018-12-17 09:42:17,AXP,104.16,1,ASK
2018-12-17 09:42:17,AXP,104.11,6,BID
2018-12-17 09:42:18,AXP,104.16,1,ASK
2018-12-17 09:42:17,AXP,104.11,6,BID
2018-12-17 09:42:19,AXP,104.17,1,ASK
2018-12-17 09:42:17,AXP,104.11,6,BID
2018-12-17 09:42:13,AXP,104.18,7,ASK
2018-12-17 09:42:17,AXP,104.11,6,BID
2018-12-17 09:42:13,AXP,104.18,7,ASK
2018-12-17 09:42:22,AXP,104.11,6,BID
2018-12-17 09:42:22,AXP,104.17,2,ASK
2018-12-17 09:42:22,AXP,104.08,1,BID
2018-12-17 09:42:22,AXP,104.13,1,ASK
2018-12-17 09:42:24,AXP,104.08,2,BID
2018-12-17 09:42:24,AXP,104.13,1,ASK
2018-12-17 09:42:25,AXP,104.09,1,BID
2018-12-17 09:42:25,AXP,104.16,2,ASK
2018-12-17 09:42:26,AXP,104.09,1,BID
2018-12-17 09:42:26,AXP,104.16,3,ASK
2018-12-17 09:42:26,AXP,104.09,1,BID
2018-12-17 09:42:26,AXP,104.17,3,ASK
2018-12-17 09:42:26,AXP,104.09,1,BID
2018-12-17 09:42:26,AXP,104.17,3,ASK
2018-12-17 09:42:29,AXP,104.1,1,BID
2018-12-17 09:42:26,AXP,104.17,4,ASK
2018-12-17 09:42:30,AXP,104.1,1,BID
2018-12-17 09:42:26,AXP,104.17,4,ASK
2018-12-17 09:42:30,AXP,104.1,1,BID
2018-12-17 09:42:30,AXP,104.16,3,ASK
2018-12-17 09:42:32,AXP,104.1,1,BID
2018-12-17 09:42:32,AXP,104.15,2,ASK
2018-12-17 09:42:33,AXP,104.09,2,BID
2018-12-17 09:42:33,AXP,104.15,4,ASK
2018-12-17 09:42:33,AXP,104.09,2,BID
2018-12-17 09:42:33,AXP,104.15,4,ASK
2018-12-17 09:42:33,AXP,104.09,2,BID
2018-12-17 09:42:33,AXP,104.15,4,ASK
2018-12-17 09:42:33,AXP,104.09,2,BID
2018-12-17 09:42:33,AXP,104.15,4,ASK
2018-12-17 09:42:33,AXP,104.09,2,BID
2018-12-17 09:42:33,AXP,104.15,4,ASK
2018-12-17 09:42:33,AXP,104.09,2,BID
2018-12-17 09:42:33,AXP,104.15,4,ASK
2018-12-17 09:42:33,AXP,104.09,2,BID
2018-12-17 09:42:33,AXP,104.15,4,ASK
2018-12-17 09:42:40,AXP,104.09,2,BID
2018-12-17 09:42:40,AXP,104.09,1,ASK
2018-12-17 09:42:40,AXP,104.08,3,BID
2018-12-17 09:42:40,AXP,104.14,5,ASK
2018-12-17 09:42:41,AXP,104.08,3,BID
2018-12-17 09:42:41,AXP,104.14,6,ASK
2018-12-17 09:42:43,AXP,104.08,3,BID
2018-12-17 09:42:43,AXP,104.13,3,ASK
2018-12-17 09:42:43,AXP,104.08,3,BID
2018-12-17 09:42:43,AXP,104.13,4,ASK
2018-12-17 09:42:45,AXP,104.08,3,BID
2018-12-17 09:42:45,AXP,104.13,5,ASK
2018-12-17 09:42:45,AXP,104.08,4,BID
2018-12-17 09:42:45,AXP,104.13,5,ASK
2018-12-17 09:42:45,AXP,104.08,4,BID
2018-12-17 09:42:45,AXP,104.13,5,ASK
2018-12-17 09:42:48,AXP,104.13,3,BID
2018-12-17 09:42:48,AXP,104.18,3,ASK
2018-12-17 09:42:49,AXP,104.09,1,BID
2018-12-17 09:42:49,AXP,104.18,5,ASK
2018-12-17 09:42:50,AXP,104.09,1,BID
2018-12-17 09:42:50,AXP,104.18,5,ASK
2018-12-17 09:42:50,AXP,104.08,4,BID
2018-12-17 09:42:51,AXP,104.15,1,ASK
2018-12-17 09:42:50,AXP,104.08,4,BID
2018-12-17 09:42:52,AXP,104.15,2,ASK
2018-12-17 09:42:50,AXP,104.08,4,BID
2018-12-17 09:42:52,AXP,104.15,2,ASK
2018-12-17 09:42:50,AXP,104.08,4,BID
2018-12-17 09:42:54,AXP,104.14,3,ASK
2018-12-17 09:42:55,AXP,104.09,1,BID
2018-12-17 09:42:55,AXP,104.15,3,ASK
2018-12-17 09:42:55,AXP,104.09,1,BID
2018-12-17 09:42:55,AXP,104.15,3,ASK
2018-12-17 09:42:55,AXP,104.09,1,BID
2018-12-17 09:42:55,AXP,104.15,3,ASK
2018-12-17 09:42:55,AXP,104.09,1,BID
2018-12-17 09:42:55,AXP,104.15,3,ASK
2018-12-17 09:42:59,AXP,104.1,1,BID
2018-12-17 09:42:59,AXP,104.17,3,ASK
2018-12-17 09:43:00,AXP,104.1,1,BID
2018-12-17 09:43:00,AXP,104.17,3,ASK
2018-12-17 09:43:00,AXP,104.1,1,BID
2018-12-17 09:43:00,AXP,104.17,5,ASK
2018-12-17 09:43:02,AXP,104.09,3,BID
2018-12-17 09:43:02,AXP,104.14,2,ASK
2018-12-17 09:43:03,AXP,104.08,4,BID
2018-12-17 09:43:03,AXP,104.14,2,ASK
2018-12-17 09:43:04,AXP,104.08,4,BID
2018-12-17 09:43:04,AXP,104.14,2,ASK
2018-12-17 09:43:04,AXP,104.08,4,BID
2018-12-17 09:43:04,AXP,104.14,2,ASK
2018-12-17 09:43:04,AXP,104.08,4,BID
2018-12-17 09:43:06,AXP,104.14,3,ASK
2018-12-17 09:43:04,AXP,104.08,5,BID
2018-12-17 09:43:06,AXP,104.14,3,ASK
2018-12-17 09:43:04,AXP,104.08,5,BID
2018-12-17 09:43:06,AXP,104.14,4,ASK
2018-12-17 09:43:09,AXP,104.05,1,BID
2018-12-17 09:43:09,AXP,104.1,2,ASK
2018-12-17 09:43:10,AXP,104.05,2,BID
2018-12-17 09:43:10,AXP,104.1,4,ASK
2018-12-17 09:43:10,AXP,104.05,2,BID
2018-12-17 09:43:10,AXP,104.1,4,ASK
2018-12-17 09:43:10,AXP,104.05,2,BID
2018-12-17 09:43:10,AXP,104.1,4,ASK
2018-12-17 09:43:13,AXP,104.05,2,BID
2018-12-17 09:43:13,AXP,104.09,3,ASK
2018-12-17 09:43:13,AXP,104.05,2,BID
2018-12-17 09:43:13,AXP,104.09,3,ASK
2018-12-17 09:43:15,AXP,104.05,2,BID
2018-12-17 09:43:15,AXP,104.09,2,ASK
2018-12-17 09:43:15,AXP,104.05,2,BID
2018-12-17 09:43:16,AXP,104.08,1,ASK
2018-12-17 09:43:17,AXP,104.0,11,BID
2018-12-17 09:43:17,AXP,104.06,3,ASK
2018-12-17 09:43:17,AXP,104.0,11,BID
2018-12-17 09:43:17,AXP,104.06,3,ASK
2018-12-17 09:43:19,AXP,103.92,2,BID
2018-12-17 09:43:19,AXP,104.0,2,ASK
2018-12-17 09:43:19,AXP,103.9,1,BID
2018-12-17 09:43:19,AXP,103.99,3,ASK
2018-12-17 09:43:19,AXP,103.9,1,BID
2018-12-17 09:43:19,AXP,103.99,3,ASK
2018-12-17 09:43:20,AXP,103.84,2,BID
2018-12-17 09:43:20,AXP,103.9,1,ASK
2018-12-17 09:43:21,AXP,103.8,3,BID
2018-12-17 09:43:21,AXP,103.92,1,ASK
2018-12-17 09:43:21,AXP,103.79,6,BID
2018-12-17 09:43:21,AXP,103.93,1,ASK
2018-12-17 09:43:21,AXP,103.81,1,BID
2018-12-17 09:43:21,AXP,103.93,2,ASK
2018-12-17 09:43:22,AXP,103.82,1,BID
2018-12-17 09:43:22,AXP,103.92,3,ASK
2018-12-17 09:43:22,AXP,103.82,1,BID
2018-12-17 09:43:22,AXP,103.92,3,ASK
2018-12-17 09:43:23,AXP,103.8,2,BID
2018-12-17 09:43:23,AXP,103.91,3,ASK
2018-12-17 09:43:24,AXP,103.8,2,BID
2018-12-17 09:43:24,AXP,103.88,3,ASK
2018-12-17 09:43:25,AXP,103.76,1,BID
2018-12-17 09:43:25,AXP,103.87,6,ASK
2018-12-17 09:43:26,AXP,103.76,2,BID
2018-12-17 09:43:26,AXP,103.82,2,ASK
2018-12-17 09:43:28,AXP,103.77,1,BID
2018-12-17 09:43:28,AXP,103.85,7,ASK
2018-12-17 09:43:29,AXP,103.77,1,BID
2018-12-17 09:43:29,AXP,103.85,7,ASK
2018-12-17 09:43:30,AXP,103.74,1,BID
2018-12-17 09:43:30,AXP,103.84,5,ASK
2018-12-17 09:43:31,AXP,103.77,1,BID
2018-12-17 09:43:30,AXP,103.84,5,ASK
2018-12-17 09:43:31,AXP,103.77,1,BID
2018-12-17 09:43:30,AXP,103.84,5,ASK
2018-12-17 09:43:33,AXP,103.77,1,BID
2018-12-17 09:43:33,AXP,103.82,1,ASK
2018-12-17 09:43:33,AXP,103.77,1,BID
2018-12-17 09:43:33,AXP,103.82,1,ASK
2018-12-17 09:43:37,AXP,103.77,2,BID
2018-12-17 09:43:36,AXP,103.83,6,ASK
2018-12-17 09:43:38,AXP,103.73,1,BID
2018-12-17 09:43:38,AXP,103.81,3,ASK
2018-12-17 09:43:39,AXP,103.73,1,BID
2018-12-17 09:43:39,AXP,103.81,4,ASK
2018-12-17 09:43:39,AXP,103.73,1,BID
2018-12-17 09:43:39,AXP,103.81,4,ASK
2018-12-17 09:43:40,AXP,103.73,1,BID
2018-12-17 09:43:40,AXP,103.79,5,ASK
2018-12-17 09:43:41,AXP,103.74,1,BID
2018-12-17 09:43:41,AXP,103.79,7,ASK
2018-12-17 09:43:41,AXP,103.74,1,BID
2018-12-17 09:43:41,AXP,103.79,7,ASK
2018-12-17 09:43:45,AXP,103.78,1,BID
2018-12-17 09:43:45,AXP,103.83,7,ASK
2018-12-17 09:43:45,AXP,103.78,1,BID
2018-12-17 09:43:45,AXP,103.83,7,ASK
2018-12-17 09:43:45,AXP,103.78,1,BID
2018-12-17 09:43:45,AXP,103.83,7,ASK
2018-12-17 09:43:45,AXP,103.78,1,BID
2018-12-17 09:43:45,AXP,103.83,7,ASK
2018-12-17 09:43:45,AXP,103.78,1,BID
2018-12-17 09:43:45,AXP,103.83,7,ASK
2018-12-17 09:43:45,AXP,103.78,1,BID
2018-12-17 09:43:45,AXP,103.83,7,ASK
2018-12-17 09:43:52,AXP,103.78,3,BID
2018-12-17 09:43:52,AXP,103.83,7,ASK
2018-12-17 09:43:52,AXP,103.78,3,BID
2018-12-17 09:43:53,AXP,103.83,7,ASK
2018-12-17 09:43:52,AXP,103.78,3,BID
2018-12-17 09:43:53,AXP,103.83,7,ASK
2018-12-17 09:43:55,AXP,103.83,12,BID
2018-12-17 09:43:55,AXP,103.89,4,ASK
2018-12-17 09:43:55,AXP,103.83,12,BID
2018-12-17 09:43:55,AXP,103.89,4,ASK
2018-12-17 09:43:55,AXP,103.83,12,BID
2018-12-17 09:43:55,AXP,103.89,4,ASK
2018-12-17 09:43:55,AXP,103.83,12,BID
2018-12-17 09:43:55,AXP,103.89,4,ASK
2018-12-17 09:43:55,AXP,103.83,12,BID
2018-12-17 09:43:55,AXP,103.89,4,ASK
2018-12-17 09:44:00,AXP,103.83,12,BID
2018-12-17 09:44:00,AXP,103.89,5,ASK
2018-12-17 09:44:01,AXP,103.87,5,BID
2018-12-17 09:44:01,AXP,103.95,1,ASK
2018-12-17 09:44:02,AXP,103.88,2,BID
2018-12-17 09:44:02,AXP,103.94,2,ASK
2018-12-17 09:44:03,AXP,103.89,1,BID
2018-12-17 09:44:03,AXP,103.94,3,ASK
2018-12-17 09:44:03,AXP,103.89,1,BID
2018-12-17 09:44:03,AXP,103.94,3,ASK
2018-12-17 09:44:05,AXP,103.89,1,BID
2018-12-17 09:44:05,AXP,103.96,1,ASK
2018-12-17 09:44:05,AXP,103.89,1,BID
2018-12-17 09:44:05,AXP,103.96,1,ASK
2018-12-17 09:44:06,AXP,103.89,1,BID
2018-12-17 09:44:06,AXP,103.95,1,ASK
2018-12-17 09:44:06,AXP,103.89,1,BID
2018-12-17 09:44:06,AXP,103.95,1,ASK
2018-12-17 09:44:06,AXP,103.89,1,BID
2018-12-17 09:44:06,AXP,103.95,1,ASK
2018-12-17 09:44:09,AXP,103.89,3,BID
2018-12-17 09:44:10,AXP,103.94,1,ASK
2018-12-17 09:44:09,AXP,103.89,3,BID
2018-12-17 09:44:10,AXP,103.94,1,ASK
2018-12-17 09:44:10,AXP,103.89,3,BID
2018-12-17 09:44:10,AXP,103.94,1,ASK
2018-12-17 09:44:12,AXP,103.9,6,BID
2018-12-17 09:44:12,AXP,103.97,1,ASK
2018-12-17 09:44:13,AXP,103.91,3,BID
2018-12-17 09:44:14,AXP,103.98,2,ASK
2018-12-17 09:44:14,AXP,103.92,2,BID
2018-12-17 09:44:14,AXP,103.99,4,ASK
2018-12-17 09:44:16,AXP,103.96,1,BID
2018-12-17 09:44:16,AXP,104.0,4,ASK
2018-12-17 09:44:17,AXP,103.96,3,BID
2018-12-17 09:44:16,AXP,104.0,4,ASK
2018-12-17 09:44:17,AXP,103.96,3,BID
2018-12-17 09:44:16,AXP,104.0,4,ASK
2018-12-17 09:44:20,AXP,103.97,1,BID
2018-12-17 09:44:20,AXP,104.0,1,ASK
2018-12-17 09:44:20,AXP,103.97,2,BID
2018-12-17 09:44:20,AXP,104.0,1,ASK
2018-12-17 09:44:21,AXP,103.97,2,BID
2018-12-17 09:44:21,AXP,104.03,1,ASK
2018-12-17 09:44:22,AXP,103.97,3,BID
2018-12-17 09:44:22,AXP,104.03,1,ASK
2018-12-17 09:44:23,AXP,103.97,4,BID
2018-12-17 09:44:23,AXP,104.03,3,ASK
2018-12-17 09:44:23,AXP,103.97,4,BID
2018-12-17 09:44:23,AXP,104.03,3,ASK
2018-12-17 09:44:26,AXP,103.97,4,BID
2018-12-17 09:44:23,AXP,104.03,4,ASK
2018-12-17 09:44:26,AXP,103.97,4,BID
2018-12-17 09:44:23,AXP,104.03,4,ASK
2018-12-17 09:44:28,AXP,103.95,4,BID
2018-12-17 09:44:28,AXP,104.01,3,ASK
2018-12-17 09:44:29,AXP,103.96,1,BID
2018-12-17 09:44:29,AXP,104.02,2,ASK
2018-12-17 09:44:30,AXP,103.96,1,BID
2018-12-17 09:44:30,AXP,104.02,2,ASK
2018-12-17 09:44:31,AXP,103.97,1,BID
2018-12-17 09:44:31,AXP,104.02,2,ASK
2018-12-17 09:44:31,AXP,103.97,1,BID
2018-12-17 09:44:31,AXP,104.02,2,ASK
2018-12-17 09:44:32,AXP,103.93,2,BID
2018-12-17 09:44:32,AXP,103.98,2,ASK
2018-12-17 09:44:33,AXP,103.92,1,BID
2018-12-17 09:44:33,AXP,103.98,2,ASK
2018-12-17 09:44:34,AXP,103.91,4,BID
2018-12-17 09:44:34,AXP,103.96,1,ASK
2018-12-17 09:44:35,AXP,103.91,4,BID
2018-12-17 09:44:35,AXP,103.95,1,ASK
2018-12-17 09:44:36,AXP,103.84,3,BID
2018-12-17 09:44:36,AXP,103.95,2,ASK
2018-12-17 09:44:37,AXP,103.79,3,BID
2018-12-17 09:44:37,AXP,103.93,2,ASK
2018-12-17 09:44:38,AXP,103.79,3,BID
2018-12-17 09:44:38,AXP,103.93,3,ASK
2018-12-17 09:44:38,AXP,103.79,3,BID
2018-12-17 09:44:38,AXP,103.93,3,ASK
2018-12-17 09:44:41,AXP,103.79,4,BID
2018-12-17 09:44:41,AXP,103.93,4,ASK
2018-12-17 09:44:42,AXP,103.81,1,BID
2018-12-17 09:44:42,AXP,103.94,2,ASK
2018-12-17 09:44:43,AXP,103.82,1,BID
2018-12-17 09:44:43,AXP,103.98,3,ASK
2018-12-17 09:44:43,AXP,103.82,1,BID
2018-12-17 09:44:43,AXP,103.98,3,ASK
2018-12-17 09:44:43,AXP,103.82,1,BID
2018-12-17 09:44:43,AXP,103.98,3,ASK
2018-12-17 09:44:43,AXP,103.82,1,BID
2018-12-17 09:44:43,AXP,103.98,3,ASK
2018-12-17 09:44:46,AXP,103.82,2,BID
2018-12-17 09:44:46,AXP,103.97,3,ASK
2018-12-17 09:44:47,AXP,103.81,5,BID
2018-12-17 09:44:47,AXP,103.96,3,ASK
2018-12-17 09:44:47,AXP,103.81,5,BID
2018-12-17 09:44:48,AXP,103.96,4,ASK
2018-12-17 09:44:49,AXP,103.83,2,BID
2018-12-17 09:44:48,AXP,103.96,4,ASK
2018-12-17 09:44:49,AXP,103.83,2,BID
2018-12-17 09:44:48,AXP,103.96,4,ASK
2018-12-17 09:44:52,AXP,103.9,1,BID
2018-12-17 09:44:52,AXP,103.97,4,ASK
2018-12-17 09:44:52,AXP,103.9,1,BID
2018-12-17 09:44:52,AXP,103.97,4,ASK
2018-12-17 09:44:52,AXP,103.9,1,BID
2018-12-17 09:44:52,AXP,103.97,4,ASK
2018-12-17 09:44:54,AXP,103.9,2,BID
2018-12-17 09:44:54,AXP,103.97,4,ASK
2018-12-17 09:44:54,AXP,103.9,2,BID
2018-12-17 09:44:54,AXP,103.97,4,ASK
2018-12-17 09:44:57,AXP,103.9,2,BID
2018-12-17 09:44:57,AXP,103.97,5,ASK
2018-12-17 09:44:57,AXP,103.83,4,BID
2018-12-17 09:44:57,AXP,103.94,1,ASK
2018-12-17 09:44:57,AXP,103.83,4,BID
2018-12-17 09:44:59,AXP,103.94,1,ASK
2018-12-17 09:44:57,AXP,103.83,4,BID
2018-12-17 09:45:00,AXP,103.94,1,ASK
2018-12-17 09:45:00,AXP,103.83,5,BID
2018-12-17 09:45:00,AXP,103.92,1,ASK
2018-12-17 09:45:00,AXP,103.83,5,BID
2018-12-17 09:45:00,AXP,103.92,1,ASK
2018-12-17 09:45:02,AXP,103.83,6,BID
2018-12-17 09:45:01,AXP,103.92,3,ASK
2018-12-17 09:45:02,AXP,103.83,6,BID
2018-12-17 09:45:01,AXP,103.92,3,ASK
2018-12-17 09:45:02,AXP,103.83,6,BID
2018-12-17 09:45:01,AXP,103.92,3,ASK
2018-12-17 09:45:02,AXP,103.83,6,BID
2018-12-17 09:45:01,AXP,103.92,3,ASK
2018-12-17 09:45:02,AXP,103.83,6,BID
2018-12-17 09:45:01,AXP,103.92,3,ASK
2018-12-17 09:45:02,AXP,103.83,6,BID
2018-12-17 09:45:01,AXP,103.92,3,ASK
2018-12-17 09:45:08,AXP,103.85,1,BID
2018-12-17 09:45:08,AXP,103.92,4,ASK
2018-12-17 09:45:08,AXP,103.85,1,BID
2018-12-17 09:45:08,AXP,103.92,4,ASK
2018-12-17 09:45:10,AXP,103.85,1,BID
2018-12-17 09:45:10,AXP,103.92,5,ASK
2018-12-17 09:45:10,AXP,103.85,1,BID
2018-12-17 09:45:10,AXP,103.92,5,ASK
2018-12-17 09:45:10,AXP,103.85,1,BID
2018-12-17 09:45:08,AXP,103.92,5,ASK
2018-12-17 09:45:10,AXP,103.85,1,BID
2018-12-17 09:45:08,AXP,103.92,5,ASK
2018-12-17 09:45:10,AXP,103.85,1,BID
2018-12-17 09:45:08,AXP,103.92,5,ASK
2018-12-17 09:45:15,AXP,103.85,4,BID
2018-12-17 09:45:15,AXP,103.91,1,ASK
2018-12-17 09:45:16,AXP,103.91,1,BID
2018-12-17 09:45:16,AXP,103.96,5,ASK
2018-12-17 09:45:17,AXP,103.88,2,BID
2018-12-17 09:45:17,AXP,103.97,4,ASK
2018-12-17 09:45:18,AXP,103.89,5,BID
2018-12-17 09:45:17,AXP,103.97,4,ASK
2018-12-17 09:45:19,AXP,103.89,5,BID
2018-12-17 09:45:19,AXP,103.97,5,ASK
2018-12-17 09:45:20,AXP,103.89,5,BID
2018-12-17 09:45:19,AXP,103.97,6,ASK
2018-12-17 09:45:21,AXP,103.89,2,BID
2018-12-17 09:45:21,AXP,103.95,2,ASK
2018-12-17 09:45:21,AXP,103.88,5,BID
2018-12-17 09:45:21,AXP,103.95,3,ASK
2018-12-17 09:45:22,AXP,103.89,1,BID
2018-12-17 09:45:22,AXP,103.96,6,ASK
2018-12-17 09:45:22,AXP,103.89,3,BID
2018-12-17 09:45:22,AXP,103.96,6,ASK
2018-12-17 09:45:23,AXP,103.89,5,BID
2018-12-17 09:45:23,AXP,103.96,6,ASK
2018-12-17 09:45:25,AXP,103.97,1,BID
2018-12-17 09:45:25,AXP,104.02,5,ASK
2018-12-17 09:45:25,AXP,103.97,1,BID
2018-12-17 09:45:25,AXP,104.02,5,ASK
2018-12-17 09:45:26,AXP,103.97,2,BID
2018-12-17 09:45:26,AXP,104.02,5,ASK
2018-12-17 09:45:29,AXP,103.97,3,BID
2018-12-17 09:45:30,AXP,104.03,7,ASK
2018-12-17 09:45:30,AXP,103.98,1,BID
2018-12-17 09:45:30,AXP,104.03,7,ASK
2018-12-17 09:45:30,AXP,103.98,1,BID
2018-12-17 09:45:30,AXP,104.03,7,ASK
2018-12-17 09:45:32,AXP,103.97,5,BID
2018-12-17 09:45:32,AXP,104.0,1,ASK
2018-12-17 09:45:32,AXP,103.97,4,BID
2018-12-17 09:45:34,AXP,104.0,1,ASK
2018-12-17 09:45:35,AXP,103.98,2,BID
2018-12-17 09:45:35,AXP,104.0,1,ASK
2018-12-17 09:45:35,AXP,103.96,1,BID
2018-12-17 09:45:35,AXP,103.97,1,ASK
2018-12-17 09:45:36,AXP,103.86,1,BID
2018-12-17 09:45:36,AXP,103.97,4,ASK
2018-12-17 09:45:37,AXP,103.87,1,BID
2018-12-17 09:45:37,AXP,103.97,4,ASK
2018-12-17 09:45:37,AXP,103.87,1,BID
2018-12-17 09:45:37,AXP,103.97,4,ASK
2018-12-17 09:45:40,AXP,103.87,1,BID
2018-12-17 09:45:40,AXP,103.97,4,ASK
2018-12-17 09:45:40,AXP,103.87,1,BID
2018-12-17 09:45:40,AXP,103.97,4,ASK
2018-12-17 09:45:41,AXP,103.87,2,BID
2018-12-17 09:45:41,AXP,103.97,4,ASK
2018-12-17 09:45:41,AXP,103.87,2,BID
2018-12-17 09:45:41,AXP,103.97,4,ASK
2018-12-17 09:45:41,AXP,103.87,2,BID
2018-12-17 09:45:41,AXP,103.97,4,ASK
2018-12-17 09:45:45,AXP,103.94,6,BID
2018-12-17 09:45:45,AXP,104.01,1,ASK
2018-12-17 09:45:45,AXP,103.93,2,BID
2018-12-17 09:45:45,AXP,104.0,2,ASK
2018-12-17 09:45:45,AXP,103.93,2,BID
2018-12-17 09:45:45,AXP,104.0,2,ASK
2018-12-17 09:45:45,AXP,103.93,2,BID
2018-12-17 09:45:45,AXP,104.0,2,ASK
2018-12-17 09:45:45,AXP,103.93,2,BID
2018-12-17 09:45:45,AXP,104.0,2,ASK
2018-12-17 09:45:45,AXP,103.93,2,BID
2018-12-17 09:45:45,AXP,104.0,2,ASK
2018-12-17 09:45:45,AXP,103.93,2,BID
2018-12-17 09:45:45,AXP,104.0,2,ASK
2018-12-17 09:45:45,AXP,103.93,2,BID
2018-12-17 09:45:45,AXP,104.0,2,ASK
2018-12-17 09:45:52,AXP,103.93,2,BID
2018-12-17 09:45:52,AXP,104.0,2,ASK
2018-12-17 09:45:54,AXP,103.95,5,BID
2018-12-17 09:45:54,AXP,104.02,3,ASK
2018-12-17 09:45:54,AXP,103.93,4,BID
2018-12-17 09:45:54,AXP,104.02,4,ASK
2018-12-17 09:45:56,AXP,103.93,4,BID
2018-12-17 09:45:56,AXP,104.0,1,ASK
2018-12-17 09:45:56,AXP,103.93,4,BID
2018-12-17 09:45:57,AXP,104.0,3,ASK
2018-12-17 09:45:58,AXP,103.95,3,BID
2018-12-17 09:45:58,AXP,104.05,1,ASK
2018-12-17 09:45:59,AXP,103.95,5,BID
2018-12-17 09:45:59,AXP,104.05,1,ASK
2018-12-17 09:46:00,AXP,103.95,5,BID
2018-12-17 09:46:00,AXP,104.02,1,ASK
2018-12-17 09:46:00,AXP,103.95,5,BID
2018-12-17 09:46:00,AXP,104.02,1,ASK
2018-12-17 09:46:00,AXP,103.95,5,BID
2018-12-17 09:46:00,AXP,104.02,1,ASK
2018-12-17 09:46:00,AXP,103.95,5,BID
2018-12-17 09:46:00,AXP,104.02,1,ASK
2018-12-17 09:46:04,AXP,103.98,6,BID
2018-12-17 09:46:04,AXP,104.05,4,ASK
2018-12-17 09:46:05,AXP,103.98,6,BID
2018-12-17 09:46:05,AXP,104.05,4,ASK
2018-12-17 09:46:06,AXP,103.95,6,BID
2018-12-17 09:46:06,AXP,104.04,2,ASK
2018-12-17 09:46:06,AXP,103.95,5,BID
2018-12-17 09:46:06,AXP,104.04,2,ASK
2018-12-17 09:46:07,AXP,103.95,6,BID
2018-12-17 09:46:07,AXP,104.04,2,ASK
2018-12-17 09:46:08,AXP,103.98,3,BID
2018-12-17 09:46:08,AXP,104.05,4,ASK
2018-12-17 09:46:08,AXP,103.98,3,BID
2018-12-17 09:46:08,AXP,104.05,4,ASK
2018-12-17 09:46:08,AXP,103.98,3,BID
2018-12-17 09:46:08,AXP,104.05,4,ASK
2018-12-17 09:46:08,AXP,103.98,3,BID
2018-12-17 09:46:08,AXP,104.05,4,ASK
2018-12-17 09:46:08,AXP,103.98,3,BID
2018-12-17 09:45:59,AXP,104.05,4,ASK
2018-12-17 09:46:08,AXP,103.98,3,BID
2018-12-17 09:45:59,AXP,104.05,4,ASK
2018-12-17 09:46:08,AXP,103.98,3,BID
2018-12-17 09:45:59,AXP,104.05,4,ASK
2018-12-17 09:46:08,AXP,103.98,3,BID
2018-12-17 09:45:59,AXP,104.05,4,ASK
2018-12-17 09:46:08,AXP,103.98,3,BID
2018-12-17 09:45:59,AXP,104.05,4,ASK
2018-12-17 09:46:08,AXP,103.98,3,BID
2018-12-17 09:45:59,AXP,104.05,4,ASK
2018-12-17 09:46:19,AXP,103.99,5,BID
2018-12-17 09:46:19,AXP,104.1,3,ASK
2018-12-17 09:46:20,AXP,103.99,5,BID
2018-12-17 09:46:19,AXP,104.1,4,ASK
2018-12-17 09:46:21,AXP,104.07,2,BID
2018-12-17 09:46:21,AXP,104.15,3,ASK
2018-12-17 09:46:21,AXP,104.03,10,BID
2018-12-17 09:46:21,AXP,104.15,3,ASK
2018-12-17 09:46:23,AXP,104.04,3,BID
2018-12-17 09:46:23,AXP,104.15,3,ASK
2018-12-17 09:46:23,AXP,104.04,3,BID
2018-12-17 09:46:23,AXP,104.15,3,ASK
2018-12-17 09:46:23,AXP,104.04,3,BID
2018-12-17 09:46:23,AXP,104.15,3,ASK
2018-12-17 09:46:26,AXP,104.05,3,BID
2018-12-17 09:46:26,AXP,104.15,3,ASK
2018-12-17 09:46:26,AXP,104.05,3,BID
2018-12-17 09:46:26,AXP,104.15,3,ASK
2018-12-17 09:46:26,AXP,104.05,3,BID
2018-12-17 09:46:26,AXP,104.15,3,ASK
2018-12-17 09:46:26,AXP,104.05,3,BID
2018-12-17 09:46:26,AXP,104.15,3,ASK
2018-12-17 09:46:30,AXP,104.05,3,BID
2018-12-17 09:46:30,AXP,104.15,3,ASK
2018-12-17 09:46:30,AXP,104.05,3,BID
2018-12-17 09:46:30,AXP,104.15,3,ASK
2018-12-17 09:46:31,AXP,104.06,1,BID
2018-12-17 09:46:31,AXP,104.15,4,ASK
2018-12-17 09:46:32,AXP,104.1,3,BID
2018-12-17 09:46:32,AXP,104.21,1,ASK
2018-12-17 09:46:32,AXP,104.1,3,BID
2018-12-17 09:46:32,AXP,104.2,1,ASK
2018-12-17 09:46:32,AXP,104.1,4,BID
2018-12-17 09:46:33,AXP,104.17,1,ASK
2018-12-17 09:46:35,AXP,104.11,5,BID
2018-12-17 09:46:35,AXP,104.17,2,ASK
2018-12-17 09:46:36,AXP,104.11,5,BID
2018-12-17 09:46:36,AXP,104.17,3,ASK
2018-12-17 09:46:38,AXP,104.11,6,BID
2018-12-17 09:46:38,AXP,104.17,3,ASK
2018-12-17 09:46:39,AXP,104.08,1,BID
2018-12-17 09:46:38,AXP,104.13,2,ASK
2018-12-17 09:46:40,AXP,104.08,1,BID
2018-12-17 09:46:40,AXP,104.11,1,ASK
2018-12-17 09:46:41,AXP,104.03,10,BID
2018-12-17 09:46:41,AXP,104.09,1,ASK
2018-12-17 09:46:41,AXP,104.03,10,BID
2018-12-17 09:46:41,AXP,104.09,1,ASK
2018-12-17 09:46:41,AXP,104.03,10,BID
2018-12-17 09:46:41,AXP,104.09,1,ASK
2018-12-17 09:46:41,AXP,104.03,10,BID
2018-12-17 09:46:41,AXP,104.09,1,ASK
2018-12-17 09:46:45,AXP,104.03,10,BID
2018-12-17 09:46:45,AXP,104.09,1,ASK
2018-12-17 09:46:45,AXP,104.03,10,BID
2018-12-17 09:46:45,AXP,104.09,1,ASK
2018-12-17 09:46:47,AXP,104.03,9,BID
2018-12-17 09:46:47,AXP,104.09,2,ASK
2018-12-17 09:46:47,AXP,104.03,9,BID
2018-12-17 09:46:47,AXP,104.09,2,ASK
2018-12-17 09:46:49,AXP,104.03,9,BID
2018-12-17 09:46:47,AXP,104.09,3,ASK
2018-12-17 09:46:50,AXP,103.98,2,BID
2018-12-17 09:46:50,AXP,104.07,2,ASK
2018-12-17 09:46:51,AXP,103.97,2,BID
2018-12-17 09:46:51,AXP,104.06,2,ASK
2018-12-17 09:46:52,AXP,103.97,2,BID
2018-12-17 09:46:52,AXP,104.05,1,ASK
2018-12-17 09:46:52,AXP,103.97,2,BID
2018-12-17 09:46:52,AXP,104.05,1,ASK
2018-12-17 09:46:52,AXP,103.97,2,BID
2018-12-17 09:46:52,AXP,104.05,1,ASK
2018-12-17 09:46:55,AXP,103.97,2,BID
2018-12-17 09:46:55,AXP,104.05,3,ASK
2018-12-17 09:46:56,AXP,103.98,4,BID
2018-12-17 09:46:56,AXP,104.05,3,ASK
2018-12-17 09:46:57,AXP,103.99,1,BID
2018-12-17 09:46:57,AXP,104.05,3,ASK
2018-12-17 09:46:58,AXP,103.99,6,BID
2018-12-17 09:46:58,AXP,104.05,4,ASK
2018-12-17 09:46:59,AXP,104.03,5,BID
2018-12-17 09:46:59,AXP,104.08,2,ASK
2018-12-17 09:47:00,AXP,104.03,6,BID
2018-12-17 09:47:00,AXP,104.08,2,ASK
2018-12-17 09:47:01,AXP,103.99,6,BID
2018-12-17 09:47:01,AXP,104.08,4,ASK
2018-12-17 09:47:02,AXP,104.0,5,BID
2018-12-17 09:47:02,AXP,104.08,4,ASK
2018-12-17 09:47:03,AXP,104.03,2,BID
2018-12-17 09:47:03,AXP,104.09,3,ASK
2018-12-17 09:47:03,AXP,104.03,2,BID
2018-12-17 09:47:03,AXP,104.09,3,ASK
2018-12-17 09:47:03,AXP,104.03,1,BID
2018-12-17 09:47:03,AXP,104.09,3,ASK
2018-12-17 09:47:05,AXP,104.03,1,BID
2018-12-17 09:47:05,AXP,104.09,4,ASK
2018-12-17 09:47:05,AXP,104.03,1,BID
2018-12-17 09:47:05,AXP,104.09,4,ASK
2018-12-17 09:47:08,AXP,104.03,1,BID
2018-12-17 09:47:05,AXP,104.09,5,ASK
2018-12-17 09:47:09,AXP,104.03,2,BID
2018-12-17 09:47:09,AXP,104.08,1,ASK
2018-12-17 09:47:10,AXP,104.0,5,BID
2018-12-17 09:47:10,AXP,104.06,1,ASK
2018-12-17 09:47:10,AXP,104.0,5,BID
2018-12-17 09:47:10,AXP,104.06,1,ASK
2018-12-17 09:47:12,AXP,104.0,5,BID
2018-12-17 09:47:12,AXP,104.06,2,ASK
2018-12-17 09:47:12,AXP,104.0,5,BID
2018-12-17 09:47:12,AXP,104.06,2,ASK
2018-12-17 09:47:12,AXP,104.0,5,BID
2018-12-17 09:47:12,AXP,104.06,2,ASK
2018-12-17 09:47:12,AXP,104.0,5,BID
2018-12-17 09:47:12,AXP,104.06,2,ASK
2018-12-17 09:47:16,AXP,104.0,6,BID
2018-12-17 09:47:16,AXP,104.06,2,ASK
2018-12-17 09:47:17,AXP,104.05,5,BID
2018-12-17 09:46:47,AXP,104.09,5,ASK
2018-12-17 09:47:18,AXP,104.05,6,BID
2018-12-17 09:46:47,AXP,104.09,5,ASK
2018-12-17 09:47:18,AXP,104.05,6,BID
2018-12-17 09:46:47,AXP,104.09,5,ASK
2018-12-17 09:47:19,AXP,104.05,7,BID
2018-12-17 09:47:20,AXP,104.08,1,ASK
2018-12-17 09:47:19,AXP,104.05,6,BID
2018-12-17 09:46:47,AXP,104.09,5,ASK
2018-12-17 09:47:22,AXP,104.05,6,BID
2018-12-17 09:46:47,AXP,104.09,6,ASK
2018-12-17 09:47:22,AXP,104.05,6,BID
2018-12-17 09:46:47,AXP,104.09,6,ASK
2018-12-17 09:47:22,AXP,104.05,6,BID
2018-12-17 09:46:47,AXP,104.09,6,ASK
2018-12-17 09:47:22,AXP,104.05,6,BID
2018-12-17 09:46:47,AXP,104.09,6,ASK
2018-12-17 09:47:22,AXP,104.05,7,BID
2018-12-17 09:46:47,AXP,104.09,6,ASK
2018-12-17 09:47:27,AXP,104.02,7,BID
2018-12-17 09:47:27,AXP,104.07,2,ASK
2018-12-17 09:47:27,AXP,104.02,7,BID
2018-12-17 09:47:28,AXP,104.06,1,ASK
2018-12-17 09:47:27,AXP,104.02,7,BID
2018-12-17 09:47:29,AXP,104.07,4,ASK
2018-12-17 09:47:30,AXP,104.02,6,BID
2018-12-17 09:47:29,AXP,104.07,4,ASK
2018-12-17 09:47:30,AXP,104.02,6,BID
2018-12-17 09:47:29,AXP,104.07,4,ASK
2018-12-17 09:47:30,AXP,104.02,6,BID
2018-12-17 09:47:29,AXP,104.07,4,ASK
2018-12-17 09:47:33,AXP,104.0,11,BID
2018-12-17 09:47:29,AXP,104.07,5,ASK
2018-12-17 09:47:34,AXP,104.0,11,BID
2018-12-17 09:47:29,AXP,104.07,5,ASK
2018-12-17 09:47:34,AXP,104.0,11,BID
2018-12-17 09:47:29,AXP,104.07,5,ASK
2018-12-17 09:47:34,AXP,104.0,11,BID
2018-12-17 09:47:29,AXP,104.07,5,ASK
2018-12-17 09:47:34,AXP,104.0,11,BID
2018-12-17 09:47:29,AXP,104.07,5,ASK
2018-12-17 09:47:34,AXP,104.0,11,BID
2018-12-17 09:47:29,AXP,104.07,5,ASK
2018-12-17 09:47:34,AXP,104.0,11,BID
2018-12-17 09:47:39,AXP,104.06,1,ASK
2018-12-17 09:47:34,AXP,104.0,11,BID
2018-12-17 09:47:39,AXP,104.06,1,ASK
2018-12-17 09:47:34,AXP,104.0,11,BID
2018-12-17 09:47:41,AXP,104.06,2,ASK
2018-12-17 09:47:34,AXP,104.0,11,BID
2018-12-17 09:47:42,AXP,104.06,4,ASK
2018-12-17 09:47:34,AXP,104.0,11,BID
2018-12-17 09:47:42,AXP,104.06,4,ASK
2018-12-17 09:47:34,AXP,104.0,11,BID
2018-12-17 09:47:42,AXP,104.06,4,ASK
2018-12-17 09:47:34,AXP,104.0,12,BID
2018-12-17 09:47:42,AXP,104.06,4,ASK
2018-12-17 09:47:34,AXP,104.0,12,BID
2018-12-17 09:47:42,AXP,104.06,4,ASK
2018-12-17 09:47:34,AXP,104.0,12,BID
2018-12-17 09:47:42,AXP,104.06,5,ASK
2018-12-17 09:47:34,AXP,104.0,12,BID
2018-12-17 09:47:42,AXP,104.06,5,ASK
2018-12-17 09:47:34,AXP,104.0,12,BID
2018-12-17 09:47:42,AXP,104.06,5,ASK
2018-12-17 09:47:34,AXP,104.0,12,BID
2018-12-17 09:47:42,AXP,104.06,5,ASK
2018-12-17 09:47:34,AXP,104.0,12,BID
2018-12-17 09:47:42,AXP,104.06,5,ASK
2018-12-17 09:47:34,AXP,104.0,12,BID
2018-12-17 09:47:42,AXP,104.06,5,ASK
2018-12-17 09:47:34,AXP,104.0,13,BID
2018-12-17 09:47:42,AXP,104.06,5,ASK
2018-12-17 09:47:34,AXP,104.0,13,BID
2018-12-17 09:47:42,AXP,104.06,5,ASK
2018-12-17 09:47:34,AXP,104.0,13,BID
2018-12-17 09:47:42,AXP,104.06,5,ASK
2018-12-17 09:47:34,AXP,104.0,13,BID
2018-12-17 09:47:42,AXP,104.06,5,ASK
2018-12-17 09:47:34,AXP,104.0,13,BID
2018-12-17 09:47:42,AXP,104.06,5,ASK
2018-12-17 09:47:58,AXP,104.02,1,BID
2018-12-17 09:47:29,AXP,104.07,5,ASK
2018-12-17 09:47:59,AXP,104.02,3,BID
2018-12-17 09:47:59,AXP,104.07,3,ASK
2018-12-17 09:48:00,AXP,104.02,4,BID
2018-12-17 09:47:59,AXP,104.07,4,ASK
2018-12-17 09:47:34,AXP,104.0,13,BID
2018-12-17 09:48:02,AXP,104.06,3,ASK
2018-12-17 09:47:34,AXP,104.0,13,BID
2018-12-17 09:48:02,AXP,104.06,3,ASK
2018-12-17 09:47:34,AXP,104.0,13,BID
2018-12-17 09:48:03,AXP,104.06,5,ASK
2018-12-17 09:47:34,AXP,104.0,11,BID
2018-12-17 09:48:04,AXP,104.05,1,ASK
2018-12-17 09:47:34,AXP,104.0,11,BID
2018-12-17 09:48:06,AXP,104.05,4,ASK
2018-12-17 09:47:34,AXP,104.0,12,BID
2018-12-17 09:48:06,AXP,104.05,4,ASK
2018-12-17 09:47:34,AXP,104.0,12,BID
2018-12-17 09:48:06,AXP,104.05,4,ASK
2018-12-17 09:47:34,AXP,104.0,12,BID
2018-12-17 09:48:06,AXP,104.05,4,ASK
2018-12-17 09:47:34,AXP,104.0,12,BID
2018-12-17 09:48:06,AXP,104.05,4,ASK
2018-12-17 09:47:34,AXP,104.0,12,BID
2018-12-17 09:48:10,AXP,104.04,1,ASK
2018-12-17 09:47:34,AXP,104.0,12,BID
2018-12-17 09:48:11,AXP,104.04,3,ASK
2018-12-17 09:47:34,AXP,104.0,12,BID
2018-12-17 09:48:11,AXP,104.04,3,ASK
2018-12-17 09:48:04,AXP,104.0,12,BID
2018-12-17 09:48:13,AXP,104.04,4,ASK
2018-12-17 09:48:14,AXP,103.94,7,BID
2018-12-17 09:48:15,AXP,103.99,2,ASK
2018-12-17 09:48:14,AXP,103.94,7,BID
2018-12-17 09:48:15,AXP,103.99,2,ASK
2018-12-17 09:48:14,AXP,103.94,7,BID
2018-12-17 09:48:15,AXP,103.99,2,ASK
2018-12-17 09:48:14,AXP,103.94,7,BID
2018-12-17 09:48:17,AXP,103.99,4,ASK
2018-12-17 09:48:14,AXP,103.94,7,BID
2018-12-17 09:48:17,AXP,103.99,4,ASK
2018-12-17 09:48:14,AXP,103.94,7,BID
2018-12-17 09:48:17,AXP,103.99,4,ASK
2018-12-17 09:48:14,AXP,103.94,7,BID
2018-12-17 09:48:17,AXP,103.99,4,ASK
2018-12-17 09:48:14,AXP,103.94,6,BID
2018-12-17 09:48:17,AXP,103.99,4,ASK
2018-12-17 09:48:14,AXP,103.94,6,BID
2018-12-17 09:48:17,AXP,103.99,4,ASK
2018-12-17 09:48:14,AXP,103.94,6,BID
2018-12-17 09:48:17,AXP,103.99,4,ASK
2018-12-17 09:48:14,AXP,103.94,6,BID
2018-12-17 09:48:24,AXP,103.99,6,ASK
2018-12-17 09:48:14,AXP,103.94,6,BID
2018-12-17 09:48:26,AXP,103.99,8,ASK
2018-12-17 09:48:26,AXP,103.94,6,BID
2018-12-17 09:48:27,AXP,103.98,3,ASK
2018-12-17 09:48:28,AXP,103.88,3,BID
2018-12-17 09:48:28,AXP,103.96,2,ASK
2018-12-17 09:48:29,AXP,103.88,2,BID
2018-12-17 09:48:29,AXP,103.95,2,ASK
2018-12-17 09:48:30,AXP,103.87,3,BID
2018-12-17 09:48:30,AXP,103.95,2,ASK
2018-12-17 09:48:30,AXP,103.87,4,BID
2018-12-17 09:48:30,AXP,103.95,2,ASK
2018-12-17 09:48:32,AXP,103.87,4,BID
2018-12-17 09:48:32,AXP,103.94,2,ASK
2018-12-17 09:48:32,AXP,103.87,3,BID
2018-12-17 09:48:32,AXP,103.94,3,ASK
2018-12-17 09:48:32,AXP,103.87,3,BID
2018-12-17 09:48:32,AXP,103.94,3,ASK
2018-12-17 09:48:35,AXP,103.87,4,BID
2018-12-17 09:48:35,AXP,103.94,3,ASK
2018-12-17 09:48:35,AXP,103.87,4,BID
2018-12-17 09:48:35,AXP,103.94,3,ASK
2018-12-17 09:48:37,AXP,103.87,4,BID
2018-12-17 09:48:37,AXP,103.93,2,ASK
2018-12-17 09:48:37,AXP,103.87,4,BID
2018-12-17 09:48:37,AXP,103.93,2,ASK
2018-12-17 09:48:38,AXP,103.92,3,BID
2018-12-17 09:48:38,AXP,103.96,4,ASK
2018-12-17 09:48:38,AXP,103.92,3,BID
2018-12-17 09:48:38,AXP,103.96,4,ASK
2018-12-17 09:48:38,AXP,103.92,3,BID
2018-12-17 09:48:38,AXP,103.96,4,ASK
2018-12-17 09:48:38,AXP,103.92,2,BID
2018-12-17 09:48:38,AXP,103.96,4,ASK
2018-12-17 09:48:38,AXP,103.92,2,BID
2018-12-17 09:48:38,AXP,103.96,4,ASK
2018-12-17 09:48:44,AXP,103.94,2,BID
2018-12-17 09:48:44,AXP,104.0,1,ASK
2018-12-17 09:48:44,AXP,103.94,2,BID
2018-12-17 09:48:44,AXP,104.0,2,ASK
2018-12-17 09:48:44,AXP,103.94,2,BID
2018-12-17 09:48:44,AXP,104.0,2,ASK
2018-12-17 09:48:44,AXP,103.94,2,BID
2018-12-17 09:48:44,AXP,104.0,2,ASK
2018-12-17 09:48:44,AXP,103.94,2,BID
2018-12-17 09:48:44,AXP,104.0,2,ASK
2018-12-17 09:48:44,AXP,103.94,2,BID
2018-12-17 09:48:44,AXP,104.0,2,ASK
2018-12-17 09:48:44,AXP,103.94,2,BID
2018-12-17 09:48:44,AXP,104.0,2,ASK
2018-12-17 09:48:44,AXP,103.94,2,BID
2018-12-17 09:48:50,AXP,104.0,3,ASK
2018-12-17 09:48:51,AXP,103.92,4,BID
2018-12-17 09:48:51,AXP,103.97,2,ASK
2018-12-17 09:48:53,AXP,103.92,1,BID
2018-12-17 09:48:53,AXP,103.98,1,ASK
2018-12-17 09:48:53,AXP,103.92,1,BID
2018-12-17 09:48:53,AXP,103.98,1,ASK
2018-12-17 09:48:55,AXP,103.92,1,BID
2018-12-17 09:48:55,AXP,103.98,3,ASK
2018-12-17 09:48:56,AXP,103.92,1,BID
2018-12-17 09:48:56,AXP,103.97,3,ASK
2018-12-17 09:48:57,AXP,103.92,2,BID
2018-12-17 09:48:56,AXP,103.96,5,ASK
2018-12-17 09:48:57,AXP,103.88,4,BID
2018-12-17 09:48:58,AXP,103.95,4,ASK
2018-12-17 09:48:58,AXP,103.88,5,BID
2018-12-17 09:48:58,AXP,103.95,4,ASK
2018-12-17 09:49:00,AXP,103.88,5,BID
2018-12-17 09:49:00,AXP,103.93,1,ASK
2018-12-17 09:49:00,AXP,103.88,5,BID
2018-12-17 09:49:00,AXP,103.93,1,ASK
2018-12-17 09:49:01,AXP,103.88,5,BID
2018-12-17 09:49:01,AXP,103.94,3,ASK
2018-12-17 09:49:01,AXP,103.88,5,BID
2018-12-17 09:49:01,AXP,103.94,3,ASK
2018-12-17 09:49:01,AXP,103.88,5,BID
2018-12-17 09:49:01,AXP,103.94,3,ASK
2018-12-17 09:49:03,AXP,103.89,1,BID
2018-12-17 09:49:03,AXP,103.94,3,ASK
2018-12-17 09:49:04,AXP,103.89,3,BID
2018-12-17 09:48:58,AXP,103.95,5,ASK
2018-12-17 09:49:04,AXP,103.89,3,BID
2018-12-17 09:48:58,AXP,103.95,4,ASK
2018-12-17 09:49:05,AXP,103.95,2,BID
2018-12-17 09:49:05,AXP,103.99,1,ASK
2018-12-17 09:49:06,AXP,103.95,2,BID
2018-12-17 09:49:06,AXP,103.99,2,ASK
2018-12-17 09:49:08,AXP,103.95,3,BID
2018-12-17 09:49:08,AXP,103.99,2,ASK
2018-12-17 09:49:08,AXP,103.95,3,BID
2018-12-17 09:49:08,AXP,103.99,2,ASK
2018-12-17 09:49:10,AXP,103.88,4,BID
2018-12-17 09:49:09,AXP,103.97,3,ASK
2018-12-17 09:49:09,AXP,103.88,4,BID
2018-12-17 09:49:10,AXP,103.97,3,ASK
2018-12-17 09:49:09,AXP,103.88,4,BID
2018-12-17 09:49:12,AXP,103.97,5,ASK
2018-12-17 09:49:09,AXP,103.88,4,BID
2018-12-17 09:49:12,AXP,103.97,5,ASK
2018-12-17 09:49:15,AXP,103.86,4,BID
2018-12-17 09:49:15,AXP,103.92,1,ASK
2018-12-17 09:49:16,AXP,103.86,4,BID
2018-12-17 09:49:16,AXP,103.92,1,ASK
2018-12-17 09:49:16,AXP,103.86,4,BID
2018-12-17 09:49:16,AXP,103.92,1,ASK
2018-12-17 09:49:16,AXP,103.86,4,BID
2018-12-17 09:49:16,AXP,103.92,1,ASK
2018-12-17 09:49:19,AXP,103.86,4,BID
2018-12-17 09:49:19,AXP,103.92,1,ASK
2018-12-17 09:49:19,AXP,103.86,4,BID
2018-12-17 09:49:19,AXP,103.92,1,ASK
2018-12-17 09:49:19,AXP,103.86,4,BID
2018-12-17 09:49:19,AXP,103.92,1,ASK
2018-12-17 09:49:21,AXP,103.86,4,BID
2018-12-17 09:49:21,AXP,103.92,2,ASK
2018-12-17 09:49:22,AXP,103.81,4,BID
2018-12-17 09:49:22,AXP,103.88,4,ASK
2018-12-17 09:49:22,AXP,103.81,3,BID
2018-12-17 09:49:22,AXP,103.88,6,ASK
2018-12-17 09:49:22,AXP,103.81,3,BID
2018-12-17 09:49:22,AXP,103.88,6,ASK
2018-12-17 09:49:23,AXP,103.81,2,BID
2018-12-17 09:49:22,AXP,103.88,6,ASK
2018-12-17 09:49:25,AXP,103.81,2,BID
2018-12-17 09:49:24,AXP,103.88,8,ASK
2018-12-17 09:49:25,AXP,103.81,2,BID
2018-12-17 09:49:24,AXP,103.88,8,ASK
2018-12-17 09:49:26,AXP,103.85,4,BID
2018-12-17 09:49:26,AXP,103.91,1,ASK
2018-12-17 09:49:27,AXP,103.82,2,BID
2018-12-17 09:49:27,AXP,103.91,2,ASK
2018-12-17 09:49:27,AXP,103.86,1,BID
2018-12-17 09:49:27,AXP,103.94,4,ASK
2018-12-17 09:49:27,AXP,103.83,2,BID
2018-12-17 09:49:27,AXP,103.9,1,ASK
2018-12-17 09:49:28,AXP,103.84,1,BID
2018-12-17 09:49:28,AXP,103.9,2,ASK
2018-12-17 09:49:28,AXP,103.84,1,BID
2018-12-17 09:49:28,AXP,103.9,2,ASK
2018-12-17 09:49:28,AXP,103.84,1,BID
2018-12-17 09:49:28,AXP,103.9,2,ASK
2018-12-17 09:49:29,AXP,103.84,1,BID
2018-12-17 09:49:28,AXP,103.9,3,ASK
2018-12-17 09:49:30,AXP,103.84,1,BID
2018-12-17 09:49:28,AXP,103.9,3,ASK
2018-12-17 09:49:32,AXP,103.84,1,BID
2018-12-17 09:49:32,AXP,103.89,2,ASK
2018-12-17 09:49:32,AXP,103.84,1,BID
2018-12-17 09:49:32,AXP,103.89,3,ASK
2018-12-17 09:49:33,AXP,103.87,1,BID
2018-12-17 09:49:28,AXP,103.9,2,ASK
2018-12-17 09:49:33,AXP,103.87,1,BID
2018-12-17 09:49:28,AXP,103.9,2,ASK
2018-12-17 09:49:36,AXP,103.89,3,BID
2018-12-17 09:49:36,AXP,103.94,5,ASK
2018-12-17 09:49:36,AXP,103.89,3,BID
2018-12-17 09:49:36,AXP,103.94,5,ASK
2018-12-17 09:49:36,AXP,103.89,3,BID
2018-12-17 09:49:36,AXP,103.94,5,ASK
2018-12-17 09:49:41,AXP,103.89,5,BID
2018-12-17 09:49:41,AXP,103.98,2,ASK
2018-12-17 09:49:41,AXP,103.89,5,BID
2018-12-17 09:49:41,AXP,103.98,2,ASK
2018-12-17 09:49:44,AXP,103.91,2,BID
2018-12-17 09:49:44,AXP,103.97,5,ASK
2018-12-17 09:49:45,AXP,103.91,5,BID
2018-12-17 09:49:45,AXP,103.97,4,ASK
2018-12-17 09:49:48,AXP,103.93,5,BID
2018-12-17 09:49:48,AXP,103.98,1,ASK
2018-12-17 09:49:50,AXP,103.93,5,BID
2018-12-17 09:49:49,AXP,103.99,3,ASK
2018-12-17 09:49:50,AXP,103.93,5,BID
2018-12-17 09:49:49,AXP,103.99,3,ASK
2018-12-17 09:49:52,AXP,103.96,2,BID
2018-12-17 09:49:51,AXP,104.0,5,ASK
2018-12-17 09:49:53,AXP,103.92,4,BID
2018-12-17 09:49:54,AXP,104.0,6,ASK
2018-12-17 09:49:55,AXP,103.93,1,BID
2018-12-17 09:49:55,AXP,104.0,5,ASK
2018-12-17 09:49:55,AXP,103.93,1,BID
2018-12-17 09:49:55,AXP,104.0,5,ASK
2018-12-17 09:49:56,AXP,103.93,3,BID
2018-12-17 09:49:56,AXP,104.0,5,ASK
2018-12-17 09:49:58,AXP,103.93,3,BID
2018-12-17 09:49:58,AXP,104.0,5,ASK
2018-12-17 09:49:58,AXP,103.93,3,BID
2018-12-17 09:49:58,AXP,104.0,7,ASK
2018-12-17 09:49:58,AXP,103.93,3,BID
2018-12-17 09:49:58,AXP,104.0,7,ASK
2018-12-17 09:50:00,AXP,103.91,6,BID
2018-12-17 09:50:00,AXP,103.98,1,ASK
2018-12-17 09:50:00,AXP,103.91,6,BID
2018-12-17 09:50:00,AXP,103.98,1,ASK
2018-12-17 09:50:02,AXP,103.91,5,BID
2018-12-17 09:50:02,AXP,103.98,3,ASK
2018-12-17 09:50:04,AXP,103.93,3,BID
2018-12-17 09:50:04,AXP,103.99,5,ASK
2018-12-17 09:50:05,AXP,103.93,3,BID
2018-12-17 09:50:05,AXP,103.98,1,ASK
2018-12-17 09:50:05,AXP,103.93,3,BID
2018-12-17 09:50:05,AXP,103.98,1,ASK
2018-12-17 09:50:06,AXP,103.93,3,BID
2018-12-17 09:50:06,AXP,103.98,1,ASK
2018-12-17 09:50:06,AXP,103.93,3,BID
2018-12-17 09:50:06,AXP,103.98,1,ASK
2018-12-17 09:50:09,AXP,103.93,3,BID
2018-12-17 09:50:09,AXP,103.97,1,ASK
2018-12-17 09:50:10,AXP,103.93,3,BID
2018-12-17 09:50:10,AXP,103.98,5,ASK
2018-12-17 09:50:10,AXP,103.93,3,BID
2018-12-17 09:50:10,AXP,103.98,5,ASK
2018-12-17 09:50:10,AXP,103.93,3,BID
2018-12-17 09:50:10,AXP,103.98,5,ASK
2018-12-17 09:50:10,AXP,103.93,3,BID
2018-12-17 09:50:09,AXP,103.98,5,ASK
2018-12-17 09:50:14,AXP,103.96,3,BID
2018-12-17 09:49:05,AXP,104.0,6,ASK
2018-12-17 09:50:15,AXP,103.96,5,BID
2018-12-17 09:49:05,AXP,104.0,6,ASK
2018-12-17 09:50:15,AXP,103.96,5,BID
2018-12-17 09:49:05,AXP,104.0,6,ASK
2018-12-17 09:50:15,AXP,103.96,5,BID
2018-12-17 09:49:05,AXP,104.0,6,ASK
2018-12-17 09:50:15,AXP,103.96,5,BID
2018-12-17 09:49:05,AXP,104.0,6,ASK
2018-12-17 09:50:19,AXP,103.91,7,BID
2018-12-17 09:50:19,AXP,103.95,1,ASK
2018-12-17 09:50:20,AXP,103.91,7,BID
2018-12-17 09:50:20,AXP,103.95,3,ASK
2018-12-17 09:50:20,AXP,103.91,7,BID
2018-12-17 09:50:20,AXP,103.95,3,ASK
2018-12-17 09:50:21,AXP,103.91,7,BID
2018-12-17 09:50:21,AXP,103.95,2,ASK
2018-12-17 09:50:21,AXP,103.91,7,BID
2018-12-17 09:50:21,AXP,103.95,2,ASK
2018-12-17 09:50:21,AXP,103.91,7,BID
2018-12-17 09:50:21,AXP,103.95,2,ASK
2018-12-17 09:50:25,AXP,103.91,7,BID
2018-12-17 09:50:25,AXP,103.95,3,ASK
2018-12-17 09:50:26,AXP,103.91,9,BID
2018-12-17 09:50:26,AXP,103.95,3,ASK
2018-12-17 09:50:27,AXP,103.91,9,BID
2018-12-17 09:50:26,AXP,103.95,4,ASK
2018-12-17 09:50:27,AXP,103.91,9,BID
2018-12-17 09:50:26,AXP,103.95,4,ASK
2018-12-17 09:50:29,AXP,103.91,9,BID
2018-12-17 09:50:26,AXP,103.95,4,ASK
2018-12-17 09:50:30,AXP,103.91,9,BID
2018-12-17 09:50:26,AXP,103.95,4,ASK
2018-12-17 09:50:30,AXP,103.91,9,BID
2018-12-17 09:50:26,AXP,103.95,4,ASK
2018-12-17 09:50:30,AXP,103.91,9,BID
2018-12-17 09:50:26,AXP,103.95,4,ASK
2018-12-17 09:50:33,AXP,103.91,9,BID
2018-12-17 09:50:33,AXP,103.99,1,ASK
2018-12-17 09:50:33,AXP,103.91,7,BID
2018-12-17 09:49:05,AXP,104.0,7,ASK
2018-12-17 09:50:35,AXP,103.91,8,BID
2018-12-17 09:49:05,AXP,104.0,7,ASK
2018-12-17 09:50:35,AXP,103.91,8,BID
2018-12-17 09:49:05,AXP,104.0,7,ASK
2018-12-17 09:50:35,AXP,103.91,8,BID
2018-12-17 09:49:05,AXP,104.0,7,ASK
2018-12-17 09:50:35,AXP,103.91,8,BID
2018-12-17 09:49:05,AXP,104.0,7,ASK
2018-12-17 09:50:35,AXP,103.91,8,BID
2018-12-17 09:49:05,AXP,104.0,7,ASK
2018-12-17 09:50:40,AXP,103.91,8,BID
2018-12-17 09:49:05,AXP,104.0,6,ASK
2018-12-17 09:50:40,AXP,103.91,8,BID
2018-12-17 09:50:41,AXP,103.99,1,ASK
2018-12-17 09:50:42,AXP,103.91,7,BID
2018-12-17 09:50:41,AXP,104.0,7,ASK
2018-12-17 09:50:42,AXP,103.91,6,BID
2018-12-17 09:50:41,AXP,104.0,8,ASK
2018-12-17 09:50:42,AXP,103.91,6,BID
2018-12-17 09:50:41,AXP,104.0,8,ASK
2018-12-17 09:50:42,AXP,103.91,6,BID
2018-12-17 09:50:45,AXP,103.99,1,ASK
2018-12-17 09:50:46,AXP,103.91,7,BID
2018-12-17 09:50:46,AXP,103.98,3,ASK
2018-12-17 09:50:46,AXP,103.91,8,BID
2018-12-17 09:50:46,AXP,103.98,3,ASK
2018-12-17 09:50:48,AXP,103.94,1,BID
2018-12-17 09:50:48,AXP,103.99,1,ASK
2018-12-17 09:50:48,AXP,103.94,1,BID
2018-12-17 09:50:48,AXP,103.99,1,ASK
2018-12-17 09:50:48,AXP,103.94,1,BID
2018-12-17 09:50:48,AXP,103.99,1,ASK
2018-12-17 09:50:50,AXP,103.94,1,BID
2018-12-17 09:50:50,AXP,103.99,3,ASK
2018-12-17 09:50:50,AXP,103.94,1,BID
2018-12-17 09:50:50,AXP,103.99,3,ASK
2018-12-17 09:50:50,AXP,103.94,1,BID
2018-12-17 09:50:50,AXP,103.99,3,ASK
2018-12-17 09:50:54,AXP,103.94,1,BID
2018-12-17 09:50:50,AXP,103.99,4,ASK
2018-12-17 09:50:54,AXP,103.94,1,BID
2018-12-17 09:50:50,AXP,103.99,4,ASK
2018-12-17 09:50:54,AXP,103.94,1,BID
2018-12-17 09:50:50,AXP,103.99,4,ASK
2018-12-17 09:50:54,AXP,103.94,1,BID
2018-12-17 09:50:50,AXP,103.99,4,ASK
2018-12-17 09:50:54,AXP,103.94,1,BID
2018-12-17 09:50:50,AXP,103.99,4,ASK
2018-12-17 09:50:54,AXP,103.94,1,BID
2018-12-17 09:50:50,AXP,103.99,4,ASK
2018-12-17 09:51:00,AXP,103.94,4,BID
2018-12-17 09:50:48,AXP,104.0,9,ASK
2018-12-17 09:51:00,AXP,103.94,4,BID
2018-12-17 09:51:00,AXP,104.0,9,ASK
2018-12-17 09:51:02,AXP,103.94,4,BID
2018-12-17 09:51:02,AXP,103.99,1,ASK
2018-12-17 09:51:03,AXP,103.94,5,BID
2018-12-17 09:51:03,AXP,103.99,2,ASK
2018-12-17 09:51:03,AXP,103.94,6,BID
2018-12-17 09:51:04,AXP,103.99,2,ASK
2018-12-17 09:51:05,AXP,103.91,7,BID
2018-12-17 09:51:05,AXP,103.97,1,ASK
2018-12-17 09:51:06,AXP,103.91,9,BID
2018-12-17 09:51:06,AXP,103.97,2,ASK
2018-12-17 09:51:06,AXP,103.91,9,BID
2018-12-17 09:51:06,AXP,103.97,2,ASK
2018-12-17 09:51:08,AXP,103.82,6,BID
2018-12-17 09:51:08,AXP,103.9,3,ASK
2018-12-17 09:51:08,AXP,103.82,6,BID
2018-12-17 09:51:08,AXP,103.9,3,ASK
2018-12-17 09:51:08,AXP,103.82,6,BID
2018-12-17 09:51:08,AXP,103.9,3,ASK
2018-12-17 09:51:08,AXP,103.82,6,BID
2018-12-17 09:51:08,AXP,103.9,3,ASK
2018-12-17 09:51:08,AXP,103.82,6,BID
2018-12-17 09:51:08,AXP,103.9,3,ASK
2018-12-17 09:51:13,AXP,103.82,6,BID
2018-12-17 09:51:13,AXP,103.86,1,ASK
2018-12-17 09:51:13,AXP,103.82,7,BID
2018-12-17 09:51:14,AXP,103.86,2,ASK
2018-12-17 09:51:13,AXP,103.82,7,BID
2018-12-17 09:51:14,AXP,103.86,2,ASK
2018-12-17 09:51:15,AXP,103.75,1,BID
2018-12-17 09:51:15,AXP,103.82,3,ASK
2018-12-17 09:51:16,AXP,103.76,3,BID
2018-12-17 09:51:16,AXP,103.85,4,ASK
2018-12-17 09:51:16,AXP,103.76,3,BID
2018-12-17 09:51:16,AXP,103.85,4,ASK
2018-12-17 09:51:16,AXP,103.76,3,BID
2018-12-17 09:51:16,AXP,103.85,4,ASK
2018-12-17 09:51:16,AXP,103.76,3,BID
2018-12-17 09:51:16,AXP,103.85,4,ASK
2018-12-17 09:51:16,AXP,103.76,3,BID
2018-12-17 09:51:16,AXP,103.85,4,ASK
2018-12-17 09:51:20,AXP,103.76,3,BID
2018-12-17 09:51:21,AXP,103.85,6,ASK
2018-12-17 09:51:20,AXP,103.76,3,BID
2018-12-17 09:51:21,AXP,103.85,6,ASK
2018-12-17 09:51:20,AXP,103.76,3,BID
2018-12-17 09:51:21,AXP,103.85,8,ASK
2018-12-17 09:51:20,AXP,103.76,3,BID
2018-12-17 09:51:21,AXP,103.85,8,ASK
2018-12-17 09:51:20,AXP,103.76,3,BID
2018-12-17 09:51:21,AXP,103.85,9,ASK
2018-12-17 09:51:20,AXP,103.76,3,BID
2018-12-17 09:51:21,AXP,103.85,9,ASK
2018-12-17 09:51:28,AXP,103.79,3,BID
2018-12-17 09:51:28,AXP,103.85,1,ASK
2018-12-17 09:51:28,AXP,103.79,5,BID
2018-12-17 09:51:29,AXP,103.85,2,ASK
2018-12-17 09:51:30,AXP,103.84,2,BID
2018-12-17 09:51:30,AXP,103.87,1,ASK
2018-12-17 09:51:31,AXP,103.85,1,BID
2018-12-17 09:51:31,AXP,103.89,3,ASK
2018-12-17 09:51:31,AXP,103.88,4,BID
2018-12-17 09:51:31,AXP,103.94,4,ASK
2018-12-17 09:51:31,AXP,103.87,8,BID
2018-12-17 09:51:31,AXP,103.93,1,ASK
2018-12-17 09:51:31,AXP,103.87,8,BID
2018-12-17 09:51:31,AXP,103.93,1,ASK
2018-12-17 09:51:31,AXP,103.87,8,BID
2018-12-17 09:51:31,AXP,103.93,1,ASK
2018-12-17 09:51:36,AXP,103.8,2,BID
2018-12-17 09:51:36,AXP,103.88,1,ASK
2018-12-17 09:51:36,AXP,103.8,2,BID
2018-12-17 09:51:36,AXP,103.88,1,ASK
2018-12-17 09:51:36,AXP,103.8,2,BID
2018-12-17 09:51:37,AXP,103.88,1,ASK
2018-12-17 09:51:36,AXP,103.8,2,BID
2018-12-17 09:51:37,AXP,103.88,1,ASK
2018-12-17 09:51:40,AXP,103.81,4,BID
2018-12-17 09:51:40,AXP,103.89,6,ASK
2018-12-17 09:51:41,AXP,103.81,5,BID
2018-12-17 09:51:41,AXP,103.89,5,ASK
2018-12-17 09:51:41,AXP,103.81,5,BID
2018-12-17 09:51:41,AXP,103.89,5,ASK
2018-12-17 09:51:43,AXP,103.87,3,BID
2018-12-17 09:51:43,AXP,103.9,1,ASK
2018-12-17 09:51:43,AXP,103.87,3,BID
2018-12-17 09:51:44,AXP,103.9,2,ASK
2018-12-17 09:51:45,AXP,103.9,2,BID
2018-12-17 09:51:45,AXP,103.94,4,ASK
2018-12-17 09:51:46,AXP,103.9,2,BID
2018-12-17 09:51:45,AXP,103.94,5,ASK
2018-12-17 09:51:47,AXP,103.88,3,BID
2018-12-17 09:51:47,AXP,103.94,6,ASK
2018-12-17 09:51:48,AXP,103.89,1,BID
2018-12-17 09:51:48,AXP,103.93,1,ASK
2018-12-17 09:51:49,AXP,103.93,1,BID
2018-12-17 09:51:49,AXP,103.99,3,ASK
2018-12-17 09:51:49,AXP,103.93,1,BID
2018-12-17 09:51:49,AXP,103.99,3,ASK
2018-12-17 09:51:49,AXP,103.93,1,BID
2018-12-17 09:51:49,AXP,103.99,3,ASK
2018-12-17 09:51:52,AXP,103.87,1,BID
2018-12-17 09:51:52,AXP,103.95,1,ASK
2018-12-17 09:51:53,AXP,103.88,3,BID
2018-12-17 09:51:53,AXP,103.95,1,ASK
2018-12-17 09:51:54,AXP,103.88,5,BID
2018-12-17 09:51:54,AXP,103.94,2,ASK
2018-12-17 09:51:55,AXP,103.89,6,BID
2018-12-17 09:51:55,AXP,103.95,2,ASK
2018-12-17 09:51:55,AXP,103.89,6,BID
2018-12-17 09:51:56,AXP,103.95,2,ASK
2018-12-17 09:51:57,AXP,103.9,4,BID
2018-12-17 09:51:57,AXP,103.96,3,ASK
2018-12-17 09:51:55,AXP,103.89,6,BID
2018-12-17 09:51:58,AXP,103.95,2,ASK
2018-12-17 09:51:59,AXP,103.9,2,BID
2018-12-17 09:51:59,AXP,103.95,2,ASK
2018-12-17 09:52:00,AXP,103.9,3,BID
2018-12-17 09:52:00,AXP,103.95,3,ASK
2018-12-17 09:52:00,AXP,103.9,3,BID
2018-12-17 09:52:00,AXP,103.95,3,ASK
2018-12-17 09:52:00,AXP,103.9,3,BID
2018-12-17 09:52:00,AXP,103.95,3,ASK
2018-12-17 09:52:00,AXP,103.9,3,BID
2018-12-17 09:52:00,AXP,103.95,3,ASK
2018-12-17 09:52:00,AXP,103.9,3,BID
2018-12-17 09:52:00,AXP,103.95,3,ASK
2018-12-17 09:52:00,AXP,103.9,3,BID
2018-12-17 09:52:00,AXP,103.95,3,ASK
2018-12-17 09:52:00,AXP,103.9,3,BID
2018-12-17 09:52:00,AXP,103.95,3,ASK
2018-12-17 09:52:07,AXP,103.91,2,BID
2018-12-17 09:52:07,AXP,103.95,2,ASK
2018-12-17 09:52:07,AXP,103.91,2,BID
2018-12-17 09:52:07,AXP,103.95,2,ASK
2018-12-17 09:52:07,AXP,103.91,2,BID
2018-12-17 09:52:07,AXP,103.95,2,ASK
2018-12-17 09:52:10,AXP,103.91,3,BID
2018-12-17 09:52:10,AXP,103.94,1,ASK
2018-12-17 09:52:10,AXP,103.91,3,BID
2018-12-17 09:52:10,AXP,103.94,1,ASK
2018-12-17 09:52:10,AXP,103.91,3,BID
2018-12-17 09:52:10,AXP,103.94,1,ASK
2018-12-17 09:52:07,AXP,103.91,3,BID
2018-12-17 09:52:10,AXP,103.94,1,ASK
2018-12-17 09:52:14,AXP,103.91,4,BID
2018-12-17 09:52:10,AXP,103.95,2,ASK
2018-12-17 09:52:14,AXP,103.91,4,BID
2018-12-17 09:52:10,AXP,103.95,2,ASK
2018-12-17 09:52:14,AXP,103.91,4,BID
2018-12-17 09:52:10,AXP,103.95,2,ASK
2018-12-17 09:52:14,AXP,103.91,4,BID
2018-12-17 09:52:10,AXP,103.95,2,ASK
2018-12-17 09:52:18,AXP,103.86,5,BID
2018-12-17 09:52:18,AXP,103.9,6,ASK
2018-12-17 09:52:19,AXP,103.86,6,BID
2018-12-17 09:52:19,AXP,103.9,5,ASK
2018-12-17 09:52:19,AXP,103.86,6,BID
2018-12-17 09:52:19,AXP,103.9,5,ASK
2018-12-17 09:52:22,AXP,103.87,5,BID
2018-12-17 09:52:19,AXP,103.9,5,ASK
2018-12-17 09:52:22,AXP,103.87,5,BID
2018-12-17 09:52:19,AXP,103.9,5,ASK
2018-12-17 09:52:24,AXP,103.89,2,BID
2018-12-17 09:52:24,AXP,103.96,1,ASK
2018-12-17 09:52:24,AXP,103.89,2,BID
2018-12-17 09:52:24,AXP,103.95,1,ASK
2018-12-17 09:52:24,AXP,103.89,2,BID
2018-12-17 09:52:26,AXP,103.95,3,ASK
2018-12-17 09:52:24,AXP,103.89,2,BID
2018-12-17 09:52:27,AXP,103.95,3,ASK
2018-12-17 09:52:24,AXP,103.89,2,BID
2018-12-17 09:52:27,AXP,103.95,3,ASK
2018-12-17 09:52:24,AXP,103.89,2,BID
2018-12-17 09:52:27,AXP,103.95,3,ASK
2018-12-17 09:52:29,AXP,103.9,3,BID
2018-12-17 09:52:30,AXP,103.95,3,ASK
2018-12-17 09:52:24,AXP,103.89,2,BID
2018-12-17 09:52:31,AXP,103.92,2,ASK
2018-12-17 09:52:32,AXP,103.89,3,BID
2018-12-17 09:52:32,AXP,103.94,3,ASK
2018-12-17 09:52:33,AXP,103.9,5,BID
2018-12-17 09:52:33,AXP,103.94,3,ASK
2018-12-17 09:52:33,AXP,103.89,5,BID
2018-12-17 09:52:33,AXP,103.94,2,ASK
2018-12-17 09:52:33,AXP,103.89,5,BID
2018-12-17 09:52:34,AXP,103.94,4,ASK
2018-12-17 09:52:35,AXP,103.88,4,BID
2018-12-17 09:52:35,AXP,103.92,3,ASK
2018-12-17 09:52:36,AXP,103.88,4,BID
2018-12-17 09:52:36,AXP,103.92,2,ASK
2018-12-17 09:52:19,AXP,103.86,6,BID
2018-12-17 09:52:38,AXP,103.91,2,ASK
2018-12-17 09:52:19,AXP,103.86,6,BID
2018-12-17 09:52:38,AXP,103.91,2,ASK
2018-12-17 09:52:19,AXP,103.86,6,BID
2018-12-17 09:52:38,AXP,103.91,2,ASK
2018-12-17 09:52:19,AXP,103.86,6,BID
2018-12-17 09:52:40,AXP,103.9,1,ASK
2018-12-17 09:52:19,AXP,103.86,6,BID
2018-12-17 09:52:41,AXP,103.91,2,ASK
2018-12-17 09:52:42,AXP,103.87,2,BID
2018-12-17 09:52:42,AXP,103.91,4,ASK
2018-12-17 09:52:44,AXP,103.87,3,BID
2018-12-17 09:52:44,AXP,103.91,4,ASK
2018-12-17 09:52:44,AXP,103.91,1,BID
2018-12-17 09:52:44,AXP,103.95,5,ASK
2018-12-17 09:52:44,AXP,103.91,1,BID
2018-12-17 09:52:44,AXP,103.95,5,ASK
2018-12-17 09:52:46,AXP,103.91,1,BID
2018-12-17 09:52:44,AXP,103.95,5,ASK
2018-12-17 09:52:46,AXP,103.91,1,BID
2018-12-17 09:52:44,AXP,103.95,5,ASK
2018-12-17 09:52:46,AXP,103.91,1,BID
2018-12-17 09:52:44,AXP,103.95,5,ASK
2018-12-17 09:52:46,AXP,103.91,1,BID
2018-12-17 09:52:44,AXP,103.95,5,ASK
2018-12-17 09:52:51,AXP,103.91,2,BID
2018-12-17 09:52:44,AXP,103.95,5,ASK
2018-12-17 09:52:51,AXP,103.92,2,BID
2018-12-17 09:52:44,AXP,103.95,5,ASK
2018-12-17 09:52:52,AXP,103.92,3,BID
2018-12-17 09:52:52,AXP,103.97,4,ASK
2018-12-17 09:52:52,AXP,103.92,3,BID
2018-12-17 09:52:52,AXP,103.97,4,ASK
2018-12-17 09:52:52,AXP,103.92,3,BID
2018-12-17 09:52:52,AXP,103.97,4,ASK
2018-12-17 09:52:56,AXP,103.87,6,BID
2018-12-17 09:52:56,AXP,103.92,1,ASK
2018-12-17 09:52:56,AXP,103.86,6,BID
2018-12-17 09:52:56,AXP,103.95,3,ASK
2018-12-17 09:52:57,AXP,103.87,3,BID
2018-12-17 09:52:57,AXP,103.95,4,ASK
2018-12-17 09:52:58,AXP,103.89,2,BID
2018-12-17 09:52:58,AXP,103.95,5,ASK
2018-12-17 09:53:00,AXP,103.88,3,BID
2018-12-17 09:52:58,AXP,103.95,5,ASK
2018-12-17 09:53:01,AXP,103.9,4,BID
2018-12-17 09:53:00,AXP,103.97,6,ASK
2018-12-17 09:53:02,AXP,103.9,5,BID
2018-12-17 09:53:00,AXP,103.97,6,ASK
2018-12-17 09:53:02,AXP,103.9,5,BID
2018-12-17 09:53:00,AXP,103.97,6,ASK
2018-12-17 09:53:02,AXP,103.9,5,BID
2018-12-17 09:53:00,AXP,103.97,6,ASK
2018-12-17 09:53:02,AXP,103.9,5,BID
2018-12-17 09:53:00,AXP,103.97,6,ASK
2018-12-17 09:53:02,AXP,103.9,5,BID
2018-12-17 09:53:00,AXP,103.97,6,ASK
2018-12-17 09:53:02,AXP,103.9,5,BID
2018-12-17 09:53:00,AXP,103.97,6,ASK
2018-12-17 09:53:08,AXP,103.88,5,BID
2018-12-17 09:53:08,AXP,103.89,1,ASK
2018-12-17 09:53:08,AXP,103.81,4,BID
2018-12-17 09:53:08,AXP,103.87,2,ASK
2018-12-17 09:53:09,AXP,103.81,4,BID
2018-12-17 09:53:09,AXP,103.87,4,ASK
2018-12-17 09:53:10,AXP,103.81,5,BID
2018-12-17 09:53:10,AXP,103.87,4,ASK
2018-12-17 09:53:12,AXP,103.81,4,BID
2018-12-17 09:53:11,AXP,103.87,3,ASK
2018-12-17 09:53:12,AXP,103.81,5,BID
2018-12-17 09:53:12,AXP,103.87,2,ASK
2018-12-17 09:53:14,AXP,103.87,2,BID
2018-12-17 09:53:14,AXP,103.92,1,ASK
2018-12-17 09:53:14,AXP,103.87,2,BID
2018-12-17 09:53:14,AXP,103.92,1,ASK
2018-12-17 09:53:16,AXP,103.87,1,BID
2018-12-17 09:53:15,AXP,103.92,2,ASK
2018-12-17 09:53:16,AXP,103.87,1,BID
2018-12-17 09:53:15,AXP,103.92,2,ASK
2018-12-17 09:53:17,AXP,103.87,1,BID
2018-12-17 09:53:15,AXP,103.92,3,ASK
2018-12-17 09:53:18,AXP,103.95,1,BID
2018-12-17 09:53:18,AXP,103.96,1,ASK
2018-12-17 09:53:18,AXP,103.95,2,BID
2018-12-17 09:53:18,AXP,104.0,10,ASK
2018-12-17 09:53:18,AXP,103.95,3,BID
2018-12-17 09:53:18,AXP,104.0,10,ASK
2018-12-17 09:53:19,AXP,103.95,5,BID
2018-12-17 09:53:19,AXP,103.99,1,ASK
2018-12-17 09:53:21,AXP,103.95,6,BID
2018-12-17 09:53:21,AXP,103.99,1,ASK
2018-12-17 09:53:22,AXP,103.89,3,BID
2018-12-17 09:53:23,AXP,103.96,1,ASK
2018-12-17 09:53:22,AXP,103.89,3,BID
2018-12-17 09:53:24,AXP,103.96,3,ASK
2018-12-17 09:53:26,AXP,103.89,3,BID
2018-12-17 09:53:26,AXP,103.95,3,ASK
2018-12-17 09:53:27,AXP,103.89,3,BID
2018-12-17 09:53:26,AXP,103.95,3,ASK
2018-12-17 09:53:27,AXP,103.89,3,BID
2018-12-17 09:53:26,AXP,103.95,3,ASK
2018-12-17 09:53:28,AXP,103.89,3,BID
2018-12-17 09:53:28,AXP,103.94,1,ASK
2018-12-17 09:53:29,AXP,103.88,4,BID
2018-12-17 09:53:29,AXP,103.92,1,ASK
2018-12-17 09:53:30,AXP,103.88,6,BID
2018-12-17 09:53:30,AXP,103.93,4,ASK
2018-12-17 09:53:31,AXP,103.81,4,BID
2018-12-17 09:53:31,AXP,103.87,2,ASK
2018-12-17 09:53:32,AXP,103.81,4,BID
2018-12-17 09:53:32,AXP,103.87,1,ASK
2018-12-17 09:53:32,AXP,103.81,4,BID
2018-12-17 09:53:32,AXP,103.87,1,ASK
2018-12-17 09:53:34,AXP,103.8,3,BID
2018-12-17 09:53:34,AXP,103.89,2,ASK
2018-12-17 09:53:34,AXP,103.79,8,BID
2018-12-17 09:53:34,AXP,103.87,3,ASK
2018-12-17 09:53:34,AXP,103.79,8,BID
2018-12-17 09:53:34,AXP,103.87,3,ASK
2018-12-17 09:53:34,AXP,103.79,8,BID
2018-12-17 09:53:34,AXP,103.87,3,ASK
2018-12-17 09:53:34,AXP,103.79,8,BID
2018-12-17 09:53:37,AXP,103.87,4,ASK
2018-12-17 09:53:34,AXP,103.79,8,BID
2018-12-17 09:53:39,AXP,103.86,3,ASK
2018-12-17 09:53:34,AXP,103.79,8,BID
2018-12-17 09:53:40,AXP,103.86,5,ASK
2018-12-17 09:53:34,AXP,103.79,8,BID
2018-12-17 09:53:40,AXP,103.86,5,ASK
2018-12-17 09:53:43,AXP,103.8,1,BID
2018-12-17 09:53:43,AXP,103.86,5,ASK
2018-12-17 09:53:44,AXP,103.79,9,BID
2018-12-17 09:53:44,AXP,103.86,7,ASK
2018-12-17 09:53:44,AXP,103.79,9,BID
2018-12-17 09:53:44,AXP,103.86,7,ASK
2018-12-17 09:53:46,AXP,103.8,1,BID
2018-12-17 09:53:45,AXP,103.86,9,ASK
2018-12-17 09:53:46,AXP,103.8,1,BID
2018-12-17 09:53:45,AXP,103.86,9,ASK
2018-12-17 09:53:46,AXP,103.8,1,BID
2018-12-17 09:53:45,AXP,103.86,9,ASK
2018-12-17 09:53:48,AXP,103.79,10,BID
2018-12-17 09:53:45,AXP,103.86,9,ASK
2018-12-17 09:53:50,AXP,103.79,10,BID
2018-12-17 09:53:45,AXP,103.86,10,ASK
2018-12-17 09:53:50,AXP,103.8,1,BID
2018-12-17 09:53:45,AXP,103.86,10,ASK
2018-12-17 09:53:51,AXP,103.81,2,BID
2018-12-17 09:53:45,AXP,103.86,10,ASK
2018-12-17 09:53:52,AXP,103.87,2,BID
2018-12-17 09:53:52,AXP,103.89,4,ASK
2018-12-17 09:53:53,AXP,103.87,6,BID
2018-12-17 09:53:52,AXP,103.89,4,ASK
2018-12-17 09:53:54,AXP,103.87,6,BID
2018-12-17 09:53:54,AXP,103.92,2,ASK
2018-12-17 09:53:55,AXP,103.87,6,BID
2018-12-17 09:53:55,AXP,103.92,4,ASK
2018-12-17 09:53:57,AXP,103.87,8,BID
2018-12-17 09:53:55,AXP,103.92,5,ASK
2018-12-17 09:53:57,AXP,103.87,8,BID
2018-12-17 09:53:55,AXP,103.92,5,ASK
2018-12-17 09:53:57,AXP,103.87,8,BID
2018-12-17 09:53:55,AXP,103.92,5,ASK
2018-12-17 09:53:57,AXP,103.87,8,BID
2018-12-17 09:53:59,AXP,103.92,5,ASK
2018-12-17 09:54:01,AXP,103.87,9,BID
2018-12-17 09:53:59,AXP,103.92,5,ASK
2018-12-17 09:54:01,AXP,103.87,9,BID
2018-12-17 09:53:59,AXP,103.92,5,ASK
2018-12-17 09:54:01,AXP,103.87,9,BID
2018-12-17 09:53:59,AXP,103.92,5,ASK
2018-12-17 09:54:01,AXP,103.87,9,BID
2018-12-17 09:53:59,AXP,103.92,5,ASK
2018-12-17 09:54:04,AXP,103.88,2,BID
2018-12-17 09:53:59,AXP,103.92,5,ASK
2018-12-17 09:54:05,AXP,103.89,1,BID
2018-12-17 09:54:05,AXP,103.92,7,ASK
2018-12-17 09:54:06,AXP,103.89,2,BID
2018-12-17 09:54:06,AXP,103.92,7,ASK
2018-12-17 09:54:07,AXP,103.91,5,BID
2018-12-17 09:54:07,AXP,103.98,7,ASK
2018-12-17 09:54:07,AXP,103.91,5,BID
2018-12-17 09:54:08,AXP,103.95,2,ASK
2018-12-17 09:54:07,AXP,103.91,5,BID
2018-12-17 09:54:08,AXP,103.95,2,ASK
2018-12-17 09:54:07,AXP,103.91,5,BID
2018-12-17 09:54:08,AXP,103.95,2,ASK
2018-12-17 09:54:07,AXP,103.91,5,BID
2018-12-17 09:54:08,AXP,103.95,2,ASK
2018-12-17 09:54:07,AXP,103.91,5,BID
2018-12-17 09:54:11,AXP,103.95,3,ASK
2018-12-17 09:54:12,AXP,103.91,3,BID
2018-12-17 09:54:08,AXP,103.95,3,ASK
2018-12-17 09:54:12,AXP,103.91,3,BID
2018-12-17 09:54:08,AXP,103.95,3,ASK
2018-12-17 09:54:15,AXP,103.91,5,BID
2018-12-17 09:54:08,AXP,103.95,3,ASK
2018-12-17 09:54:16,AXP,103.93,1,BID
2018-12-17 09:54:08,AXP,103.95,3,ASK
2018-12-17 09:54:17,AXP,103.94,1,BID
2018-12-17 09:54:07,AXP,103.98,7,ASK
2018-12-17 09:54:18,AXP,103.94,3,BID
2018-12-17 09:54:07,AXP,103.98,8,ASK
2018-12-17 09:54:18,AXP,103.94,3,BID
2018-12-17 09:54:07,AXP,103.98,8,ASK
2018-12-17 09:54:18,AXP,103.94,3,BID
2018-12-17 09:54:07,AXP,103.98,8,ASK
2018-12-17 09:54:18,AXP,103.94,3,BID
2018-12-17 09:54:07,AXP,103.98,8,ASK
2018-12-17 09:54:23,AXP,103.94,4,BID
2018-12-17 09:54:07,AXP,103.98,7,ASK
2018-12-17 09:54:23,AXP,103.94,4,BID
2018-12-17 09:54:07,AXP,103.98,7,ASK
2018-12-17 09:54:25,AXP,103.95,2,BID
2018-12-17 09:54:07,AXP,103.98,7,ASK
2018-12-17 09:54:26,AXP,103.95,4,BID
2018-12-17 09:54:07,AXP,103.98,7,ASK
2018-12-17 09:54:27,AXP,103.95,3,BID
2018-12-17 09:54:27,AXP,103.97,1,ASK
2018-12-17 09:54:16,AXP,103.93,6,BID
2018-12-17 09:54:28,AXP,103.94,3,ASK
2018-12-17 09:54:29,AXP,103.94,3,BID
2018-12-17 09:54:29,AXP,103.96,2,ASK
2018-12-17 09:54:30,AXP,103.94,3,BID
2018-12-17 09:54:30,AXP,103.96,2,ASK
2018-12-17 09:54:30,AXP,103.94,5,BID
2018-12-17 09:54:30,AXP,103.96,2,ASK
2018-12-17 09:54:31,AXP,103.94,4,BID
2018-12-17 09:54:31,AXP,103.96,2,ASK
2018-12-17 09:54:16,AXP,103.93,6,BID
2018-12-17 09:54:33,AXP,103.95,5,ASK
2018-12-17 09:54:34,AXP,103.91,5,BID
2018-12-17 09:54:34,AXP,103.94,5,ASK
2018-12-17 09:54:34,AXP,103.91,7,BID
2018-12-17 09:54:34,AXP,103.94,6,ASK
2018-12-17 09:54:36,AXP,103.92,5,BID
2018-12-17 09:54:36,AXP,103.95,6,ASK
2018-12-17 09:54:37,AXP,103.93,6,BID
2018-12-17 09:54:37,AXP,103.95,5,ASK
2018-12-17 09:54:37,AXP,103.93,4,BID
2018-12-17 09:54:38,AXP,103.95,6,ASK
2018-12-17 09:54:39,AXP,103.85,4,BID
2018-12-17 09:54:39,AXP,103.92,5,ASK
2018-12-17 09:54:40,AXP,103.86,5,BID
2018-12-17 09:54:40,AXP,103.91,1,ASK
2018-12-17 09:54:41,AXP,103.86,6,BID
2018-12-17 09:54:41,AXP,103.91,1,ASK
2018-12-17 09:54:42,AXP,103.86,8,BID
2018-12-17 09:54:42,AXP,103.91,3,ASK
2018-12-17 09:54:43,AXP,103.87,2,BID
2018-12-17 09:54:43,AXP,103.9,3,ASK
2018-12-17 09:54:43,AXP,103.87,3,BID
2018-12-17 09:54:43,AXP,103.9,3,ASK
2018-12-17 09:54:45,AXP,103.87,4,BID
2018-12-17 09:54:45,AXP,103.91,5,ASK
2018-12-17 09:54:45,AXP,103.87,4,BID
2018-12-17 09:54:45,AXP,103.91,5,ASK
2018-12-17 09:54:46,AXP,103.87,5,BID
2018-12-17 09:54:46,AXP,103.91,5,ASK
2018-12-17 09:54:46,AXP,103.87,5,BID
2018-12-17 09:54:46,AXP,103.91,5,ASK
2018-12-17 09:54:46,AXP,103.87,5,BID
2018-12-17 09:54:49,AXP,103.91,5,ASK
2018-12-17 09:54:46,AXP,103.87,5,BID
2018-12-17 09:54:49,AXP,103.91,5,ASK
2018-12-17 09:54:46,AXP,103.87,5,BID
2018-12-17 09:54:49,AXP,103.91,5,ASK
2018-12-17 09:54:46,AXP,103.87,5,BID
2018-12-17 09:54:49,AXP,103.91,5,ASK
2018-12-17 09:54:53,AXP,103.87,4,BID
2018-12-17 09:54:53,AXP,103.91,5,ASK
2018-12-17 09:54:53,AXP,103.87,4,BID
2018-12-17 09:54:53,AXP,103.91,5,ASK
2018-12-17 09:54:53,AXP,103.87,4,BID
2018-12-17 09:54:53,AXP,103.91,5,ASK
2018-12-17 09:54:56,AXP,103.86,9,BID
2018-12-17 09:54:56,AXP,103.89,1,ASK
2018-12-17 09:54:57,AXP,103.86,9,BID
2018-12-17 09:54:57,AXP,103.9,4,ASK
2018-12-17 09:54:57,AXP,103.86,9,BID
2018-12-17 09:54:57,AXP,103.9,4,ASK
2018-12-17 09:54:59,AXP,103.81,3,BID
2018-12-17 09:54:59,AXP,103.87,3,ASK
2018-12-17 09:55:00,AXP,103.81,3,BID
2018-12-17 09:55:00,AXP,103.87,3,ASK
2018-12-17 09:55:01,AXP,103.83,4,BID
2018-12-17 09:55:01,AXP,103.89,5,ASK
2018-12-17 09:55:01,AXP,103.83,4,BID
2018-12-17 09:55:01,AXP,103.89,5,ASK
2018-12-17 09:55:01,AXP,103.83,4,BID
2018-12-17 09:55:01,AXP,103.89,5,ASK
2018-12-17 09:55:01,AXP,103.85,4,BID
2018-12-17 09:55:02,AXP,103.9,6,ASK
2018-12-17 09:55:02,AXP,103.86,4,BID
2018-12-17 09:55:03,AXP,103.89,1,ASK
2018-12-17 09:55:03,AXP,103.86,3,BID
2018-12-17 09:55:03,AXP,103.89,1,ASK
2018-12-17 09:55:04,AXP,103.87,2,BID
2018-12-17 09:55:02,AXP,103.9,7,ASK
2018-12-17 09:55:04,AXP,103.87,2,BID
2018-12-17 09:55:02,AXP,103.9,7,ASK
2018-12-17 09:55:05,AXP,103.87,4,BID
2018-12-17 09:55:02,AXP,103.9,8,ASK
2018-12-17 09:55:07,AXP,103.82,3,BID
2018-12-17 09:55:08,AXP,103.89,4,ASK
2018-12-17 09:55:07,AXP,103.82,3,BID
2018-12-17 09:55:08,AXP,103.89,4,ASK
2018-12-17 09:55:10,AXP,103.82,2,BID
2018-12-17 09:55:10,AXP,103.89,4,ASK
2018-12-17 09:55:12,AXP,103.82,2,BID
2018-12-17 09:55:10,AXP,103.89,6,ASK
2018-12-17 09:55:14,AXP,103.83,3,BID
2018-12-17 09:55:07,AXP,103.89,6,ASK
2018-12-17 09:55:15,AXP,103.88,4,BID
2018-12-17 09:55:15,AXP,103.96,5,ASK
2018-12-17 09:55:16,AXP,103.89,1,BID
2018-12-17 09:55:16,AXP,103.97,6,ASK
2018-12-17 09:55:17,AXP,103.89,2,BID
2018-12-17 09:55:17,AXP,103.96,3,ASK
2018-12-17 09:55:17,AXP,103.89,2,BID
2018-12-17 09:55:17,AXP,103.96,3,ASK
2018-12-17 09:55:17,AXP,103.89,2,BID
2018-12-17 09:55:17,AXP,103.96,3,ASK
2018-12-17 09:55:17,AXP,103.89,2,BID
2018-12-17 09:55:17,AXP,103.96,3,ASK
2018-12-17 09:55:21,AXP,103.88,7,BID
2018-12-17 09:55:21,AXP,103.93,3,ASK
2018-12-17 09:55:21,AXP,103.88,7,BID
2018-12-17 09:55:21,AXP,103.93,3,ASK
2018-12-17 09:55:21,AXP,103.88,7,BID
2018-12-17 09:55:21,AXP,103.93,3,ASK
2018-12-17 09:55:24,AXP,103.88,7,BID
2018-12-17 09:55:24,AXP,103.93,5,ASK
2018-12-17 09:55:25,AXP,103.87,2,BID
2018-12-17 09:55:25,AXP,103.92,4,ASK
2018-12-17 09:55:25,AXP,103.85,1,BID
2018-12-17 09:55:25,AXP,103.89,3,ASK
2018-12-17 09:55:25,AXP,103.85,1,BID
2018-12-17 09:55:25,AXP,103.89,3,ASK
2018-12-17 09:55:28,AXP,103.86,1,BID
2018-12-17 09:55:28,AXP,103.9,6,ASK
2018-12-17 09:55:30,AXP,103.86,1,BID
2018-12-17 09:55:30,AXP,103.9,6,ASK
2018-12-17 09:55:25,AXP,103.81,8,BID
2018-12-17 09:55:30,AXP,103.85,1,ASK
2018-12-17 09:55:25,AXP,103.81,8,BID
2018-12-17 09:55:31,AXP,103.85,3,ASK
2018-12-17 09:55:32,AXP,103.78,2,BID
2018-12-17 09:55:32,AXP,103.83,1,ASK
2018-12-17 09:55:34,AXP,103.78,4,BID
2018-12-17 09:55:34,AXP,103.83,2,ASK
2018-12-17 09:55:35,AXP,103.79,2,BID
2018-12-17 09:55:35,AXP,103.83,2,ASK
2018-12-17 09:55:35,AXP,103.79,3,BID
2018-12-17 09:55:35,AXP,103.83,2,ASK
2018-12-17 09:55:36,AXP,103.8,1,BID
2018-12-17 09:55:36,AXP,103.83,6,ASK
2018-12-17 09:55:37,AXP,103.79,5,BID
2018-12-17 09:55:36,AXP,103.83,7,ASK
2018-12-17 09:55:37,AXP,103.79,5,BID
2018-12-17 09:55:36,AXP,103.83,7,ASK
2018-12-17 09:55:37,AXP,103.79,6,BID
2018-12-17 09:55:39,AXP,103.83,9,ASK
2018-12-17 09:55:40,AXP,103.79,7,BID
2018-12-17 09:55:40,AXP,103.82,1,ASK
2018-12-17 09:55:41,AXP,103.79,7,BID
2018-12-17 09:55:41,AXP,103.83,10,ASK
2018-12-17 09:55:41,AXP,103.79,6,BID
2018-12-17 09:55:41,AXP,103.83,10,ASK
2018-12-17 09:55:43,AXP,103.79,6,BID
2018-12-17 09:55:43,AXP,103.82,1,ASK
2018-12-17 09:55:43,AXP,103.79,6,BID
2018-12-17 09:55:43,AXP,103.83,12,ASK
2018-12-17 09:55:45,AXP,103.79,6,BID
2018-12-17 09:55:45,AXP,103.83,11,ASK
2018-12-17 09:55:45,AXP,103.79,6,BID
2018-12-17 09:55:45,AXP,103.83,11,ASK
2018-12-17 09:55:45,AXP,103.79,6,BID
2018-12-17 09:55:45,AXP,103.83,11,ASK
2018-12-17 09:55:45,AXP,103.79,6,BID
2018-12-17 09:55:45,AXP,103.83,11,ASK
2018-12-17 09:55:45,AXP,103.79,6,BID
2018-12-17 09:55:45,AXP,103.83,11,ASK
2018-12-17 09:55:45,AXP,103.79,6,BID
2018-12-17 09:55:45,AXP,103.83,11,ASK
2018-12-17 09:55:51,AXP,103.79,5,BID
2018-12-17 09:55:51,AXP,103.82,4,ASK
2018-12-17 09:55:51,AXP,103.79,5,BID
2018-12-17 09:55:52,AXP,103.82,5,ASK
2018-12-17 09:55:51,AXP,103.79,5,BID
2018-12-17 09:55:53,AXP,103.82,7,ASK
2018-12-17 09:55:51,AXP,103.79,5,BID
2018-12-17 09:55:53,AXP,103.82,7,ASK
2018-12-17 09:55:51,AXP,103.79,5,BID
2018-12-17 09:55:53,AXP,103.82,7,ASK
2018-12-17 09:55:51,AXP,103.79,5,BID
2018-12-17 09:55:56,AXP,103.82,7,ASK
2018-12-17 09:55:51,AXP,103.79,5,BID
2018-12-17 09:55:56,AXP,103.82,7,ASK
2018-12-17 09:55:51,AXP,103.79,5,BID
2018-12-17 09:55:56,AXP,103.82,7,ASK
2018-12-17 09:55:51,AXP,103.79,5,BID
2018-12-17 09:55:56,AXP,103.82,7,ASK
2018-12-17 09:55:51,AXP,103.79,5,BID
2018-12-17 09:55:56,AXP,103.82,7,ASK
2018-12-17 09:51:16,AXP,103.75,4,BID
2018-12-17 09:56:02,AXP,103.78,1,ASK
2018-12-17 09:56:03,AXP,103.79,7,BID
2018-12-17 09:56:02,AXP,103.85,7,ASK
2018-12-17 09:56:03,AXP,103.79,7,BID
2018-12-17 09:56:02,AXP,103.85,7,ASK
2018-12-17 09:56:03,AXP,103.79,7,BID
2018-12-17 09:56:02,AXP,103.85,7,ASK
2018-12-17 09:56:03,AXP,103.79,7,BID
2018-12-17 09:56:02,AXP,103.85,7,ASK
2018-12-17 09:56:07,AXP,103.79,8,BID
2018-12-17 09:56:02,AXP,103.85,7,ASK
2018-12-17 09:56:07,AXP,103.85,2,BID
2018-12-17 09:56:07,AXP,103.89,1,ASK
2018-12-17 09:56:08,AXP,103.81,2,BID
2018-12-17 09:56:08,AXP,103.87,1,ASK
2018-12-17 09:56:09,AXP,103.8,2,BID
2018-12-17 09:56:09,AXP,103.86,1,ASK
2018-12-17 09:56:09,AXP,103.8,2,BID
2018-12-17 09:56:09,AXP,103.86,1,ASK
2018-12-17 09:56:09,AXP,103.8,2,BID
2018-12-17 09:56:09,AXP,103.86,1,ASK
2018-12-17 09:56:09,AXP,103.8,2,BID
2018-12-17 09:56:09,AXP,103.86,1,ASK
2018-12-17 09:56:09,AXP,103.8,2,BID
2018-12-17 09:56:13,AXP,103.86,1,ASK
2018-12-17 09:56:14,AXP,103.8,5,BID
2018-12-17 09:56:08,AXP,103.87,4,ASK
2018-12-17 09:56:14,AXP,103.8,5,BID
2018-12-17 09:56:08,AXP,103.87,4,ASK
2018-12-17 09:56:16,AXP,103.8,4,BID
2018-12-17 09:56:16,AXP,103.85,1,ASK
2018-12-17 09:56:18,AXP,103.8,8,BID
2018-12-17 09:56:18,AXP,103.86,2,ASK
2018-12-17 09:56:18,AXP,103.82,5,BID
2018-12-17 09:56:08,AXP,103.87,4,ASK
2018-12-17 09:56:18,AXP,103.82,7,BID
2018-12-17 09:56:08,AXP,103.87,4,ASK
2018-12-17 09:56:18,AXP,103.82,7,BID
2018-12-17 09:56:08,AXP,103.87,4,ASK
2018-12-17 09:56:18,AXP,103.82,7,BID
2018-12-17 09:56:08,AXP,103.87,4,ASK
2018-12-17 09:56:18,AXP,103.82,7,BID
2018-12-17 09:56:08,AXP,103.87,6,ASK
2018-12-17 09:56:24,AXP,103.82,5,BID
2018-12-17 09:56:08,AXP,103.87,6,ASK
2018-12-17 09:56:24,AXP,103.82,5,BID
2018-12-17 09:56:08,AXP,103.87,6,ASK
2018-12-17 09:56:25,AXP,103.82,5,BID
2018-12-17 09:56:08,AXP,103.87,6,ASK
2018-12-17 09:56:25,AXP,103.82,5,BID
2018-12-17 09:56:08,AXP,103.87,6,ASK
2018-12-17 09:56:27,AXP,103.85,1,BID
2018-12-17 09:56:27,AXP,103.93,5,ASK
2018-12-17 09:56:27,AXP,103.85,2,BID
2018-12-17 09:56:27,AXP,103.93,5,ASK
2018-12-17 09:56:29,AXP,103.87,17,BID
2018-12-17 09:56:29,AXP,103.93,4,ASK
2018-12-17 09:56:30,AXP,103.87,17,BID
2018-12-17 09:56:30,AXP,103.93,4,ASK
2018-12-17 09:56:32,AXP,103.87,17,BID
2018-12-17 09:56:32,AXP,103.93,5,ASK
2018-12-17 09:56:32,AXP,103.87,17,BID
2018-12-17 09:56:32,AXP,103.93,5,ASK
2018-12-17 09:56:32,AXP,103.87,17,BID
2018-12-17 09:56:32,AXP,103.93,5,ASK
2018-12-17 09:56:32,AXP,103.87,17,BID
2018-12-17 09:56:32,AXP,103.93,5,ASK
2018-12-17 09:56:35,AXP,103.87,16,BID
2018-12-17 09:56:35,AXP,103.93,5,ASK
2018-12-17 09:56:36,AXP,103.87,16,BID
2018-12-17 09:56:35,AXP,103.93,5,ASK
2018-12-17 09:56:36,AXP,103.87,16,BID
2018-12-17 09:56:35,AXP,103.93,5,ASK
2018-12-17 09:56:36,AXP,103.87,16,BID
2018-12-17 09:56:35,AXP,103.93,5,ASK
2018-12-17 09:56:39,AXP,103.87,17,BID
2018-12-17 09:56:35,AXP,103.93,6,ASK
2018-12-17 09:56:41,AXP,103.87,16,BID
2018-12-17 09:56:40,AXP,103.92,4,ASK
2018-12-17 09:56:41,AXP,103.87,16,BID
2018-12-17 09:56:40,AXP,103.92,4,ASK
2018-12-17 09:56:42,AXP,103.83,1,BID
2018-12-17 09:56:42,AXP,103.89,4,ASK
2018-12-17 09:56:44,AXP,103.83,2,BID
2018-12-17 09:56:44,AXP,103.89,5,ASK
2018-12-17 09:56:44,AXP,103.83,2,BID
2018-12-17 09:56:44,AXP,103.89,5,ASK
2018-12-17 09:56:45,AXP,103.85,3,BID
2018-12-17 09:56:45,AXP,103.92,5,ASK
2018-12-17 09:56:47,AXP,103.85,5,BID
2018-12-17 09:56:47,AXP,103.92,5,ASK
2018-12-17 09:56:48,AXP,103.85,5,BID
2018-12-17 09:56:47,AXP,103.92,5,ASK
2018-12-17 09:56:48,AXP,103.85,4,BID
2018-12-17 09:56:48,AXP,103.91,5,ASK
2018-12-17 09:56:49,AXP,103.85,4,BID
2018-12-17 09:56:49,AXP,103.91,6,ASK
2018-12-17 09:56:50,AXP,103.85,4,BID
2018-12-17 09:56:50,AXP,103.91,5,ASK
2018-12-17 09:56:52,AXP,103.85,4,BID
2018-12-17 09:56:50,AXP,103.91,4,ASK
2018-12-17 09:56:52,AXP,103.85,4,BID
2018-12-17 09:56:50,AXP,103.91,4,ASK
2018-12-17 09:56:53,AXP,103.85,4,BID
2018-12-17 09:56:53,AXP,103.91,6,ASK
2018-12-17 09:56:53,AXP,103.85,3,BID
2018-12-17 09:56:54,AXP,103.91,6,ASK
2018-12-17 09:56:56,AXP,103.85,3,BID
2018-12-17 09:56:56,AXP,103.91,7,ASK
2018-12-17 09:56:56,AXP,103.85,3,BID
2018-12-17 09:56:56,AXP,103.91,7,ASK
2018-12-17 09:56:56,AXP,103.85,3,BID
2018-12-17 09:56:56,AXP,103.91,7,ASK
2018-12-17 09:56:56,AXP,103.85,3,BID
2018-12-17 09:56:56,AXP,103.91,7,ASK
2018-12-17 09:56:56,AXP,103.85,3,BID
2018-12-17 09:56:56,AXP,103.91,7,ASK
2018-12-17 09:57:00,AXP,103.85,3,BID
2018-12-17 09:57:00,AXP,103.91,7,ASK
2018-12-17 09:57:00,AXP,103.85,3,BID
2018-12-17 09:57:00,AXP,103.91,7,ASK
2018-12-17 09:57:02,AXP,103.85,3,BID
2018-12-17 09:57:02,AXP,103.9,3,ASK
2018-12-17 09:57:04,AXP,103.85,3,BID
2018-12-17 09:57:04,AXP,103.89,1,ASK
2018-12-17 09:57:04,AXP,103.85,3,BID
2018-12-17 09:57:04,AXP,103.89,2,ASK
2018-12-17 09:57:04,AXP,103.85,3,BID
2018-12-17 09:57:05,AXP,103.89,2,ASK
2018-12-17 09:57:04,AXP,103.85,3,BID
2018-12-17 09:57:05,AXP,103.89,2,ASK
2018-12-17 09:57:08,AXP,103.8,1,BID
2018-12-17 09:57:08,AXP,103.85,2,ASK
2018-12-17 09:57:08,AXP,103.8,2,BID
2018-12-17 09:57:09,AXP,103.85,1,ASK
2018-12-17 09:57:08,AXP,103.8,2,BID
2018-12-17 09:57:09,AXP,103.85,1,ASK
2018-12-17 09:57:08,AXP,103.8,4,BID
2018-12-17 09:57:11,AXP,103.85,1,ASK
2018-12-17 09:57:08,AXP,103.8,4,BID
2018-12-17 09:57:11,AXP,103.85,5,ASK
2018-12-17 09:57:13,AXP,103.75,2,BID
2018-12-17 09:57:13,AXP,103.8,5,ASK
2018-12-17 09:57:13,AXP,103.71,5,BID
2018-12-17 09:57:13,AXP,103.79,3,ASK
2018-12-17 09:43:38,AXP,103.71,5,BID
2018-12-17 09:57:13,AXP,103.79,3,ASK
2018-12-17 09:57:16,AXP,103.72,2,BID
2018-12-17 09:57:16,AXP,103.79,5,ASK
2018-12-17 09:57:17,AXP,103.73,1,BID
2018-12-17 09:57:17,AXP,103.79,5,ASK
2018-12-17 09:57:17,AXP,103.72,4,BID
2018-12-17 09:57:17,AXP,103.79,5,ASK
2018-12-17 09:57:19,AXP,103.72,4,BID
2018-12-17 09:57:19,AXP,103.79,5,ASK
2018-12-17 09:57:19,AXP,103.73,1,BID
2018-12-17 09:57:19,AXP,103.79,5,ASK
2018-12-17 09:57:21,AXP,103.72,4,BID
2018-12-17 09:57:21,AXP,103.78,5,ASK
2018-12-17 09:57:21,AXP,103.73,1,BID
2018-12-17 09:57:21,AXP,103.78,5,ASK
2018-12-17 09:57:21,AXP,103.73,1,BID
2018-12-17 09:57:21,AXP,103.78,5,ASK
2018-12-17 09:57:24,AXP,103.78,7,BID
2018-12-17 09:57:24,AXP,103.8,6,ASK
2018-12-17 09:57:25,AXP,103.79,3,BID
2018-12-17 09:57:24,AXP,103.83,6,ASK
2018-12-17 09:57:25,AXP,103.79,3,BID
2018-12-17 09:57:24,AXP,103.83,6,ASK
2018-12-17 09:57:27,AXP,103.81,2,BID
2018-12-17 09:57:27,AXP,103.88,1,ASK
2018-12-17 09:57:27,AXP,103.83,1,BID
2018-12-17 09:57:27,AXP,103.89,4,ASK
2018-12-17 09:57:29,AXP,103.84,3,BID
2018-12-17 09:57:29,AXP,103.89,4,ASK
2018-12-17 09:57:30,AXP,103.84,5,BID
2018-12-17 09:57:29,AXP,103.89,4,ASK
2018-12-17 09:57:30,AXP,103.86,1,BID
2018-12-17 09:57:30,AXP,103.92,1,ASK
2018-12-17 09:57:32,AXP,103.86,2,BID
2018-12-17 09:57:32,AXP,103.92,3,ASK
2018-12-17 09:57:33,AXP,103.86,5,BID
2018-12-17 09:57:33,AXP,103.92,3,ASK
2018-12-17 09:57:34,AXP,103.87,1,BID
2018-12-17 09:57:34,AXP,103.92,5,ASK
2018-12-17 09:57:34,AXP,103.87,1,BID
2018-12-17 09:57:34,AXP,103.92,5,ASK
2018-12-17 09:57:36,AXP,103.84,5,BID
2018-12-17 09:57:36,AXP,103.92,7,ASK
2018-12-17 09:57:37,AXP,103.87,1,BID
2018-12-17 09:57:36,AXP,103.92,7,ASK
2018-12-17 09:57:37,AXP,103.87,1,BID
2018-12-17 09:57:36,AXP,103.92,7,ASK
2018-12-17 09:57:39,AXP,103.84,6,BID
2018-12-17 09:57:39,AXP,103.91,5,ASK
2018-12-17 09:57:40,AXP,103.84,7,BID
2018-12-17 09:57:39,AXP,103.91,7,ASK
2018-12-17 09:57:40,AXP,103.84,7,BID
2018-12-17 09:57:39,AXP,103.91,7,ASK
2018-12-17 09:57:41,AXP,103.84,7,BID
2018-12-17 09:57:39,AXP,103.91,7,ASK
2018-12-17 09:57:42,AXP,103.86,1,BID
2018-12-17 09:57:39,AXP,103.91,7,ASK
2018-12-17 09:57:44,AXP,103.91,1,BID
2018-12-17 09:57:44,AXP,103.92,8,ASK
2018-12-17 09:57:44,AXP,103.91,3,BID
2018-12-17 09:57:44,AXP,103.97,2,ASK
2018-12-17 09:57:44,AXP,103.91,3,BID
2018-12-17 09:57:44,AXP,103.97,2,ASK
2018-12-17 09:57:44,AXP,103.91,3,BID
2018-12-17 09:57:44,AXP,103.97,2,ASK
2018-12-17 09:57:44,AXP,103.91,3,BID
2018-12-17 09:57:44,AXP,103.97,2,ASK
2018-12-17 09:57:48,AXP,103.9,1,BID
2018-12-17 09:57:48,AXP,103.93,1,ASK
2018-12-17 09:57:48,AXP,103.9,1,BID
2018-12-17 09:57:48,AXP,103.93,1,ASK
2018-12-17 09:57:48,AXP,103.9,1,BID
2018-12-17 09:57:48,AXP,103.93,1,ASK
2018-12-17 09:57:52,AXP,103.9,1,BID
2018-12-17 09:57:52,AXP,103.93,1,ASK
2018-12-17 09:57:52,AXP,103.9,2,BID
2018-12-17 09:57:52,AXP,103.96,1,ASK
2018-12-17 09:57:52,AXP,103.9,2,BID
2018-12-17 09:57:53,AXP,103.93,1,ASK
2018-12-17 09:57:52,AXP,103.9,2,BID
2018-12-17 09:57:53,AXP,103.93,1,ASK
2018-12-17 09:57:52,AXP,103.9,2,BID
2018-12-17 09:57:53,AXP,103.93,1,ASK
2018-12-17 09:57:52,AXP,103.9,2,BID
2018-12-17 09:57:53,AXP,103.93,1,ASK
2018-12-17 09:57:57,AXP,103.9,2,BID
2018-12-17 09:57:57,AXP,103.93,1,ASK
2018-12-17 09:57:57,AXP,103.9,2,BID
2018-12-17 09:57:58,AXP,103.93,2,ASK
2018-12-17 09:57:57,AXP,103.9,2,BID
2018-12-17 09:58:00,AXP,103.93,2,ASK
2018-12-17 09:57:57,AXP,103.9,2,BID
2018-12-17 09:58:00,AXP,103.93,2,ASK
2018-12-17 09:58:02,AXP,103.9,2,BID
2018-12-17 09:58:02,AXP,103.93,2,ASK
2018-12-17 09:58:02,AXP,103.9,2,BID
2018-12-17 09:58:02,AXP,103.95,2,ASK
2018-12-17 09:58:02,AXP,103.9,2,BID
2018-12-17 09:58:02,AXP,103.95,2,ASK
2018-12-17 09:58:02,AXP,103.9,2,BID
2018-12-17 09:58:02,AXP,103.95,2,ASK
2018-12-17 09:58:02,AXP,103.9,2,BID
2018-12-17 09:58:02,AXP,103.95,2,ASK
2018-12-17 09:58:02,AXP,103.9,2,BID
2018-12-17 09:58:02,AXP,103.95,2,ASK
2018-12-17 09:58:02,AXP,103.9,2,BID
2018-12-17 09:58:02,AXP,103.95,2,ASK
2018-12-17 09:58:02,AXP,103.9,2,BID
2018-12-17 09:58:02,AXP,103.95,2,ASK
2018-12-17 09:58:02,AXP,103.9,2,BID
2018-12-17 09:58:02,AXP,103.95,2,ASK
2018-12-17 09:58:02,AXP,103.9,2,BID
2018-12-17 09:58:02,AXP,103.95,2,ASK
2018-12-17 09:58:02,AXP,103.9,2,BID
2018-12-17 09:58:02,AXP,103.95,2,ASK
2018-12-17 09:58:02,AXP,103.9,2,BID
2018-12-17 09:58:02,AXP,103.95,2,ASK
2018-12-17 09:58:02,AXP,103.9,2,BID
2018-12-17 09:58:02,AXP,103.95,2,ASK
2018-12-17 09:58:02,AXP,103.9,2,BID
2018-12-17 09:58:02,AXP,103.95,2,ASK
2018-12-17 09:58:02,AXP,103.9,2,BID
2018-12-17 09:58:02,AXP,103.95,2,ASK
2018-12-17 09:58:02,AXP,103.9,2,BID
2018-12-17 09:58:02,AXP,103.95,2,ASK
2018-12-17 09:58:02,AXP,103.9,2,BID
2018-12-17 09:58:02,AXP,103.95,2,ASK
2018-12-17 09:58:02,AXP,103.9,2,BID
2018-12-17 09:58:02,AXP,103.95,2,ASK
2018-12-17 09:58:20,AXP,103.9,3,BID
2018-12-17 09:58:20,AXP,103.95,4,ASK
2018-12-17 09:58:21,AXP,103.91,1,BID
2018-12-17 09:58:21,AXP,103.95,7,ASK
2018-12-17 09:58:21,AXP,103.91,2,BID
2018-12-17 09:58:21,AXP,103.95,7,ASK
2018-12-17 09:58:21,AXP,103.91,2,BID
2018-12-17 09:58:21,AXP,103.95,7,ASK
2018-12-17 09:58:24,AXP,103.91,4,BID
2018-12-17 09:58:21,AXP,103.95,7,ASK
2018-12-17 09:58:25,AXP,103.94,1,BID
2018-12-17 09:58:25,AXP,103.96,3,ASK
2018-12-17 09:58:25,AXP,103.94,1,BID
2018-12-17 09:58:25,AXP,103.98,3,ASK
2018-12-17 09:58:25,AXP,103.94,1,BID
2018-12-17 09:58:25,AXP,103.98,3,ASK
2018-12-17 09:58:25,AXP,103.94,1,BID
2018-12-17 09:58:25,AXP,103.98,3,ASK
2018-12-17 09:58:28,AXP,103.93,1,BID
2018-12-17 09:58:28,AXP,103.98,4,ASK
2018-12-17 09:58:30,AXP,103.93,1,BID
2018-12-17 09:58:30,AXP,103.98,4,ASK
2018-12-17 09:58:30,AXP,103.93,1,BID
2018-12-17 09:58:30,AXP,103.98,4,ASK
2018-12-17 09:58:30,AXP,103.93,1,BID
2018-12-17 09:58:30,AXP,103.98,4,ASK
2018-12-17 09:58:30,AXP,103.93,1,BID
2018-12-17 09:58:30,AXP,103.98,4,ASK
2018-12-17 09:58:30,AXP,103.93,1,BID
2018-12-17 09:58:30,AXP,103.98,4,ASK
2018-12-17 09:58:30,AXP,103.93,1,BID
2018-12-17 09:58:30,AXP,103.98,4,ASK
2018-12-17 09:58:36,AXP,103.93,1,BID
2018-12-17 09:58:36,AXP,103.98,6,ASK
2018-12-17 09:58:36,AXP,103.93,1,BID
2018-12-17 09:58:36,AXP,103.98,6,ASK
2018-12-17 09:58:36,AXP,103.93,1,BID
2018-12-17 09:58:36,AXP,103.98,6,ASK
2018-12-17 09:58:36,AXP,103.93,1,BID
2018-12-17 09:58:36,AXP,103.98,6,ASK
2018-12-17 09:58:36,AXP,103.93,1,BID
2018-12-17 09:58:36,AXP,103.98,6,ASK
2018-12-17 09:58:36,AXP,103.93,1,BID
2018-12-17 09:58:36,AXP,103.98,6,ASK
2018-12-17 09:58:36,AXP,103.93,1,BID
2018-12-17 09:58:36,AXP,103.98,6,ASK
2018-12-17 09:58:43,AXP,103.9,6,BID
2018-12-17 09:58:43,AXP,103.95,4,ASK
2018-12-17 09:58:44,AXP,103.9,9,BID
2018-12-17 09:58:43,AXP,103.95,4,ASK
2018-12-17 09:58:44,AXP,103.9,9,BID
2018-12-17 09:58:43,AXP,103.95,4,ASK
2018-12-17 09:58:44,AXP,103.9,9,BID
2018-12-17 09:58:43,AXP,103.95,4,ASK
2018-12-17 09:58:44,AXP,103.9,9,BID
2018-12-17 09:58:43,AXP,103.95,4,ASK
2018-12-17 09:58:44,AXP,103.9,9,BID
2018-12-17 09:58:43,AXP,103.95,4,ASK
2018-12-17 09:58:49,AXP,103.9,10,BID
2018-12-17 09:58:49,AXP,103.95,6,ASK
2018-12-17 09:58:49,AXP,103.9,10,BID
2018-12-17 09:58:49,AXP,103.95,6,ASK
2018-12-17 09:58:49,AXP,103.9,10,BID
2018-12-17 09:58:49,AXP,103.95,6,ASK
2018-12-17 09:58:49,AXP,103.9,10,BID
2018-12-17 09:58:49,AXP,103.95,6,ASK
2018-12-17 09:58:53,AXP,103.9,10,BID
2018-12-17 09:58:49,AXP,103.95,6,ASK
2018-12-17 09:58:54,AXP,103.92,2,BID
2018-12-17 09:58:54,AXP,103.98,1,ASK
2018-12-17 09:58:54,AXP,103.92,2,BID
2018-12-17 09:58:54,AXP,103.98,1,ASK
2018-12-17 09:58:54,AXP,103.92,2,BID
2018-12-17 09:58:54,AXP,103.98,1,ASK
2018-12-17 09:58:54,AXP,103.92,2,BID
2018-12-17 09:58:57,AXP,103.98,3,ASK
2018-12-17 09:58:54,AXP,103.92,2,BID
2018-12-17 09:58:58,AXP,103.98,3,ASK
2018-12-17 09:58:59,AXP,103.92,4,BID
2018-12-17 09:58:59,AXP,103.98,3,ASK
2018-12-17 09:58:59,AXP,103.92,4,BID
2018-12-17 09:59:00,AXP,103.98,4,ASK
2018-12-17 09:59:01,AXP,103.92,4,BID
2018-12-17 09:59:01,AXP,103.98,5,ASK
2018-12-17 09:59:01,AXP,103.92,4,BID
2018-12-17 09:59:01,AXP,103.98,5,ASK
2018-12-17 09:59:01,AXP,103.92,4,BID
2018-12-17 09:59:01,AXP,103.98,5,ASK
2018-12-17 09:59:01,AXP,103.92,4,BID
2018-12-17 09:59:01,AXP,103.98,5,ASK
2018-12-17 09:59:05,AXP,103.95,5,BID
2018-12-17 09:59:05,AXP,103.98,1,ASK
2018-12-17 09:59:06,AXP,103.95,6,BID
2018-12-17 09:59:06,AXP,103.98,1,ASK
2018-12-17 09:59:07,AXP,103.95,6,BID
2018-12-17 09:59:07,AXP,103.98,7,ASK
2018-12-17 09:59:08,AXP,103.94,3,BID
2018-12-17 09:59:08,AXP,103.99,7,ASK
2018-12-17 09:59:09,AXP,103.94,2,BID
2018-12-17 09:59:09,AXP,103.99,6,ASK
2018-12-17 09:59:09,AXP,103.94,2,BID
2018-12-17 09:59:09,AXP,103.99,6,ASK
2018-12-17 09:59:11,AXP,103.94,5,BID
2018-12-17 09:59:11,AXP,103.99,6,ASK
2018-12-17 09:59:11,AXP,103.94,5,BID
2018-12-17 09:59:11,AXP,103.99,6,ASK
2018-12-17 09:59:13,AXP,103.98,4,BID
2018-12-17 09:48:05,AXP,104.05,5,ASK
2018-12-17 09:59:14,AXP,103.98,6,BID
2018-12-17 09:59:14,AXP,104.04,1,ASK
2018-12-17 09:59:13,AXP,103.98,6,BID
2018-12-17 09:59:14,AXP,104.04,1,ASK
2018-12-17 09:59:13,AXP,103.98,6,BID
2018-12-17 09:59:15,AXP,104.04,1,ASK
2018-12-17 09:59:13,AXP,103.98,6,BID
2018-12-17 09:59:15,AXP,104.04,1,ASK
2018-12-17 09:59:13,AXP,103.98,6,BID
2018-12-17 09:59:15,AXP,104.04,1,ASK
2018-12-17 09:59:13,AXP,103.98,6,BID
2018-12-17 09:59:15,AXP,104.04,1,ASK
2018-12-17 09:59:13,AXP,103.98,6,BID
2018-12-17 09:59:19,AXP,104.04,3,ASK
2018-12-17 09:59:13,AXP,103.98,6,BID
2018-12-17 09:59:21,AXP,104.04,7,ASK
2018-12-17 09:59:13,AXP,103.98,6,BID
2018-12-17 09:59:22,AXP,104.04,7,ASK
2018-12-17 09:59:13,AXP,103.98,6,BID
2018-12-17 09:59:22,AXP,104.04,7,ASK
2018-12-17 09:59:24,AXP,104.0,1,BID
2018-12-17 09:59:24,AXP,104.05,5,ASK
2018-12-17 09:59:24,AXP,104.01,3,BID
2018-12-17 09:59:24,AXP,104.03,1,ASK
2018-12-17 09:59:26,AXP,104.01,4,BID
2018-12-17 09:59:26,AXP,104.04,4,ASK
2018-12-17 09:59:26,AXP,104.01,4,BID
2018-12-17 09:59:26,AXP,104.04,4,ASK
2018-12-17 09:59:26,AXP,104.01,4,BID
2018-12-17 09:59:26,AXP,104.04,4,ASK
2018-12-17 09:59:13,AXP,103.98,5,BID
2018-12-17 09:59:29,AXP,104.02,5,ASK
2018-12-17 09:59:13,AXP,103.98,5,BID
2018-12-17 09:59:30,AXP,104.02,5,ASK
2018-12-17 09:59:31,AXP,103.99,2,BID
2018-12-17 09:59:31,AXP,104.02,5,ASK
2018-12-17 09:59:32,AXP,103.99,3,BID
2018-12-17 09:59:32,AXP,104.02,5,ASK
2018-12-17 09:59:32,AXP,103.99,3,BID
2018-12-17 09:59:32,AXP,104.02,5,ASK
2018-12-17 09:59:34,AXP,103.99,3,BID
2018-12-17 09:59:34,AXP,104.02,5,ASK
2018-12-17 09:59:35,AXP,103.99,3,BID
2018-12-17 09:59:35,AXP,104.02,5,ASK
2018-12-17 09:59:36,AXP,104.03,5,BID
2018-12-17 09:59:36,AXP,104.04,1,ASK
2018-12-17 09:59:36,AXP,104.04,1,BID
2018-12-17 09:59:36,AXP,104.07,5,ASK
2018-12-17 09:59:36,AXP,104.04,1,BID
2018-12-17 09:59:36,AXP,104.07,5,ASK
2018-12-17 09:59:38,AXP,104.04,3,BID
2018-12-17 09:59:38,AXP,104.07,6,ASK
2018-12-17 09:59:38,AXP,104.08,2,BID
2018-12-17 09:59:38,AXP,104.12,3,ASK
2018-12-17 09:59:41,AXP,104.06,1,BID
2018-12-17 09:59:41,AXP,104.07,1,ASK
2018-12-17 09:59:41,AXP,104.06,3,BID
2018-12-17 09:59:42,AXP,104.1,1,ASK
2018-12-17 09:59:43,AXP,104.04,3,BID
2018-12-17 09:59:43,AXP,104.1,3,ASK
2018-12-17 09:59:45,AXP,104.01,2,BID
2018-12-17 09:59:45,AXP,104.06,4,ASK
2018-12-17 09:59:45,AXP,104.01,2,BID
2018-12-17 09:59:45,AXP,104.06,4,ASK
2018-12-17 09:59:45,AXP,104.01,2,BID
2018-12-17 09:59:45,AXP,104.06,4,ASK
2018-12-17 09:59:47,AXP,104.01,2,BID
2018-12-17 09:59:45,AXP,104.06,5,ASK
2018-12-17 09:59:47,AXP,104.01,2,BID
2018-12-17 09:59:45,AXP,104.06,5,ASK
2018-12-17 09:59:49,AXP,104.02,1,BID
2018-12-17 09:59:45,AXP,104.06,5,ASK
2018-12-17 09:59:50,AXP,104.06,1,BID
2018-12-17 09:59:50,AXP,104.08,2,ASK
2018-12-17 09:59:51,AXP,104.04,1,BID
2018-12-17 09:59:51,AXP,104.08,1,ASK
2018-12-17 09:59:52,AXP,104.04,3,BID
2018-12-17 09:59:52,AXP,104.09,2,ASK
2018-12-17 09:59:52,AXP,104.04,3,BID
2018-12-17 09:59:52,AXP,104.09,3,ASK
2018-12-17 09:59:54,AXP,104.05,2,BID
2018-12-17 09:59:53,AXP,104.11,4,ASK
2018-12-17 09:59:54,AXP,104.05,2,BID
2018-12-17 09:59:53,AXP,104.11,4,ASK
2018-12-17 09:59:55,AXP,104.06,1,BID
2018-12-17 09:59:55,AXP,104.1,2,ASK
2018-12-17 09:59:56,AXP,104.07,2,BID
2018-12-17 09:59:56,AXP,104.11,4,ASK
2018-12-17 09:59:58,AXP,104.07,4,BID
2018-12-17 09:59:56,AXP,104.11,4,ASK
2018-12-17 09:59:59,AXP,104.01,1,BID
2018-12-17 09:59:59,AXP,104.09,1,ASK
2018-12-17 10:00:00,AXP,104.01,2,BID
2018-12-17 10:00:00,AXP,104.09,2,ASK
2018-12-17 10:00:00,AXP,104.01,3,BID
2018-12-17 10:00:00,AXP,104.09,2,ASK
2018-12-17 10:00:01,AXP,104.01,2,BID
2018-12-17 10:00:01,AXP,104.08,1,ASK
2018-12-17 10:00:01,AXP,104.02,1,BID
2018-12-17 10:00:01,AXP,104.11,5,ASK
2018-12-17 10:00:02,AXP,104.02,2,BID
2018-12-17 10:00:01,AXP,104.11,5,ASK
2018-12-17 10:00:02,AXP,104.02,2,BID
2018-12-17 10:00:01,AXP,104.11,5,ASK
2018-12-17 10:00:02,AXP,104.02,3,BID
2018-12-17 10:00:01,AXP,104.11,5,ASK
2018-12-17 10:00:02,AXP,104.02,5,BID
2018-12-17 10:00:05,AXP,104.11,5,ASK
2018-12-17 10:00:02,AXP,104.02,4,BID
2018-12-17 10:00:07,AXP,104.11,5,ASK
2018-12-17 10:00:02,AXP,104.02,4,BID
2018-12-17 10:00:07,AXP,104.11,5,ASK
2018-12-17 10:00:02,AXP,104.02,4,BID
2018-12-17 10:00:07,AXP,104.11,5,ASK
2018-12-17 10:00:02,AXP,104.02,4,BID
2018-12-17 10:00:07,AXP,104.11,5,ASK
2018-12-17 10:00:09,AXP,104.03,1,BID
2018-12-17 10:00:09,AXP,104.11,5,ASK
2018-12-17 10:00:09,AXP,104.03,3,BID
2018-12-17 10:00:09,AXP,104.11,5,ASK
2018-12-17 10:00:10,AXP,104.08,1,BID
2018-12-17 10:00:10,AXP,104.13,1,ASK
2018-12-17 10:00:11,AXP,104.08,4,BID
2018-12-17 10:00:11,AXP,104.12,4,ASK
2018-12-17 10:00:13,AXP,104.04,1,BID
2018-12-17 10:00:13,AXP,104.1,3,ASK
2018-12-17 10:00:15,AXP,104.04,3,BID
2018-12-17 10:00:15,AXP,104.09,3,ASK
2018-12-17 10:00:15,AXP,104.04,3,BID
2018-12-17 10:00:15,AXP,104.09,3,ASK
2018-12-17 10:00:17,AXP,104.04,4,BID
2018-12-17 10:00:15,AXP,104.09,4,ASK
2018-12-17 10:00:17,AXP,104.04,4,BID
2018-12-17 10:00:15,AXP,104.09,4,ASK
2018-12-17 10:00:21,AXP,104.04,4,BID
2018-12-17 10:00:21,AXP,104.08,3,ASK
2018-12-17 09:59:44,AXP,104.0,4,BID
2018-12-17 10:00:22,AXP,104.07,3,ASK
2018-12-17 09:59:44,AXP,104.0,4,BID
2018-12-17 10:00:22,AXP,104.07,3,ASK
2018-12-17 09:59:44,AXP,104.0,4,BID
2018-12-17 10:00:22,AXP,104.07,3,ASK
2018-12-17 09:59:44,AXP,104.0,5,BID
2018-12-17 10:00:22,AXP,104.07,3,ASK
2018-12-17 09:59:44,AXP,104.0,5,BID
2018-12-17 10:00:22,AXP,104.07,3,ASK
2018-12-17 09:59:44,AXP,104.0,5,BID
2018-12-17 10:00:27,AXP,104.07,4,ASK
2018-12-17 09:59:44,AXP,104.0,5,BID
2018-12-17 10:00:28,AXP,104.07,6,ASK
2018-12-17 09:59:44,AXP,104.0,6,BID
2018-12-17 10:00:30,AXP,104.07,6,ASK
2018-12-17 10:00:30,AXP,104.02,1,BID
2018-12-17 10:00:30,AXP,104.07,6,ASK
2018-12-17 10:00:32,AXP,104.03,1,BID
2018-12-17 10:00:31,AXP,104.07,8,ASK
2018-12-17 10:00:32,AXP,104.03,1,BID
2018-12-17 10:00:31,AXP,104.07,8,ASK
2018-12-17 10:00:33,AXP,104.02,4,BID
2018-12-17 10:00:31,AXP,104.07,8,ASK
2018-12-17 10:00:35,AXP,104.02,4,BID
2018-12-17 10:00:35,AXP,104.06,3,ASK
2018-12-17 10:00:35,AXP,104.02,7,BID
2018-12-17 10:00:35,AXP,104.06,2,ASK
2018-12-17 10:00:36,AXP,104.02,6,BID
2018-12-17 10:00:35,AXP,104.06,2,ASK
2018-12-17 10:00:37,AXP,104.02,6,BID
2018-12-17 10:00:35,AXP,104.06,2,ASK
2018-12-17 10:00:37,AXP,104.02,6,BID
2018-12-17 10:00:35,AXP,104.06,2,ASK
2018-12-17 10:00:40,AXP,104.02,6,BID
2018-12-17 10:00:40,AXP,104.06,10,ASK
2018-12-17 10:00:40,AXP,104.02,6,BID
2018-12-17 10:00:41,AXP,104.06,10,ASK
2018-12-17 10:00:40,AXP,104.02,6,BID
2018-12-17 10:00:41,AXP,104.06,10,ASK
2018-12-17 10:00:40,AXP,104.02,9,BID
2018-12-17 10:00:42,AXP,104.06,10,ASK
2018-12-17 10:00:44,AXP,104.02,5,BID
2018-12-17 10:00:44,AXP,104.06,10,ASK
2018-12-17 10:00:44,AXP,104.02,5,BID
2018-12-17 10:00:44,AXP,104.06,10,ASK
2018-12-17 10:00:44,AXP,104.02,5,BID
2018-12-17 10:00:44,AXP,104.06,10,ASK
2018-12-17 10:00:44,AXP,104.02,5,BID
2018-12-17 10:00:44,AXP,104.06,10,ASK
2018-12-17 10:00:47,AXP,104.04,1,BID
2018-12-17 10:00:47,AXP,104.08,4,ASK
2018-12-17 10:00:48,AXP,104.04,3,BID
2018-12-17 10:00:48,AXP,104.08,4,ASK
2018-12-17 10:00:48,AXP,104.04,3,BID
2018-12-17 10:00:48,AXP,104.08,4,ASK
2018-12-17 10:00:48,AXP,104.04,3,BID
2018-12-17 10:00:48,AXP,104.08,4,ASK
2018-12-17 10:00:48,AXP,104.04,3,BID
2018-12-17 10:00:48,AXP,104.08,4,ASK
2018-12-17 10:00:52,AXP,104.04,4,BID
2018-12-17 10:00:52,AXP,104.08,4,ASK
2018-12-17 10:00:53,AXP,104.04,5,BID
2018-12-17 10:00:53,AXP,104.08,4,ASK
2018-12-17 10:00:54,AXP,104.06,1,BID
2018-12-17 10:00:54,AXP,104.08,1,ASK
2018-12-17 10:00:55,AXP,104.05,5,BID
2018-12-17 10:00:55,AXP,104.09,2,ASK
2018-12-17 10:00:56,AXP,104.05,6,BID
2018-12-17 10:00:56,AXP,104.09,5,ASK
2018-12-17 10:00:57,AXP,104.05,6,BID
2018-12-17 10:00:56,AXP,104.09,5,ASK
2018-12-17 10:00:58,AXP,104.08,4,BID
2018-12-17 10:00:58,AXP,104.1,1,ASK
2018-12-17 10:01:00,AXP,104.1,2,BID
2018-12-17 10:01:00,AXP,104.11,5,ASK
2018-12-17 10:01:01,AXP,104.1,1,BID
2018-12-17 10:01:00,AXP,104.11,4,ASK
2018-12-17 10:01:02,AXP,104.08,3,BID
2018-12-17 10:01:02,AXP,104.1,4,ASK
2018-12-17 10:01:03,AXP,104.09,1,BID
2018-12-17 10:01:02,AXP,104.11,5,ASK
2018-12-17 10:01:04,AXP,104.09,1,BID
2018-12-17 10:01:04,AXP,104.12,5,ASK
2018-12-17 10:01:05,AXP,104.09,2,BID
2018-12-17 10:01:05,AXP,104.12,5,ASK
2018-12-17 10:01:05,AXP,104.09,3,BID
2018-12-17 10:01:05,AXP,104.12,5,ASK
2018-12-17 10:01:05,AXP,104.09,2,BID
2018-12-17 10:01:06,AXP,104.12,5,ASK
2018-12-17 10:01:07,AXP,104.1,2,BID
2018-12-17 10:01:07,AXP,104.13,2,ASK
2018-12-17 10:01:09,AXP,104.1,4,BID
2018-12-17 10:01:08,AXP,104.13,2,ASK
2018-12-17 10:01:09,AXP,104.09,4,BID
2018-12-17 10:01:09,AXP,104.12,1,ASK
2018-12-17 10:01:09,AXP,104.09,4,BID
2018-12-17 10:01:09,AXP,104.12,1,ASK
2018-12-17 10:01:11,AXP,104.09,3,BID
2018-12-17 10:01:11,AXP,104.12,1,ASK
2018-12-17 10:01:11,AXP,104.09,3,BID
2018-12-17 10:01:11,AXP,104.12,1,ASK
2018-12-17 10:01:11,AXP,104.09,3,BID
2018-12-17 10:01:14,AXP,104.12,4,ASK
2018-12-17 10:01:11,AXP,104.09,3,BID
2018-12-17 10:01:14,AXP,104.12,4,ASK
2018-12-17 10:01:16,AXP,104.07,10,BID
2018-12-17 10:01:16,AXP,104.1,1,ASK
2018-12-17 10:01:16,AXP,104.07,10,BID
2018-12-17 10:01:16,AXP,104.1,1,ASK
2018-12-17 10:01:18,AXP,104.08,2,BID
2018-12-17 10:01:18,AXP,104.11,3,ASK
2018-12-17 10:01:18,AXP,104.09,1,BID
2018-12-17 10:01:18,AXP,104.12,7,ASK
2018-12-17 10:01:18,AXP,104.09,1,BID
2018-12-17 10:01:18,AXP,104.12,7,ASK
2018-12-17 10:01:21,AXP,104.08,6,BID
2018-12-17 10:01:18,AXP,104.12,7,ASK
2018-12-17 10:01:21,AXP,104.08,6,BID
2018-12-17 10:01:21,AXP,104.12,9,ASK
2018-12-17 10:01:23,AXP,104.09,2,BID
2018-12-17 10:01:23,AXP,104.12,9,ASK
2018-12-17 10:01:23,AXP,104.08,6,BID
2018-12-17 10:01:23,AXP,104.12,9,ASK
2018-12-17 10:01:25,AXP,104.09,4,BID
2018-12-17 10:01:25,AXP,104.12,9,ASK
2018-12-17 10:01:26,AXP,104.09,6,BID
2018-12-17 10:01:26,AXP,104.12,9,ASK
2018-12-17 10:01:26,AXP,104.1,4,BID
2018-12-17 10:01:26,AXP,104.12,9,ASK
2018-12-17 10:01:26,AXP,104.09,4,BID
2018-12-17 10:01:28,AXP,104.12,9,ASK
2018-12-17 10:01:28,AXP,104.09,6,BID
2018-12-17 10:01:29,AXP,104.12,9,ASK
2018-12-17 10:01:28,AXP,104.09,6,BID
2018-12-17 10:01:30,AXP,104.12,9,ASK
2018-12-17 10:01:28,AXP,104.09,6,BID
2018-12-17 10:01:30,AXP,104.12,9,ASK
2018-12-17 10:01:31,AXP,104.1,3,BID
2018-12-17 10:01:31,AXP,104.12,9,ASK
2018-12-17 10:01:33,AXP,104.12,7,BID
2018-12-17 10:01:33,AXP,104.15,3,ASK
2018-12-17 10:01:34,AXP,104.13,3,BID
2018-12-17 10:01:34,AXP,104.17,7,ASK
2018-12-17 10:01:34,AXP,104.13,5,BID
2018-12-17 10:01:34,AXP,104.17,6,ASK
2018-12-17 10:01:36,AXP,104.14,4,BID
2018-12-17 10:01:35,AXP,104.17,6,ASK
2018-12-17 10:01:37,AXP,104.13,5,BID
2018-12-17 10:01:37,AXP,104.16,2,ASK
2018-12-17 10:01:37,AXP,104.14,3,BID
2018-12-17 10:01:35,AXP,104.17,6,ASK
2018-12-17 10:01:38,AXP,104.16,5,BID
2018-12-17 10:01:38,AXP,104.2,1,ASK
2018-12-17 10:01:39,AXP,104.16,7,BID
2018-12-17 10:01:39,AXP,104.19,2,ASK
2018-12-17 10:01:41,AXP,104.16,7,BID
2018-12-17 10:01:41,AXP,104.2,7,ASK
2018-12-17 10:01:41,AXP,104.16,7,BID
2018-12-17 10:01:41,AXP,104.2,7,ASK
2018-12-17 10:01:41,AXP,104.16,7,BID
2018-12-17 10:01:41,AXP,104.2,7,ASK
2018-12-17 10:01:44,AXP,104.16,7,BID
2018-12-17 10:01:44,AXP,104.2,7,ASK
2018-12-17 10:01:45,AXP,104.16,8,BID
2018-12-17 10:01:45,AXP,104.2,7,ASK
2018-12-17 10:01:45,AXP,104.16,8,BID
2018-12-17 10:01:45,AXP,104.2,7,ASK
2018-12-17 10:01:45,AXP,104.16,8,BID
2018-12-17 10:01:45,AXP,104.2,7,ASK
2018-12-17 10:01:45,AXP,104.16,8,BID
2018-12-17 10:01:45,AXP,104.2,7,ASK
2018-12-17 10:01:49,AXP,104.17,2,BID
2018-12-17 10:01:49,AXP,104.2,7,ASK
2018-12-17 10:01:50,AXP,104.14,7,BID
2018-12-17 10:01:50,AXP,104.18,2,ASK
2018-12-17 10:01:50,AXP,104.14,7,BID
2018-12-17 10:01:50,AXP,104.18,2,ASK
2018-12-17 10:01:52,AXP,104.11,11,BID
2018-12-17 10:01:52,AXP,104.15,4,ASK
2018-12-17 10:01:52,AXP,104.11,11,BID
2018-12-17 10:01:52,AXP,104.14,4,ASK
2018-12-17 10:01:54,AXP,104.08,4,BID
2018-12-17 10:01:54,AXP,104.12,1,ASK
2018-12-17 10:01:55,AXP,104.08,5,BID
2018-12-17 10:01:54,AXP,104.12,2,ASK
2018-12-17 10:01:55,AXP,104.09,5,BID
2018-12-17 10:01:55,AXP,104.15,4,ASK
2018-12-17 10:01:55,AXP,104.09,5,BID
2018-12-17 10:01:55,AXP,104.15,4,ASK
2018-12-17 10:01:57,AXP,104.1,2,BID
2018-12-17 10:01:57,AXP,104.15,7,ASK
2018-12-17 10:01:57,AXP,104.1,2,BID
2018-12-17 10:01:57,AXP,104.15,7,ASK
2018-12-17 10:02:00,AXP,104.1,6,BID
2018-12-17 10:02:00,AXP,104.14,4,ASK
2018-12-17 10:02:00,AXP,104.1,4,BID
2018-12-17 10:02:00,AXP,104.14,4,ASK
2018-12-17 10:02:00,AXP,104.1,4,BID
2018-12-17 10:02:00,AXP,104.14,4,ASK
2018-12-17 10:02:00,AXP,104.1,4,BID
2018-12-17 10:02:00,AXP,104.14,4,ASK
2018-12-17 10:02:00,AXP,104.1,4,BID
2018-12-17 10:02:00,AXP,104.14,4,ASK
2018-12-17 10:02:00,AXP,104.1,4,BID
2018-12-17 10:02:00,AXP,104.14,4,ASK
2018-12-17 10:02:06,AXP,104.09,3,BID
2018-12-17 10:02:06,AXP,104.12,3,ASK
2018-12-17 10:02:07,AXP,104.09,3,BID
2018-12-17 10:02:07,AXP,104.12,2,ASK
2018-12-17 10:02:08,AXP,104.09,3,BID
2018-12-17 10:02:08,AXP,104.13,2,ASK
2018-12-17 10:02:08,AXP,104.04,5,BID
2018-12-17 10:02:09,AXP,104.09,2,ASK
2018-12-17 10:02:08,AXP,104.04,5,BID
2018-12-17 10:02:09,AXP,104.09,2,ASK
2018-12-17 10:02:08,AXP,104.04,5,BID
2018-12-17 10:02:11,AXP,104.08,2,ASK
2018-12-17 10:02:12,AXP,104.02,5,BID
2018-12-17 10:02:12,AXP,104.05,4,ASK
2018-12-17 10:02:13,AXP,104.02,6,BID
2018-12-17 10:02:13,AXP,104.06,3,ASK
2018-12-17 10:02:13,AXP,104.02,6,BID
2018-12-17 10:02:13,AXP,104.06,3,ASK
2018-12-17 10:02:12,AXP,104.02,6,BID
2018-12-17 10:02:15,AXP,104.05,7,ASK
2018-12-17 10:02:16,AXP,103.99,1,BID
2018-12-17 10:02:16,AXP,104.03,5,ASK
2018-12-17 10:02:17,AXP,103.99,2,BID
2018-12-17 10:02:17,AXP,104.03,5,ASK
2018-12-17 10:02:17,AXP,103.99,2,BID
2018-12-17 10:02:17,AXP,104.03,5,ASK
2018-12-17 10:02:17,AXP,103.99,2,BID
2018-12-17 10:02:17,AXP,104.03,5,ASK
2018-12-17 10:02:17,AXP,103.99,2,BID
2018-12-17 10:02:17,AXP,104.03,5,ASK
2018-12-17 10:02:21,AXP,104.01,3,BID
2018-12-17 10:02:21,AXP,104.04,7,ASK
2018-12-17 10:02:22,AXP,104.01,4,BID
2018-12-17 10:02:21,AXP,104.04,8,ASK
2018-12-17 10:02:22,AXP,104.01,4,BID
2018-12-17 10:02:21,AXP,104.04,8,ASK
2018-12-17 10:02:24,AXP,103.99,5,BID
2018-12-17 10:02:24,AXP,104.02,3,ASK
2018-12-17 10:02:25,AXP,103.99,5,BID
2018-12-17 10:02:25,AXP,104.02,3,ASK
2018-12-17 10:02:25,AXP,103.99,4,BID
2018-12-17 10:02:26,AXP,104.01,2,ASK
2018-12-17 10:02:27,AXP,103.99,4,BID
2018-12-17 10:02:27,AXP,104.02,7,ASK
2018-12-17 10:02:28,AXP,103.99,5,BID
2018-12-17 10:02:28,AXP,104.02,7,ASK
2018-12-17 10:02:29,AXP,103.96,4,BID
2018-12-17 10:02:29,AXP,104.01,5,ASK
2018-12-17 10:02:29,AXP,103.96,4,BID
2018-12-17 10:02:30,AXP,104.01,8,ASK
2018-12-17 10:02:29,AXP,103.96,4,BID
2018-12-17 10:02:30,AXP,104.01,8,ASK
2018-12-17 10:02:29,AXP,103.96,4,BID
2018-12-17 10:02:30,AXP,104.01,8,ASK
2018-12-17 10:02:29,AXP,103.96,5,BID
2018-12-17 10:02:33,AXP,103.99,1,ASK
2018-12-17 10:02:29,AXP,103.96,4,BID
2018-12-17 10:02:34,AXP,103.99,2,ASK
2018-12-17 10:02:35,AXP,103.98,1,BID
2018-12-17 10:02:35,AXP,104.01,10,ASK
2018-12-17 10:02:35,AXP,103.97,3,BID
2018-12-17 10:02:35,AXP,104.01,11,ASK
2018-12-17 10:02:37,AXP,103.97,3,BID
2018-12-17 10:02:37,AXP,103.99,1,ASK
2018-12-17 10:02:38,AXP,103.97,3,BID
2018-12-17 10:02:38,AXP,103.99,3,ASK
2018-12-17 10:02:38,AXP,103.97,3,BID
2018-12-17 10:02:38,AXP,104.0,1,ASK
2018-12-17 10:02:40,AXP,103.97,1,BID
2018-12-17 10:02:40,AXP,103.99,1,ASK
2018-12-17 10:02:40,AXP,103.97,1,BID
2018-12-17 10:02:40,AXP,103.99,1,ASK
2018-12-17 10:02:40,AXP,103.97,1,BID
2018-12-17 10:02:40,AXP,103.99,1,ASK
2018-12-17 10:02:40,AXP,103.97,1,BID
2018-12-17 10:02:40,AXP,103.99,1,ASK
2018-12-17 10:02:44,AXP,103.95,8,BID
2018-12-17 10:02:44,AXP,103.98,2,ASK
2018-12-17 10:02:45,AXP,103.96,3,BID
2018-12-17 10:02:45,AXP,103.99,3,ASK
2018-12-17 10:02:45,AXP,103.96,6,BID
2018-12-17 10:02:45,AXP,103.99,1,ASK
2018-12-17 10:02:46,AXP,103.96,6,BID
2018-12-17 10:02:46,AXP,103.99,2,ASK
2018-12-17 10:02:46,AXP,103.96,6,BID
2018-12-17 10:02:46,AXP,103.99,2,ASK
2018-12-17 10:02:46,AXP,103.96,6,BID
2018-12-17 10:02:46,AXP,103.99,2,ASK
2018-12-17 10:02:46,AXP,103.96,6,BID
2018-12-17 10:02:46,AXP,103.99,2,ASK
2018-12-17 10:02:51,AXP,103.96,6,BID
2018-12-17 10:02:51,AXP,103.99,4,ASK
2018-12-17 10:02:51,AXP,103.96,6,BID
2018-12-17 10:02:51,AXP,103.99,4,ASK
2018-12-17 10:02:51,AXP,103.96,6,BID
2018-12-17 10:02:51,AXP,103.99,4,ASK
2018-12-17 10:02:54,AXP,103.95,2,BID
2018-12-17 10:02:54,AXP,103.97,2,ASK
2018-12-17 10:02:55,AXP,103.95,2,BID
2018-12-17 10:02:55,AXP,103.98,5,ASK
2018-12-17 10:02:55,AXP,103.95,2,BID
2018-12-17 10:02:55,AXP,103.98,5,ASK
2018-12-17 10:02:56,AXP,103.95,4,BID
2018-12-17 10:02:55,AXP,103.98,5,ASK
2018-12-17 10:02:58,AXP,103.95,4,BID
2018-12-17 10:02:58,AXP,103.98,6,ASK
2018-12-17 10:02:58,AXP,103.95,4,BID
2018-12-17 10:02:58,AXP,103.98,6,ASK
2018-12-17 10:03:00,AXP,103.95,4,BID
2018-12-17 10:03:00,AXP,103.98,6,ASK
2018-12-17 10:03:00,AXP,103.95,4,BID
2018-12-17 10:03:00,AXP,103.98,6,ASK
2018-12-17 10:03:00,AXP,103.95,4,BID
2018-12-17 10:03:00,AXP,103.98,6,ASK
2018-12-17 10:03:03,AXP,103.92,7,BID
2018-12-17 10:03:03,AXP,103.96,1,ASK
2018-12-17 10:03:04,AXP,103.95,1,BID
2018-12-17 10:03:03,AXP,103.98,7,ASK
2018-12-17 10:03:05,AXP,103.95,2,BID
2018-12-17 10:03:04,AXP,103.98,5,ASK
2018-12-17 10:03:05,AXP,103.96,1,BID
2018-12-17 10:03:04,AXP,103.98,5,ASK
2018-12-17 10:03:07,AXP,103.99,1,BID
2018-12-17 10:02:35,AXP,104.01,10,ASK
2018-12-17 10:03:08,AXP,104.0,1,BID
2018-12-17 10:03:08,AXP,104.01,7,ASK
2018-12-17 10:03:09,AXP,103.97,5,BID
2018-12-17 10:03:09,AXP,103.99,1,ASK
2018-12-17 10:03:10,AXP,104.0,5,BID
2018-12-17 10:03:10,AXP,104.03,1,ASK
2018-12-17 10:03:10,AXP,104.0,5,BID
2018-12-17 10:03:10,AXP,104.03,1,ASK
2018-12-17 10:03:12,AXP,104.01,2,BID
2018-12-17 10:03:12,AXP,104.03,3,ASK
2018-12-17 10:03:12,AXP,104.01,2,BID
2018-12-17 10:03:12,AXP,104.03,3,ASK
2018-12-17 10:03:12,AXP,104.01,2,BID
