timestamp,ticker,price,volume,bid_ask
2018-12-17 09:40:32,BA,318.05,1,BID
2018-12-17 09:40:32,BA,318.5,2,ASK
2018-12-17 09:40:32,BA,318.05,1,BID
2018-12-17 09:40:32,BA,318.5,2,ASK
2018-12-17 09:40:37,BA,318.11,4,BID
2018-12-17 09:40:37,BA,318.5,2,ASK
2018-12-17 09:40:37,BA,318.11,4,BID
2018-12-17 09:40:37,BA,318.5,2,ASK
2018-12-17 09:40:40,BA,318.11,4,BID
2018-12-17 09:40:40,BA,318.5,2,ASK
2018-12-17 09:40:40,BA,318.11,4,BID
2018-12-17 09:40:40,BA,318.5,2,ASK
2018-12-17 09:40:40,BA,318.11,4,BID
2018-12-17 09:40:40,BA,318.5,2,ASK
2018-12-17 09:40:40,BA,318.11,4,BID
2018-12-17 09:40:40,BA,318.5,2,ASK
2018-12-17 09:40:40,BA,318.11,4,BID
2018-12-17 09:40:40,BA,318.5,2,ASK
2018-12-17 09:40:44,BA,318.11,4,BID
2018-12-17 09:40:44,BA,318.5,2,ASK
2018-12-17 09:40:44,BA,318.11,4,BID
2018-12-17 09:40:44,BA,318.5,2,ASK
2018-12-17 09:40:47,BA,318.11,4,BID
2018-12-17 09:40:47,BA,318.5,4,ASK
2018-12-17 09:40:47,BA,318.24,2,BID
2018-12-17 09:40:47,BA,318.69,1,ASK
2018-12-17 09:40:49,BA,318.24,2,BID
2018-12-17 09:40:49,BA,318.69,2,ASK
2018-12-17 09:40:49,BA,318.24,2,BID
2018-12-17 09:40:49,BA,318.68,2,ASK
2018-12-17 09:40:50,BA,318.24,4,BID
2018-12-17 09:40:50,BA,318.67,1,ASK
2018-12-17 09:40:51,BA,318.24,4,BID
2018-12-17 09:40:51,BA,318.67,1,ASK
2018-12-17 09:40:52,BA,318.24,4,BID
2018-12-17 09:40:52,BA,318.68,2,ASK
2018-12-17 09:40:53,BA,318.24,4,BID
2018-12-17 09:40:53,BA,318.68,2,ASK
2018-12-17 09:40:55,BA,318.24,4,BID
2018-12-17 09:40:55,BA,318.62,1,ASK
2018-12-17 09:40:56,BA,318.24,4,BID
2018-12-17 09:40:56,BA,318.58,1,ASK
2018-12-17 09:40:56,BA,318.24,4,BID
2018-12-17 09:40:56,BA,318.58,1,ASK
2018-12-17 09:40:57,BA,318.24,4,BID
2018-12-17 09:40:57,BA,318.57,1,ASK
2018-12-17 09:40:58,BA,318.24,4,BID
2018-12-17 09:40:58,BA,318.54,1,ASK
2018-12-17 09:41:00,BA,318.24,4,BID
2018-12-17 09:41:00,BA,318.52,1,ASK
2018-12-17 09:41:00,BA,318.24,4,BID
2018-12-17 09:41:00,BA,318.52,1,ASK
2018-12-17 09:41:02,BA,318.24,4,BID
2018-12-17 09:41:02,BA,318.5,1,ASK
2018-12-17 09:41:02,BA,318.24,4,BID
2018-12-17 09:41:02,BA,318.48,1,ASK
2018-12-17 09:41:03,BA,318.24,4,BID
2018-12-17 09:41:03,BA,318.45,2,ASK
2018-12-17 09:41:04,BA,318.11,4,BID
2018-12-17 09:41:04,BA,318.33,1,ASK
2018-12-17 09:41:05,BA,318.11,4,BID
2018-12-17 09:41:05,BA,318.29,1,ASK
2018-12-17 09:41:06,BA,317.61,1,BID
2018-12-17 09:41:06,BA,318.11,1,ASK
2018-12-17 09:41:07,BA,317.61,1,BID
2018-12-17 09:41:07,BA,317.99,1,ASK
2018-12-17 09:41:08,BA,317.5,3,BID
2018-12-17 09:41:08,BA,317.9,1,ASK
2018-12-17 09:41:09,BA,317.5,3,BID
2018-12-17 09:41:09,BA,317.79,1,ASK
2018-12-17 09:41:10,BA,317.5,3,BID
2018-12-17 09:41:10,BA,317.79,3,ASK
2018-12-17 09:41:10,BA,317.5,3,BID
2018-12-17 09:41:10,BA,317.79,3,ASK
2018-12-17 09:41:12,BA,317.16,2,BID
2018-12-17 09:41:12,BA,317.6,2,ASK
2018-12-17 09:41:13,BA,317.13,5,BID
2018-12-17 09:41:13,BA,317.6,2,ASK
2018-12-17 09:41:14,BA,317.13,5,BID
2018-12-17 09:41:14,BA,317.6,2,ASK
2018-12-17 09:41:15,BA,317.2,1,BID
2018-12-17 09:41:15,BA,317.6,2,ASK
2018-12-17 09:41:15,BA,317.13,5,BID
2018-12-17 09:41:15,BA,317.6,2,ASK
2018-12-17 09:41:15,BA,317.13,5,BID
2018-12-17 09:41:15,BA,317.6,2,ASK
2018-12-17 09:41:17,BA,317.13,5,BID
2018-12-17 09:41:17,BA,317.6,2,ASK
2018-12-17 09:41:19,BA,317.13,5,BID
2018-12-17 09:41:19,BA,317.6,3,ASK
2018-12-17 09:41:19,BA,317.13,5,BID
2018-12-17 09:41:19,BA,317.6,3,ASK
2018-12-17 09:41:22,BA,317.13,5,BID
2018-12-17 09:41:22,BA,317.51,4,ASK
2018-12-17 09:41:23,BA,317.13,5,BID
2018-12-17 09:41:23,BA,317.51,4,ASK
2018-12-17 09:41:24,BA,317.13,5,BID
2018-12-17 09:41:24,BA,317.45,3,ASK
2018-12-17 09:41:24,BA,317.13,5,BID
2018-12-17 09:41:24,BA,317.45,3,ASK
2018-12-17 09:41:26,BA,317.13,5,BID
2018-12-17 09:41:26,BA,317.41,1,ASK
2018-12-17 09:41:26,BA,317.13,5,BID
2018-12-17 09:41:26,BA,317.38,1,ASK
2018-12-17 09:41:27,BA,317.13,5,BID
2018-12-17 09:41:27,BA,317.36,2,ASK
2018-12-17 09:41:27,BA,317.13,5,BID
2018-12-17 09:41:27,BA,317.36,2,ASK
2018-12-17 09:41:30,BA,317.13,5,BID
2018-12-17 09:41:30,BA,317.36,2,ASK
2018-12-17 09:41:30,BA,317.19,1,BID
2018-12-17 09:41:30,BA,317.45,4,ASK
2018-12-17 09:41:30,BA,317.19,2,BID
2018-12-17 09:41:30,BA,317.45,4,ASK
2018-12-17 09:41:32,BA,317.19,2,BID
2018-12-17 09:41:32,BA,317.51,4,ASK
2018-12-17 09:41:32,BA,317.19,2,BID
2018-12-17 09:41:32,BA,317.51,4,ASK
2018-12-17 09:41:35,BA,317.19,2,BID
2018-12-17 09:41:35,BA,317.51,4,ASK
2018-12-17 09:41:35,BA,317.19,2,BID
2018-12-17 09:41:35,BA,317.51,4,ASK
2018-12-17 09:41:37,BA,317.19,2,BID
2018-12-17 09:41:37,BA,317.51,4,ASK
2018-12-17 09:41:37,BA,317.19,2,BID
2018-12-17 09:41:37,BA,317.51,4,ASK
2018-12-17 09:41:39,BA,317.19,2,BID
2018-12-17 09:41:37,BA,317.51,3,ASK
2018-12-17 09:41:39,BA,317.19,2,BID
2018-12-17 09:41:39,BA,317.5,1,ASK
2018-12-17 09:41:40,BA,317.19,3,BID
2018-12-17 09:41:40,BA,317.5,1,ASK
2018-12-17 09:41:42,BA,316.88,2,BID
2018-12-17 09:41:42,BA,317.18,2,ASK
2018-12-17 09:41:42,BA,316.88,2,BID
2018-12-17 09:41:42,BA,317.18,1,ASK
2018-12-17 09:41:43,BA,316.88,2,BID
2018-12-17 09:41:43,BA,317.08,2,ASK
2018-12-17 09:41:43,BA,316.88,2,BID
2018-12-17 09:41:43,BA,317.08,2,ASK
2018-12-17 09:41:43,BA,316.88,2,BID
2018-12-17 09:41:45,BA,317.08,2,ASK
2018-12-17 09:41:43,BA,316.88,2,BID
2018-12-17 09:41:45,BA,317.08,2,ASK
2018-12-17 09:41:48,BA,317.11,1,BID
2018-12-17 09:41:48,BA,317.61,1,ASK
2018-12-17 09:41:49,BA,317.2,2,BID
2018-12-17 09:41:49,BA,317.76,2,ASK
2018-12-17 09:41:49,BA,317.24,1,BID
2018-12-17 09:41:49,BA,317.76,3,ASK
2018-12-17 09:41:51,BA,317.26,2,BID
2018-12-17 09:41:51,BA,317.76,3,ASK
2018-12-17 09:41:52,BA,317.26,2,BID
2018-12-17 09:41:51,BA,317.76,3,ASK
2018-12-17 09:41:52,BA,317.33,2,BID
2018-12-17 09:41:52,BA,317.76,3,ASK
2018-12-17 09:41:53,BA,317.33,3,BID
2018-12-17 09:41:53,BA,317.76,3,ASK
2018-12-17 09:41:53,BA,317.36,1,BID
2018-12-17 09:41:53,BA,317.76,3,ASK
2018-12-17 09:41:54,BA,317.43,1,BID
2018-12-17 09:41:54,BA,317.76,3,ASK
2018-12-17 09:41:56,BA,317.8,1,BID
2018-12-17 09:41:56,BA,318.21,1,ASK
2018-12-17 09:41:57,BA,317.84,1,BID
2018-12-17 09:41:57,BA,318.21,1,ASK
2018-12-17 09:41:57,BA,317.84,1,BID
2018-12-17 09:41:57,BA,318.21,1,ASK
2018-12-17 09:41:59,BA,317.85,1,BID
2018-12-17 09:41:59,BA,318.16,1,ASK
2018-12-17 09:42:01,BA,317.85,3,BID
2018-12-17 09:42:01,BA,318.16,1,ASK
2018-12-17 09:42:01,BA,317.85,4,BID
2018-12-17 09:42:01,BA,318.16,1,ASK
2018-12-17 09:42:02,BA,317.85,4,BID
2018-12-17 09:42:02,BA,318.16,1,ASK
2018-12-17 09:42:03,BA,317.86,1,BID
2018-12-17 09:42:03,BA,318.16,1,ASK
2018-12-17 09:42:04,BA,317.87,1,BID
2018-12-17 09:42:04,BA,318.16,1,ASK
2018-12-17 09:42:04,BA,317.87,1,BID
2018-12-17 09:42:04,BA,318.16,1,ASK
2018-12-17 09:42:07,BA,317.87,1,BID
2018-12-17 09:42:07,BA,318.16,1,ASK
2018-12-17 09:42:07,BA,317.87,1,BID
2018-12-17 09:42:07,BA,318.16,1,ASK
2018-12-17 09:42:09,BA,317.88,1,BID
2018-12-17 09:42:09,BA,318.16,1,ASK
2018-12-17 09:42:09,BA,317.87,1,BID
2018-12-17 09:42:09,BA,318.16,1,ASK
2018-12-17 09:42:09,BA,317.87,1,BID
2018-12-17 09:42:09,BA,318.16,1,ASK
2018-12-17 09:42:09,BA,317.87,1,BID
2018-12-17 09:42:09,BA,318.16,1,ASK
2018-12-17 09:42:09,BA,317.87,1,BID
2018-12-17 09:42:09,BA,318.16,1,ASK
2018-12-17 09:42:09,BA,317.87,1,BID
2018-12-17 09:42:09,BA,318.16,1,ASK
2018-12-17 09:42:14,BA,317.7,2,BID
2018-12-17 09:42:14,BA,318.13,1,ASK
2018-12-17 09:42:14,BA,317.7,2,BID
2018-12-17 09:42:14,BA,318.13,1,ASK
2018-12-17 09:42:14,BA,317.7,2,BID
2018-12-17 09:42:14,BA,318.13,1,ASK
2018-12-17 09:42:17,BA,317.7,3,BID
2018-12-17 09:42:17,BA,318.13,1,ASK
2018-12-17 09:42:17,BA,317.7,3,BID
2018-12-17 09:42:17,BA,318.13,1,ASK
2018-12-17 09:42:17,BA,317.7,3,BID
2018-12-17 09:42:17,BA,318.13,1,ASK
2018-12-17 09:42:19,BA,317.7,3,BID
2018-12-17 09:42:19,BA,318.13,1,ASK
2018-12-17 09:42:22,BA,317.71,1,BID
2018-12-17 09:42:22,BA,318.06,1,ASK
2018-12-17 09:42:23,BA,317.72,1,BID
2018-12-17 09:42:23,BA,318.06,1,ASK
2018-12-17 09:42:23,BA,317.71,1,BID
2018-12-17 09:42:23,BA,318.06,1,ASK
2018-12-17 09:42:23,BA,317.71,1,BID
2018-12-17 09:42:23,BA,318.06,1,ASK
2018-12-17 09:42:23,BA,317.71,1,BID
2018-12-17 09:42:23,BA,318.06,1,ASK
2018-12-17 09:42:23,BA,317.71,1,BID
2018-12-17 09:42:23,BA,318.06,1,ASK
2018-12-17 09:42:23,BA,317.71,1,BID
2018-12-17 09:42:23,BA,318.06,1,ASK
2018-12-17 09:42:23,BA,317.71,1,BID
2018-12-17 09:42:23,BA,318.06,1,ASK
2018-12-17 09:42:30,BA,317.71,1,BID
2018-12-17 09:42:30,BA,318.02,1,ASK
2018-12-17 09:42:30,BA,317.75,1,BID
2018-12-17 09:42:30,BA,318.01,1,ASK
2018-12-17 09:42:32,BA,317.77,1,BID
2018-12-17 09:42:32,BA,318.05,3,ASK
2018-12-17 09:42:32,BA,317.77,1,BID
2018-12-17 09:42:32,BA,318.05,3,ASK
2018-12-17 09:42:34,BA,317.77,1,BID
2018-12-17 09:42:34,BA,318.04,1,ASK
2018-12-17 09:42:35,BA,317.77,1,BID
2018-12-17 09:42:35,BA,318.05,3,ASK
2018-12-17 09:42:36,BA,317.77,1,BID
2018-12-17 09:42:36,BA,318.01,2,ASK
2018-12-17 09:42:37,BA,317.65,1,BID
2018-12-17 09:42:37,BA,317.87,2,ASK
2018-12-17 09:42:38,BA,317.65,1,BID
2018-12-17 09:42:38,BA,317.87,2,ASK
2018-12-17 09:42:38,BA,317.65,1,BID
2018-12-17 09:42:38,BA,317.87,2,ASK
2018-12-17 09:42:40,BA,317.54,1,BID
2018-12-17 09:42:40,BA,317.86,1,ASK
2018-12-17 09:41:53,BA,317.33,4,BID
2018-12-17 09:42:40,BA,317.73,1,ASK
2018-12-17 09:42:41,BA,317.34,1,BID
2018-12-17 09:42:41,BA,317.72,2,ASK
2018-12-17 09:42:42,BA,317.33,4,BID
2018-12-17 09:42:42,BA,317.7,1,ASK
2018-12-17 09:42:44,BA,317.33,4,BID
2018-12-17 09:42:44,BA,317.67,2,ASK
2018-12-17 09:42:45,BA,317.33,4,BID
2018-12-17 09:42:45,BA,317.66,1,ASK
2018-12-17 09:42:46,BA,317.4,1,BID
2018-12-17 09:42:46,BA,317.66,1,ASK
2018-12-17 09:42:47,BA,317.4,1,BID
2018-12-17 09:42:47,BA,317.65,1,ASK
2018-12-17 09:42:48,BA,317.33,4,BID
2018-12-17 09:42:48,BA,317.66,1,ASK
2018-12-17 09:42:48,BA,317.33,4,BID
2018-12-17 09:42:48,BA,317.66,1,ASK
2018-12-17 09:42:50,BA,317.17,1,BID
2018-12-17 09:42:50,BA,317.45,1,ASK
2018-12-17 09:42:51,BA,317.17,1,BID
2018-12-17 09:42:51,BA,317.44,2,ASK
2018-12-17 09:42:52,BA,317.17,1,BID
2018-12-17 09:42:52,BA,317.42,1,ASK
2018-12-17 09:42:53,BA,317.17,1,BID
2018-12-17 09:42:53,BA,317.4,1,ASK
2018-12-17 09:42:54,BA,317.17,1,BID
2018-12-17 09:42:54,BA,317.38,1,ASK
2018-12-17 09:42:55,BA,317.37,1,BID
2018-12-17 09:42:55,BA,317.67,3,ASK
2018-12-17 09:42:55,BA,317.37,1,BID
2018-12-17 09:42:55,BA,317.67,3,ASK
2018-12-17 09:42:57,BA,317.38,1,BID
2018-12-17 09:42:57,BA,317.66,1,ASK
2018-12-17 09:42:58,BA,317.37,1,BID
2018-12-17 09:42:58,BA,317.52,3,ASK
2018-12-17 09:42:59,BA,317.1,1,BID
2018-12-17 09:42:59,BA,317.44,1,ASK
2018-12-17 09:43:00,BA,317.09,1,BID
2018-12-17 09:43:00,BA,317.44,1,ASK
2018-12-17 09:43:01,BA,317.09,1,BID
2018-12-17 09:43:01,BA,317.32,1,ASK
2018-12-17 09:43:01,BA,317.09,1,BID
2018-12-17 09:43:01,BA,317.32,1,ASK
2018-12-17 09:43:01,BA,317.09,1,BID
2018-12-17 09:43:01,BA,317.32,1,ASK
2018-12-17 09:43:01,BA,317.09,1,BID
2018-12-17 09:43:01,BA,317.32,1,ASK
2018-12-17 09:43:05,BA,317.0,4,BID
2018-12-17 09:43:05,BA,317.32,1,ASK
2018-12-17 09:43:06,BA,316.88,2,BID
2018-12-17 09:43:06,BA,317.11,1,ASK
2018-12-17 09:36:41,BA,316.68,3,BID
2018-12-17 09:43:07,BA,317.0,1,ASK
2018-12-17 09:43:08,BA,316.8,2,BID
2018-12-17 09:43:08,BA,317.11,2,ASK
2018-12-17 09:43:09,BA,316.8,2,BID
2018-12-17 09:43:09,BA,317.11,2,ASK
2018-12-17 09:43:10,BA,316.8,2,BID
2018-12-17 09:43:10,BA,317.11,2,ASK
2018-12-17 09:43:11,BA,316.8,2,BID
2018-12-17 09:43:11,BA,317.1,2,ASK
2018-12-17 09:43:08,BA,316.8,2,BID
2018-12-17 09:43:12,BA,317.1,2,ASK
2018-12-17 09:43:08,BA,316.8,2,BID
2018-12-17 09:43:12,BA,317.1,2,ASK
2018-12-17 09:43:08,BA,316.8,2,BID
2018-12-17 09:43:14,BA,317.1,2,ASK
2018-12-17 09:43:08,BA,316.8,2,BID
2018-12-17 09:43:15,BA,316.99,1,ASK
2018-12-17 09:36:41,BA,316.68,2,BID
2018-12-17 09:43:16,BA,316.8,1,ASK
2018-12-17 09:36:41,BA,316.68,2,BID
2018-12-17 09:43:16,BA,316.79,1,ASK
2018-12-17 09:43:18,BA,316.44,2,BID
2018-12-17 09:43:18,BA,316.79,1,ASK
2018-12-17 09:43:19,BA,316.44,1,BID
2018-12-17 09:43:18,BA,316.79,1,ASK
2018-12-17 09:43:19,BA,316.44,1,BID
2018-12-17 09:43:18,BA,316.79,1,ASK
2018-12-17 09:43:19,BA,316.44,1,BID
2018-12-17 09:43:18,BA,316.79,1,ASK
2018-12-17 09:43:20,BA,316.25,1,BID
2018-12-17 09:43:20,BA,316.61,1,ASK
2018-12-17 09:43:21,BA,316.44,1,BID
2018-12-17 09:43:20,BA,316.78,5,ASK
2018-12-17 09:43:21,BA,316.37,1,BID
2018-12-17 09:43:20,BA,316.78,5,ASK
2018-12-17 09:43:21,BA,316.37,1,BID
2018-12-17 09:43:20,BA,316.78,5,ASK
2018-12-17 09:43:22,BA,316.32,1,BID
2018-12-17 09:43:20,BA,316.78,5,ASK
2018-12-17 09:43:22,BA,316.32,1,BID
2018-12-17 09:43:20,BA,316.78,5,ASK
2018-12-17 09:43:23,BA,316.32,1,BID
2018-12-17 09:43:20,BA,316.78,5,ASK
2018-12-17 09:43:24,BA,316.32,1,BID
2018-12-17 09:43:20,BA,316.78,5,ASK
2018-12-17 09:43:25,BA,316.19,2,BID
2018-12-17 09:43:24,BA,316.67,5,ASK
2018-12-17 09:43:25,BA,316.19,2,BID
2018-12-17 09:43:24,BA,316.67,5,ASK
2018-12-17 09:43:25,BA,316.19,2,BID
2018-12-17 09:43:24,BA,316.67,5,ASK
2018-12-17 09:43:25,BA,316.19,2,BID
2018-12-17 09:43:24,BA,316.67,5,ASK
2018-12-17 09:43:30,BA,316.19,2,BID
2018-12-17 09:43:24,BA,316.67,5,ASK
2018-12-17 09:43:30,BA,316.19,2,BID
2018-12-17 09:43:24,BA,316.67,5,ASK
2018-12-17 09:43:32,BA,316.19,2,BID
2018-12-17 09:43:32,BA,316.58,1,ASK
2018-12-17 09:43:32,BA,316.19,2,BID
2018-12-17 09:43:32,BA,316.58,1,ASK
2018-12-17 09:43:32,BA,316.19,2,BID
2018-12-17 09:43:32,BA,316.58,1,ASK
2018-12-17 09:43:37,BA,316.19,1,BID
2018-12-17 09:43:36,BA,316.57,2,ASK
2018-12-17 09:43:38,BA,316.19,1,BID
2018-12-17 09:43:38,BA,316.35,1,ASK
2018-12-17 09:43:38,BA,316.05,4,BID
2018-12-17 09:43:38,BA,316.34,2,ASK
2018-12-17 09:43:38,BA,316.05,4,BID
2018-12-17 09:43:38,BA,316.34,2,ASK
2018-12-17 09:43:41,BA,316.05,4,BID
2018-12-17 09:43:41,BA,316.19,4,ASK
2018-12-17 09:43:41,BA,315.54,2,BID
2018-12-17 09:43:41,BA,316.0,4,ASK
2018-12-17 09:43:41,BA,315.54,2,BID
2018-12-17 09:43:41,BA,316.0,4,ASK
2018-12-17 09:43:46,BA,315.54,2,BID
2018-12-17 09:43:46,BA,315.98,3,ASK
2018-12-17 09:43:47,BA,315.61,1,BID
2018-12-17 09:43:44,BA,316.0,4,ASK
2018-12-17 09:43:48,BA,315.68,2,BID
2018-12-17 09:43:48,BA,316.07,1,ASK
2018-12-17 09:43:48,BA,315.68,2,BID
2018-12-17 09:43:48,BA,316.07,1,ASK
2018-12-17 09:43:50,BA,315.68,2,BID
2018-12-17 09:43:50,BA,316.07,1,ASK
2018-12-17 09:43:50,BA,315.68,2,BID
2018-12-17 09:43:50,BA,316.07,1,ASK
2018-12-17 09:43:50,BA,315.68,2,BID
2018-12-17 09:43:50,BA,316.07,1,ASK
2018-12-17 09:43:53,BA,315.76,5,BID
2018-12-17 09:43:53,BA,316.07,2,ASK
2018-12-17 09:43:53,BA,315.76,5,BID
2018-12-17 09:43:53,BA,316.07,2,ASK
2018-12-17 09:43:53,BA,315.76,5,BID
2018-12-17 09:43:53,BA,316.07,2,ASK
2018-12-17 09:43:56,BA,316.0,2,BID
2018-12-17 09:43:56,BA,316.49,1,ASK
2018-12-17 09:43:57,BA,316.0,2,BID
2018-12-17 09:43:57,BA,316.51,1,ASK
2018-12-17 09:43:58,BA,316.05,3,BID
2018-12-17 09:43:58,BA,316.53,1,ASK
2018-12-17 09:43:59,BA,316.05,3,BID
2018-12-17 09:43:59,BA,316.32,1,ASK
2018-12-17 09:44:00,BA,316.05,3,BID
2018-12-17 09:44:00,BA,316.32,1,ASK
2018-12-17 09:44:01,BA,316.05,3,BID
2018-12-17 09:44:01,BA,316.32,1,ASK
2018-12-17 09:44:01,BA,316.05,3,BID
2018-12-17 09:44:01,BA,316.32,1,ASK
2018-12-17 09:44:03,BA,316.19,3,BID
2018-12-17 09:43:24,BA,316.67,4,ASK
2018-12-17 09:44:04,BA,316.21,1,BID
2018-12-17 09:44:04,BA,316.66,1,ASK
2018-12-17 09:44:05,BA,316.22,1,BID
2018-12-17 09:43:24,BA,316.67,4,ASK
2018-12-17 09:44:05,BA,316.24,1,BID
2018-12-17 09:43:24,BA,316.67,4,ASK
2018-12-17 09:44:05,BA,316.24,1,BID
2018-12-17 09:43:24,BA,316.67,4,ASK
2018-12-17 09:44:07,BA,316.24,1,BID
2018-12-17 09:43:24,BA,316.67,4,ASK
2018-12-17 09:44:08,BA,316.24,1,BID
2018-12-17 09:43:24,BA,316.67,4,ASK
2018-12-17 09:44:09,BA,316.24,1,BID
2018-12-17 09:44:09,BA,316.65,1,ASK
2018-12-17 09:44:09,BA,316.24,1,BID
2018-12-17 09:44:09,BA,316.65,1,ASK
2018-12-17 09:44:11,BA,316.34,1,BID
2018-12-17 09:44:11,BA,316.67,4,ASK
2018-12-17 09:44:11,BA,316.34,1,BID
2018-12-17 09:44:11,BA,316.67,4,ASK
2018-12-17 09:44:13,BA,316.57,2,BID
2018-12-17 09:44:14,BA,317.0,7,ASK
2018-12-17 09:44:14,BA,316.57,2,BID
2018-12-17 09:44:14,BA,317.0,7,ASK
2018-12-17 09:44:15,BA,316.57,2,BID
2018-12-17 09:44:15,BA,317.0,8,ASK
2018-12-17 09:44:15,BA,316.57,2,BID
2018-12-17 09:44:15,BA,317.0,8,ASK
2018-12-17 09:44:18,BA,316.61,1,BID
2018-12-17 09:44:18,BA,317.0,8,ASK
2018-12-17 09:44:19,BA,316.69,2,BID
2018-12-17 09:44:19,BA,317.0,8,ASK
2018-12-17 09:44:20,BA,316.69,2,BID
2018-12-17 09:44:20,BA,317.0,8,ASK
2018-12-17 09:44:20,BA,316.69,2,BID
2018-12-17 09:44:20,BA,317.0,8,ASK
2018-12-17 09:44:22,BA,316.69,2,BID
2018-12-17 09:44:22,BA,317.0,8,ASK
2018-12-17 09:44:23,BA,316.69,2,BID
2018-12-17 09:44:23,BA,317.0,8,ASK
2018-12-17 09:44:23,BA,316.69,2,BID
2018-12-17 09:44:23,BA,317.0,8,ASK
2018-12-17 09:44:23,BA,316.69,2,BID
2018-12-17 09:44:23,BA,317.0,8,ASK
2018-12-17 09:44:23,BA,316.69,2,BID
2018-12-17 09:44:23,BA,317.0,8,ASK
2018-12-17 09:44:28,BA,316.69,2,BID
2018-12-17 09:44:28,BA,317.0,8,ASK
2018-12-17 09:44:28,BA,316.7,1,BID
2018-12-17 09:44:28,BA,317.0,7,ASK
2018-12-17 09:44:30,BA,316.7,1,BID
2018-12-17 09:44:30,BA,317.0,7,ASK
2018-12-17 09:44:31,BA,316.7,1,BID
2018-12-17 09:44:31,BA,317.0,7,ASK
2018-12-17 09:44:31,BA,316.71,1,BID
2018-12-17 09:44:31,BA,317.0,7,ASK
2018-12-17 09:44:32,BA,316.71,1,BID
2018-12-17 09:44:32,BA,317.0,7,ASK
2018-12-17 09:44:34,BA,316.3,1,BID
2018-12-17 09:44:34,BA,316.71,1,ASK
2018-12-17 09:44:35,BA,316.06,1,BID
2018-12-17 09:44:35,BA,316.7,1,ASK
2018-12-17 09:44:35,BA,316.23,1,BID
2018-12-17 09:44:35,BA,316.7,2,ASK
2018-12-17 09:44:36,BA,316.23,1,BID
2018-12-17 09:44:36,BA,316.7,3,ASK
2018-12-17 09:44:37,BA,316.23,4,BID
2018-12-17 09:44:36,BA,316.7,3,ASK
2018-12-17 09:44:38,BA,316.23,4,BID
2018-12-17 09:44:38,BA,316.69,3,ASK
2018-12-17 09:44:38,BA,316.23,4,BID
2018-12-17 09:44:38,BA,316.69,3,ASK
2018-12-17 09:44:40,BA,316.23,4,BID
2018-12-17 09:44:40,BA,316.69,3,ASK
2018-12-17 09:44:41,BA,316.23,4,BID
2018-12-17 09:44:41,BA,316.69,2,ASK
2018-12-17 09:44:42,BA,316.31,1,BID
2018-12-17 09:44:42,BA,316.69,2,ASK
2018-12-17 09:44:44,BA,316.46,1,BID
2018-12-17 09:44:44,BA,317.0,6,ASK
2018-12-17 09:44:45,BA,316.46,2,BID
2018-12-17 09:44:45,BA,317.0,6,ASK
2018-12-17 09:44:46,BA,316.46,4,BID
2018-12-17 09:44:46,BA,317.0,6,ASK
2018-12-17 09:44:46,BA,316.46,4,BID
2018-12-17 09:44:46,BA,317.0,6,ASK
2018-12-17 09:44:46,BA,316.46,4,BID
2018-12-17 09:44:46,BA,317.0,6,ASK
2018-12-17 09:44:48,BA,316.57,2,BID
2018-12-17 09:44:48,BA,316.95,3,ASK
2018-12-17 09:44:49,BA,316.64,2,BID
2018-12-17 09:44:49,BA,316.93,1,ASK
2018-12-17 09:44:50,BA,316.65,2,BID
2018-12-17 09:44:50,BA,316.88,1,ASK
2018-12-17 09:44:51,BA,316.65,2,BID
2018-12-17 09:44:51,BA,316.95,3,ASK
2018-12-17 09:44:51,BA,316.65,2,BID
2018-12-17 09:44:51,BA,316.95,3,ASK
2018-12-17 09:44:53,BA,316.65,2,BID
2018-12-17 09:44:53,BA,316.95,3,ASK
2018-12-17 09:44:55,BA,316.65,5,BID
2018-12-17 09:44:55,BA,316.94,1,ASK
2018-12-17 09:44:55,BA,316.67,1,BID
2018-12-17 09:44:55,BA,316.95,3,ASK
2018-12-17 09:44:56,BA,316.67,2,BID
2018-12-17 09:44:56,BA,316.95,3,ASK
2018-12-17 09:44:57,BA,316.67,2,BID
2018-12-17 09:44:57,BA,316.95,3,ASK
2018-12-17 09:44:59,BA,316.42,3,BID
2018-12-17 09:44:59,BA,316.68,1,ASK
2018-12-17 09:45:00,BA,316.42,2,BID
2018-12-17 09:45:00,BA,316.67,1,ASK
2018-12-17 09:44:42,BA,316.23,6,BID
2018-12-17 09:45:00,BA,316.67,1,ASK
2018-12-17 09:44:42,BA,316.23,6,BID
2018-12-17 09:45:01,BA,316.65,3,ASK
2018-12-17 09:44:42,BA,316.23,6,BID
2018-12-17 09:45:01,BA,316.65,3,ASK
2018-12-17 09:44:42,BA,316.23,6,BID
2018-12-17 09:45:03,BA,316.56,1,ASK
2018-12-17 09:44:42,BA,316.23,6,BID
2018-12-17 09:45:03,BA,316.56,1,ASK
2018-12-17 09:44:42,BA,316.23,6,BID
2018-12-17 09:45:04,BA,316.54,1,ASK
2018-12-17 09:44:42,BA,316.23,6,BID
2018-12-17 09:45:07,BA,316.46,1,ASK
2018-12-17 09:45:08,BA,315.93,1,BID
2018-12-17 09:45:08,BA,316.46,3,ASK
2018-12-17 09:45:08,BA,315.76,4,BID
2018-12-17 09:45:08,BA,316.08,1,ASK
2018-12-17 09:45:09,BA,315.76,4,BID
2018-12-17 09:45:09,BA,315.82,1,ASK
2018-12-17 09:45:10,BA,315.55,1,BID
2018-12-17 09:45:10,BA,315.84,2,ASK
2018-12-17 09:45:11,BA,315.54,5,BID
2018-12-17 09:45:11,BA,315.84,2,ASK
2018-12-17 09:45:12,BA,315.53,6,BID
2018-12-17 09:45:12,BA,315.76,1,ASK
2018-12-17 09:45:12,BA,315.53,6,BID
2018-12-17 09:45:12,BA,315.76,1,ASK
2018-12-17 09:45:14,BA,315.57,1,BID
2018-12-17 09:45:14,BA,315.91,1,ASK
2018-12-17 09:45:16,BA,315.6,1,BID
2018-12-17 09:45:16,BA,315.91,1,ASK
2018-12-17 09:45:16,BA,315.6,2,BID
2018-12-17 09:45:16,BA,315.91,1,ASK
2018-12-17 09:45:16,BA,315.6,2,BID
2018-12-17 09:45:16,BA,315.91,1,ASK
2018-12-17 09:45:19,BA,315.75,2,BID
2018-12-17 09:45:19,BA,316.1,1,ASK
2018-12-17 09:45:19,BA,315.75,2,BID
2018-12-17 09:45:19,BA,316.11,1,ASK
2018-12-17 09:45:20,BA,315.75,3,BID
2018-12-17 09:45:20,BA,316.11,2,ASK
2018-12-17 09:45:20,BA,315.75,3,BID
2018-12-17 09:45:20,BA,316.11,2,ASK
2018-12-17 09:45:20,BA,315.75,3,BID
2018-12-17 09:45:20,BA,316.11,2,ASK
2018-12-17 09:45:22,BA,315.76,1,BID
2018-12-17 09:45:20,BA,316.11,3,ASK
2018-12-17 09:45:23,BA,316.14,1,BID
2018-12-17 09:45:23,BA,316.55,1,ASK
2018-12-17 09:45:24,BA,316.14,2,BID
2018-12-17 09:45:24,BA,316.75,2,ASK
2018-12-17 09:45:24,BA,316.14,2,BID
2018-12-17 09:45:25,BA,316.45,1,ASK
2018-12-17 09:45:24,BA,316.14,2,BID
2018-12-17 09:45:26,BA,316.45,1,ASK
2018-12-17 09:45:24,BA,316.14,2,BID
2018-12-17 09:45:26,BA,316.45,1,ASK
2018-12-17 09:45:30,BA,316.19,2,BID
2018-12-17 09:45:30,BA,316.53,1,ASK
2018-12-17 09:45:31,BA,316.2,1,BID
2018-12-17 09:45:24,BA,316.75,2,ASK
2018-12-17 09:45:32,BA,316.2,2,BID
2018-12-17 09:45:32,BA,316.48,1,ASK
2018-12-17 09:45:32,BA,316.2,2,BID
2018-12-17 09:45:32,BA,316.48,1,ASK
2018-12-17 09:45:32,BA,316.2,2,BID
2018-12-17 09:45:33,BA,316.48,1,ASK
2018-12-17 09:45:34,BA,316.32,1,BID
2018-12-17 09:45:34,BA,316.91,1,ASK
2018-12-17 09:45:35,BA,316.35,1,BID
2018-12-17 09:45:35,BA,316.91,1,ASK
2018-12-17 09:45:35,BA,316.32,2,BID
2018-12-17 09:45:35,BA,316.91,1,ASK
2018-12-17 09:45:37,BA,316.32,2,BID
2018-12-17 09:45:37,BA,316.91,1,ASK
2018-12-17 09:45:37,BA,316.32,2,BID
2018-12-17 09:45:37,BA,316.91,1,ASK
2018-12-17 09:45:39,BA,316.32,4,BID
2018-12-17 09:45:39,BA,316.91,2,ASK
2018-12-17 09:45:41,BA,316.35,1,BID
2018-12-17 09:45:41,BA,316.91,3,ASK
2018-12-17 09:45:41,BA,316.35,1,BID
2018-12-17 09:45:41,BA,316.91,3,ASK
2018-12-17 09:45:43,BA,316.35,1,BID
2018-12-17 09:45:43,BA,316.91,3,ASK
2018-12-17 09:45:43,BA,316.35,1,BID
2018-12-17 09:45:43,BA,316.91,3,ASK
2018-12-17 09:45:43,BA,316.35,1,BID
2018-12-17 09:45:43,BA,316.91,3,ASK
2018-12-17 09:45:45,BA,316.35,1,BID
2018-12-17 09:45:45,BA,316.91,3,ASK
2018-12-17 09:45:45,BA,316.35,1,BID
2018-12-17 09:45:45,BA,316.91,3,ASK
2018-12-17 09:45:48,BA,316.35,1,BID
2018-12-17 09:45:48,BA,316.91,3,ASK
2018-12-17 09:45:49,BA,316.35,1,BID
2018-12-17 09:45:48,BA,316.91,3,ASK
2018-12-17 09:45:50,BA,316.35,1,BID
2018-12-17 09:45:48,BA,316.91,3,ASK
2018-12-17 09:45:51,BA,316.35,1,BID
2018-12-17 09:45:48,BA,316.91,3,ASK
2018-12-17 09:45:52,BA,316.35,2,BID
2018-12-17 09:45:52,BA,316.71,1,ASK
2018-12-17 09:45:53,BA,316.35,2,BID
2018-12-17 09:45:53,BA,316.65,1,ASK
2018-12-17 09:45:53,BA,316.35,2,BID
2018-12-17 09:45:53,BA,316.64,1,ASK
2018-12-17 09:45:55,BA,316.35,2,BID
2018-12-17 09:45:48,BA,316.91,3,ASK
2018-12-17 09:45:55,BA,316.35,3,BID
2018-12-17 09:45:56,BA,316.89,1,ASK
2018-12-17 09:45:55,BA,316.35,3,BID
2018-12-17 09:45:57,BA,316.92,4,ASK
2018-12-17 09:45:55,BA,316.35,5,BID
2018-12-17 09:45:57,BA,316.92,4,ASK
2018-12-17 09:45:55,BA,316.35,5,BID
2018-12-17 09:45:57,BA,316.92,4,ASK
2018-12-17 09:45:55,BA,316.35,5,BID
2018-12-17 09:45:57,BA,316.92,4,ASK
2018-12-17 09:46:01,BA,316.42,2,BID
2018-12-17 09:46:01,BA,316.92,5,ASK
2018-12-17 09:46:02,BA,316.42,2,BID
2018-12-17 09:46:02,BA,316.9,1,ASK
2018-12-17 09:46:02,BA,316.42,2,BID
2018-12-17 09:46:02,BA,316.91,2,ASK
2018-12-17 09:46:02,BA,316.42,2,BID
2018-12-17 09:46:02,BA,316.91,2,ASK
2018-12-17 09:46:05,BA,316.59,1,BID
2018-12-17 09:46:01,BA,316.92,5,ASK
2018-12-17 09:46:05,BA,316.59,1,BID
2018-12-17 09:46:01,BA,316.92,5,ASK
2018-12-17 09:46:07,BA,316.56,1,BID
2018-12-17 09:46:01,BA,316.92,5,ASK
2018-12-17 09:46:05,BA,316.42,2,BID
2018-12-17 09:46:01,BA,316.92,5,ASK
2018-12-17 09:46:05,BA,316.42,2,BID
2018-12-17 09:46:01,BA,316.92,5,ASK
2018-12-17 09:46:05,BA,316.42,2,BID
2018-12-17 09:46:01,BA,316.92,5,ASK
2018-12-17 09:46:05,BA,316.42,2,BID
2018-12-17 09:46:11,BA,316.9,1,ASK
2018-12-17 09:46:05,BA,316.42,2,BID
2018-12-17 09:46:11,BA,316.9,1,ASK
2018-12-17 09:46:12,BA,316.42,2,BID
2018-12-17 09:46:12,BA,316.9,1,ASK
2018-12-17 09:46:12,BA,316.42,2,BID
2018-12-17 09:46:12,BA,316.9,1,ASK
2018-12-17 09:46:14,BA,316.42,2,BID
2018-12-17 09:46:14,BA,316.9,1,ASK
2018-12-17 09:46:14,BA,316.42,2,BID
2018-12-17 09:46:14,BA,316.9,1,ASK
2018-12-17 09:46:17,BA,316.36,1,BID
2018-12-17 09:46:17,BA,316.66,1,ASK
2018-12-17 09:46:17,BA,316.36,1,BID
2018-12-17 09:46:17,BA,316.66,1,ASK
2018-12-17 09:46:19,BA,316.36,1,BID
2018-12-17 09:46:19,BA,316.66,1,ASK
2018-12-17 09:46:20,BA,316.36,1,BID
2018-12-17 09:46:20,BA,316.66,1,ASK
2018-12-17 09:46:20,BA,316.36,1,BID
2018-12-17 09:46:20,BA,316.66,1,ASK
2018-12-17 09:46:22,BA,316.56,1,BID
2018-12-17 09:46:22,BA,316.92,5,ASK
2018-12-17 09:46:22,BA,316.56,1,BID
2018-12-17 09:46:22,BA,316.92,5,ASK
2018-12-17 09:46:23,BA,316.56,1,BID
2018-12-17 09:46:23,BA,316.92,5,ASK
2018-12-17 09:46:25,BA,316.48,1,BID
2018-12-17 09:46:25,BA,316.92,5,ASK
2018-12-17 09:46:25,BA,316.43,1,BID
2018-12-17 09:46:25,BA,316.92,5,ASK
2018-12-17 09:46:25,BA,316.43,1,BID
2018-12-17 09:46:25,BA,316.92,5,ASK
2018-12-17 09:46:28,BA,316.43,3,BID
2018-12-17 09:46:28,BA,316.92,5,ASK
2018-12-17 09:46:29,BA,316.43,3,BID
2018-12-17 09:46:28,BA,316.92,5,ASK
2018-12-17 09:46:30,BA,316.48,1,BID
2018-12-17 09:46:28,BA,316.92,5,ASK
2018-12-17 09:46:30,BA,316.48,1,BID
2018-12-17 09:46:28,BA,316.92,5,ASK
2018-12-17 09:46:31,BA,316.56,3,BID
2018-12-17 09:46:31,BA,316.92,5,ASK
2018-12-17 09:46:32,BA,316.56,4,BID
2018-12-17 09:46:32,BA,316.92,5,ASK
2018-12-17 09:46:32,BA,316.56,4,BID
2018-12-17 09:46:32,BA,316.92,5,ASK
2018-12-17 09:46:32,BA,316.56,4,BID
2018-12-17 09:46:32,BA,316.92,5,ASK
2018-12-17 09:46:32,BA,316.56,4,BID
2018-12-17 09:46:32,BA,316.92,5,ASK
2018-12-17 09:46:32,BA,316.56,4,BID
2018-12-17 09:46:32,BA,316.92,5,ASK
2018-12-17 09:46:32,BA,316.56,4,BID
2018-12-17 09:46:32,BA,316.92,5,ASK
2018-12-17 09:46:32,BA,316.56,4,BID
2018-12-17 09:46:32,BA,316.92,5,ASK
2018-12-17 09:46:32,BA,316.56,4,BID
2018-12-17 09:46:32,BA,316.92,5,ASK
2018-12-17 09:46:32,BA,316.56,4,BID
2018-12-17 09:46:32,BA,316.92,5,ASK
2018-12-17 09:46:42,BA,316.59,1,BID
2018-12-17 09:46:42,BA,316.91,1,ASK
2018-12-17 09:46:43,BA,316.59,1,BID
2018-12-17 09:46:43,BA,316.91,1,ASK
2018-12-17 09:46:44,BA,316.59,1,BID
2018-12-17 09:46:44,BA,316.91,2,ASK
2018-12-17 09:46:45,BA,316.59,1,BID
2018-12-17 09:46:45,BA,316.91,2,ASK
2018-12-17 09:46:46,BA,316.59,1,BID
2018-12-17 09:46:46,BA,316.91,2,ASK
2018-12-17 09:46:46,BA,316.59,1,BID
2018-12-17 09:46:46,BA,316.91,2,ASK
2018-12-17 09:46:46,BA,316.59,1,BID
2018-12-17 09:46:46,BA,316.91,2,ASK
2018-12-17 09:46:46,BA,316.59,1,BID
2018-12-17 09:46:46,BA,316.91,2,ASK
2018-12-17 09:46:50,BA,316.59,1,BID
2018-12-17 09:46:50,BA,316.82,2,ASK
2018-12-17 09:46:51,BA,316.42,4,BID
2018-12-17 09:46:51,BA,316.82,2,ASK
2018-12-17 09:46:51,BA,316.42,4,BID
2018-12-17 09:46:51,BA,316.82,2,ASK
2018-12-17 09:46:53,BA,316.55,1,BID
2018-12-17 09:46:53,BA,316.82,2,ASK
2018-12-17 09:46:53,BA,316.55,1,BID
2018-12-17 09:46:53,BA,316.82,2,ASK
2018-12-17 09:46:53,BA,316.55,1,BID
2018-12-17 09:46:53,BA,316.82,2,ASK
2018-12-17 09:46:53,BA,316.55,1,BID
2018-12-17 09:46:53,BA,316.82,2,ASK
2018-12-17 09:45:52,BA,316.35,3,BID
2018-12-17 09:46:57,BA,316.72,1,ASK
2018-12-17 09:46:58,BA,316.41,1,BID
2018-12-17 09:46:58,BA,316.72,2,ASK
2018-12-17 09:46:58,BA,316.41,1,BID
2018-12-17 09:46:58,BA,316.72,2,ASK
2018-12-17 09:47:00,BA,316.41,2,BID
2018-12-17 09:47:00,BA,316.72,2,ASK
2018-12-17 09:47:01,BA,316.41,2,BID
2018-12-17 09:47:01,BA,316.72,2,ASK
2018-12-17 09:47:01,BA,316.41,2,BID
2018-12-17 09:47:01,BA,316.71,1,ASK
2018-12-17 09:47:02,BA,316.41,2,BID
2018-12-17 09:47:02,BA,316.71,2,ASK
2018-12-17 09:47:02,BA,316.41,2,BID
2018-12-17 09:47:02,BA,316.71,2,ASK
2018-12-17 09:47:02,BA,316.41,2,BID
2018-12-17 09:47:02,BA,316.71,2,ASK
2018-12-17 09:47:02,BA,316.41,2,BID
2018-12-17 09:47:02,BA,316.71,2,ASK
2018-12-17 09:47:02,BA,316.41,2,BID
2018-12-17 09:47:02,BA,316.71,2,ASK
2018-12-17 09:47:08,BA,316.41,2,BID
2018-12-17 09:47:08,BA,316.72,2,ASK
2018-12-17 09:45:52,BA,316.35,4,BID
2018-12-17 09:47:09,BA,316.5,2,ASK
2018-12-17 09:45:52,BA,316.35,4,BID
2018-12-17 09:47:09,BA,316.5,3,ASK
2018-12-17 09:45:52,BA,316.35,4,BID
2018-12-17 09:47:09,BA,316.5,3,ASK
2018-12-17 09:45:52,BA,316.35,4,BID
2018-12-17 09:47:09,BA,316.5,3,ASK
2018-12-17 09:45:52,BA,316.35,4,BID
2018-12-17 09:47:09,BA,316.5,3,ASK
2018-12-17 09:45:52,BA,316.35,4,BID
2018-12-17 09:47:14,BA,316.5,3,ASK
2018-12-17 09:45:52,BA,316.35,4,BID
2018-12-17 09:47:14,BA,316.5,3,ASK
2018-12-17 09:47:16,BA,316.49,2,BID
2018-12-17 09:47:16,BA,316.64,2,ASK
2018-12-17 09:47:17,BA,316.49,3,BID
2018-12-17 09:47:17,BA,316.64,2,ASK
2018-12-17 09:47:18,BA,316.49,3,BID
2018-12-17 09:47:18,BA,316.63,1,ASK
2018-12-17 09:45:52,BA,316.35,4,BID
2018-12-17 09:47:19,BA,316.64,3,ASK
2018-12-17 09:45:52,BA,316.35,4,BID
2018-12-17 09:47:19,BA,316.64,3,ASK
2018-12-17 09:47:21,BA,316.36,2,BID
2018-12-17 09:47:21,BA,316.65,1,ASK
2018-12-17 09:47:21,BA,316.36,2,BID
2018-12-17 09:47:22,BA,316.65,1,ASK
2018-12-17 09:47:21,BA,316.36,2,BID
2018-12-17 09:47:22,BA,316.65,1,ASK
2018-12-17 09:47:21,BA,316.36,2,BID
2018-12-17 09:47:24,BA,316.65,1,ASK
2018-12-17 09:47:21,BA,316.36,2,BID
2018-12-17 09:47:24,BA,316.65,1,ASK
2018-12-17 09:47:26,BA,316.36,3,BID
2018-12-17 09:47:26,BA,316.65,1,ASK
2018-12-17 09:47:26,BA,316.36,3,BID
2018-12-17 09:47:26,BA,316.65,1,ASK
2018-12-17 09:47:28,BA,316.36,3,BID
2018-12-17 09:47:28,BA,316.64,2,ASK
2018-12-17 09:47:28,BA,316.36,3,BID
2018-12-17 09:47:28,BA,316.64,2,ASK
2018-12-17 09:47:28,BA,316.36,3,BID
2018-12-17 09:47:30,BA,316.64,2,ASK
2018-12-17 09:47:31,BA,316.35,5,BID
2018-12-17 09:47:31,BA,316.63,1,ASK
2018-12-17 09:47:31,BA,316.35,5,BID
2018-12-17 09:47:31,BA,316.63,1,ASK
2018-12-17 09:47:33,BA,316.35,5,BID
2018-12-17 09:47:33,BA,316.63,2,ASK
2018-12-17 09:47:34,BA,316.54,2,BID
2018-12-17 09:47:34,BA,316.95,4,ASK
2018-12-17 09:47:34,BA,316.57,1,BID
2018-12-17 09:47:34,BA,316.95,4,ASK
2018-12-17 09:47:36,BA,316.58,1,BID
2018-12-17 09:47:36,BA,316.95,4,ASK
2018-12-17 09:47:37,BA,316.58,1,BID
2018-12-17 09:47:37,BA,316.95,4,ASK
2018-12-17 09:47:37,BA,316.58,1,BID
2018-12-17 09:47:37,BA,316.95,4,ASK
2018-12-17 09:47:39,BA,316.58,1,BID
2018-12-17 09:47:39,BA,316.94,1,ASK
2018-12-17 09:47:40,BA,316.58,1,BID
2018-12-17 09:47:40,BA,316.95,4,ASK
2018-12-17 09:47:41,BA,316.58,1,BID
2018-12-17 09:47:41,BA,316.91,1,ASK
2018-12-17 09:47:43,BA,316.59,1,BID
2018-12-17 09:47:43,BA,316.9,1,ASK
2018-12-17 09:47:43,BA,316.59,1,BID
2018-12-17 09:47:43,BA,316.91,1,ASK
2018-12-17 09:47:44,BA,316.5,5,BID
2018-12-17 09:47:44,BA,316.9,3,ASK
2018-12-17 09:47:45,BA,316.5,5,BID
2018-12-17 09:47:45,BA,316.89,1,ASK
2018-12-17 09:47:46,BA,316.5,5,BID
2018-12-17 09:47:46,BA,316.9,4,ASK
2018-12-17 09:47:33,BA,316.35,4,BID
2018-12-17 09:47:47,BA,316.59,1,ASK
2018-12-17 09:47:33,BA,316.35,4,BID
2018-12-17 09:47:48,BA,316.89,1,ASK
2018-12-17 09:47:49,BA,316.39,1,BID
2018-12-17 09:47:49,BA,316.9,4,ASK
2018-12-17 09:47:50,BA,316.39,1,BID
2018-12-17 09:47:50,BA,316.9,4,ASK
2018-12-17 09:47:51,BA,316.39,1,BID
2018-12-17 09:47:51,BA,316.9,5,ASK
2018-12-17 09:47:51,BA,316.39,1,BID
2018-12-17 09:47:51,BA,316.9,5,ASK
2018-12-17 09:47:53,BA,316.39,1,BID
2018-12-17 09:47:53,BA,316.9,5,ASK
2018-12-17 09:47:54,BA,316.39,1,BID
2018-12-17 09:47:54,BA,316.9,5,ASK
2018-12-17 09:47:55,BA,316.39,1,BID
2018-12-17 09:47:55,BA,316.9,5,ASK
2018-12-17 09:47:56,BA,316.39,1,BID
2018-12-17 09:47:56,BA,316.9,5,ASK
2018-12-17 09:47:57,BA,316.39,1,BID
2018-12-17 09:47:57,BA,316.9,5,ASK
2018-12-17 09:47:33,BA,316.35,4,BID
2018-12-17 09:47:58,BA,316.61,13,ASK
2018-12-17 09:47:33,BA,316.35,4,BID
2018-12-17 09:48:00,BA,316.61,13,ASK
2018-12-17 09:48:00,BA,316.03,1,BID
2018-12-17 09:48:00,BA,316.56,1,ASK
2018-12-17 09:48:00,BA,316.03,1,BID
2018-12-17 09:48:00,BA,316.56,1,ASK
2018-12-17 09:48:02,BA,316.03,1,BID
2018-12-17 09:48:02,BA,316.56,1,ASK
2018-12-17 09:48:03,BA,316.03,1,BID
2018-12-17 09:48:03,BA,316.56,2,ASK
2018-12-17 09:48:04,BA,316.03,1,BID
2018-12-17 09:48:04,BA,316.54,1,ASK
2018-12-17 09:48:05,BA,316.03,2,BID
2018-12-17 09:48:05,BA,316.47,1,ASK
2018-12-17 09:48:06,BA,316.03,2,BID
2018-12-17 09:48:06,BA,316.46,1,ASK
2018-12-17 09:48:07,BA,316.03,2,BID
2018-12-17 09:48:07,BA,316.39,1,ASK
2018-12-17 09:48:08,BA,316.03,2,BID
2018-12-17 09:48:08,BA,316.37,1,ASK
2018-12-17 09:48:08,BA,316.03,2,BID
2018-12-17 09:48:08,BA,316.37,1,ASK
2018-12-17 09:48:10,BA,316.03,2,BID
2018-12-17 09:48:10,BA,316.33,1,ASK
2018-12-17 09:48:11,BA,316.03,2,BID
2018-12-17 09:48:11,BA,316.32,1,ASK
2018-12-17 09:48:12,BA,316.03,1,BID
2018-12-17 09:48:12,BA,316.2,3,ASK
2018-12-17 09:48:12,BA,316.03,1,BID
2018-12-17 09:48:12,BA,316.2,3,ASK
2018-12-17 09:48:12,BA,316.03,1,BID
2018-12-17 09:48:12,BA,316.2,3,ASK
2018-12-17 09:48:12,BA,316.03,1,BID
2018-12-17 09:48:12,BA,316.2,3,ASK
2018-12-17 09:48:12,BA,316.03,1,BID
2018-12-17 09:48:12,BA,316.2,3,ASK
2018-12-17 09:48:12,BA,316.03,1,BID
2018-12-17 09:48:12,BA,316.2,3,ASK
2018-12-17 09:48:18,BA,316.03,1,BID
2018-12-17 09:48:18,BA,316.18,2,ASK
2018-12-17 09:48:19,BA,315.87,5,BID
2018-12-17 09:48:19,BA,316.15,1,ASK
2018-12-17 09:48:19,BA,315.87,5,BID
2018-12-17 09:48:19,BA,316.15,1,ASK
2018-12-17 09:48:22,BA,315.64,1,BID
2018-12-17 09:48:22,BA,315.97,1,ASK
2018-12-17 09:48:22,BA,315.64,1,BID
2018-12-17 09:48:22,BA,315.93,3,ASK
2018-12-17 09:48:23,BA,315.63,1,BID
2018-12-17 09:48:23,BA,315.92,1,ASK
2018-12-17 09:48:23,BA,315.63,1,BID
2018-12-17 09:48:23,BA,315.92,1,ASK
2018-12-17 09:48:25,BA,315.63,1,BID
2018-12-17 09:48:25,BA,315.92,1,ASK
2018-12-17 09:48:26,BA,315.56,2,BID
2018-12-17 09:48:26,BA,315.9,1,ASK
2018-12-17 09:48:27,BA,315.56,2,BID
2018-12-17 09:48:27,BA,315.9,3,ASK
2018-12-17 09:48:28,BA,315.56,2,BID
2018-12-17 09:48:28,BA,315.89,1,ASK
2018-12-17 09:48:30,BA,315.6,6,BID
2018-12-17 09:48:30,BA,315.88,1,ASK
2018-12-17 09:48:30,BA,315.6,6,BID
2018-12-17 09:48:30,BA,315.88,1,ASK
2018-12-17 09:48:31,BA,315.6,6,BID
2018-12-17 09:48:31,BA,315.88,2,ASK
2018-12-17 09:48:33,BA,315.8,2,BID
2018-12-17 09:48:33,BA,316.18,2,ASK
2018-12-17 09:48:33,BA,315.8,2,BID
2018-12-17 09:48:33,BA,316.18,2,ASK
2018-12-17 09:48:34,BA,315.8,2,BID
2018-12-17 09:48:34,BA,316.18,2,ASK
2018-12-17 09:48:34,BA,315.8,2,BID
2018-12-17 09:48:34,BA,316.18,2,ASK
2018-12-17 09:48:36,BA,315.8,2,BID
2018-12-17 09:48:36,BA,316.18,2,ASK
2018-12-17 09:48:36,BA,315.8,2,BID
2018-12-17 09:48:36,BA,316.18,2,ASK
2018-12-17 09:48:36,BA,315.8,2,BID
2018-12-17 09:48:36,BA,316.18,2,ASK
2018-12-17 09:48:36,BA,315.8,2,BID
2018-12-17 09:48:36,BA,316.18,2,ASK
2018-12-17 09:48:36,BA,315.8,2,BID
2018-12-17 09:48:36,BA,316.18,2,ASK
2018-12-17 09:48:36,BA,315.8,2,BID
2018-12-17 09:48:36,BA,316.18,2,ASK
2018-12-17 09:48:42,BA,315.8,7,BID
2018-12-17 09:48:42,BA,316.18,3,ASK
2018-12-17 09:48:43,BA,315.8,7,BID
2018-12-17 09:48:42,BA,316.18,3,ASK
2018-12-17 09:48:44,BA,315.84,1,BID
2018-12-17 09:48:42,BA,316.18,3,ASK
2018-12-17 09:48:45,BA,315.84,1,BID
2018-12-17 09:48:45,BA,316.17,1,ASK
2018-12-17 09:48:47,BA,315.84,2,BID
2018-12-17 09:48:47,BA,316.17,1,ASK
2018-12-17 09:48:47,BA,315.84,2,BID
2018-12-17 09:48:47,BA,316.17,1,ASK
2018-12-17 09:48:48,BA,315.8,7,BID
2018-12-17 09:48:48,BA,316.17,1,ASK
2018-12-17 09:48:49,BA,315.8,7,BID
2018-12-17 09:48:49,BA,316.15,1,ASK
2018-12-17 09:48:49,BA,315.8,7,BID
2018-12-17 09:48:49,BA,316.15,1,ASK
2018-12-17 09:48:52,BA,315.8,7,BID
2018-12-17 09:48:52,BA,316.15,2,ASK
2018-12-17 09:48:52,BA,315.8,7,BID
2018-12-17 09:48:52,BA,316.15,2,ASK
2018-12-17 09:48:52,BA,315.8,7,BID
2018-12-17 09:48:52,BA,316.15,2,ASK
2018-12-17 09:48:52,BA,315.8,7,BID
2018-12-17 09:48:52,BA,316.15,2,ASK
2018-12-17 09:48:55,BA,315.8,7,BID
2018-12-17 09:48:55,BA,316.13,1,ASK
2018-12-17 09:48:55,BA,315.8,7,BID
2018-12-17 09:48:55,BA,316.13,1,ASK
2018-12-17 09:48:58,BA,315.8,7,BID
2018-12-17 09:48:58,BA,316.13,1,ASK
2018-12-17 09:48:58,BA,315.8,8,BID
2018-12-17 09:48:58,BA,316.13,1,ASK
2018-12-17 09:49:00,BA,315.8,8,BID
2018-12-17 09:49:00,BA,316.12,1,ASK
2018-12-17 09:49:00,BA,315.8,8,BID
2018-12-17 09:49:00,BA,316.12,2,ASK
2018-12-17 09:49:00,BA,315.8,8,BID
2018-12-17 09:49:00,BA,316.12,2,ASK
2018-12-17 09:49:00,BA,315.8,8,BID
2018-12-17 09:49:00,BA,316.12,2,ASK
2018-12-17 09:49:02,BA,315.8,10,BID
2018-12-17 09:49:02,BA,316.12,2,ASK
2018-12-17 09:49:03,BA,316.28,1,BID
2018-12-17 09:49:03,BA,316.76,3,ASK
2018-12-17 09:49:04,BA,316.31,4,BID
2018-12-17 09:49:04,BA,316.79,4,ASK
2018-12-17 09:49:04,BA,316.31,4,BID
2018-12-17 09:49:04,BA,316.79,4,ASK
2018-12-17 09:49:05,BA,316.36,1,BID
2018-12-17 09:49:05,BA,316.79,2,ASK
2018-12-17 09:49:06,BA,316.36,1,BID
2018-12-17 09:49:06,BA,316.79,3,ASK
2018-12-17 09:49:06,BA,316.36,1,BID
2018-12-17 09:49:06,BA,316.79,3,ASK
2018-12-17 09:49:09,BA,316.36,1,BID
2018-12-17 09:49:09,BA,316.78,1,ASK
2018-12-17 09:49:10,BA,316.31,4,BID
2018-12-17 09:49:06,BA,316.79,3,ASK
2018-12-17 09:49:11,BA,316.31,4,BID
2018-12-17 09:49:11,BA,316.78,1,ASK
2018-12-17 09:49:12,BA,316.31,4,BID
2018-12-17 09:49:12,BA,316.77,1,ASK
2018-12-17 09:49:12,BA,316.31,4,BID
2018-12-17 09:49:12,BA,316.77,1,ASK
2018-12-17 09:49:15,BA,316.31,4,BID
2018-12-17 09:49:15,BA,316.77,2,ASK
2018-12-17 09:49:15,BA,316.31,4,BID
2018-12-17 09:49:15,BA,316.77,2,ASK
2018-12-17 09:49:17,BA,316.32,1,BID
2018-12-17 09:49:17,BA,316.77,2,ASK
2018-12-17 09:49:18,BA,316.32,1,BID
2018-12-17 09:49:18,BA,316.8,2,ASK
2018-12-17 09:49:18,BA,316.32,1,BID
2018-12-17 09:49:18,BA,316.8,2,ASK
2018-12-17 09:49:18,BA,316.32,1,BID
2018-12-17 09:49:18,BA,316.8,2,ASK
2018-12-17 09:49:20,BA,316.48,1,BID
2018-12-17 09:49:20,BA,316.92,1,ASK
2018-12-17 09:49:21,BA,316.31,4,BID
2018-12-17 09:49:21,BA,316.82,1,ASK
2018-12-17 09:49:22,BA,316.31,4,BID
2018-12-17 09:49:22,BA,316.82,1,ASK
2018-12-17 09:49:22,BA,316.31,4,BID
2018-12-17 09:49:22,BA,316.81,1,ASK
2018-12-17 09:49:23,BA,316.31,4,BID
2018-12-17 09:49:23,BA,316.82,1,ASK
2018-12-17 09:49:23,BA,316.31,4,BID
2018-12-17 09:49:24,BA,316.79,1,ASK
2018-12-17 09:49:24,BA,316.32,2,BID
2018-12-17 09:49:24,BA,316.92,1,ASK
2018-12-17 09:49:25,BA,316.32,1,BID
2018-12-17 09:49:25,BA,316.82,1,ASK
2018-12-17 09:49:26,BA,316.39,1,BID
2018-12-17 09:49:26,BA,316.92,2,ASK
2018-12-17 09:49:27,BA,316.39,1,BID
2018-12-17 09:49:27,BA,316.82,1,ASK
2018-12-17 09:49:27,BA,316.39,1,BID
2018-12-17 09:49:27,BA,316.82,1,ASK
2018-12-17 09:49:27,BA,316.39,3,BID
2018-12-17 09:49:27,BA,316.82,1,ASK
2018-12-17 09:49:27,BA,316.39,3,BID
2018-12-17 09:49:27,BA,316.82,1,ASK
2018-12-17 09:49:27,BA,316.39,3,BID
2018-12-17 09:49:27,BA,316.82,1,ASK
2018-12-17 09:49:27,BA,316.39,3,BID
2018-12-17 09:49:27,BA,316.82,1,ASK
2018-12-17 09:49:27,BA,316.39,3,BID
2018-12-17 09:49:27,BA,316.82,1,ASK
2018-12-17 09:49:30,BA,316.5,3,BID
2018-12-17 09:49:30,BA,316.82,1,ASK
2018-12-17 09:49:30,BA,316.5,3,BID
2018-12-17 09:49:30,BA,316.82,1,ASK
2018-12-17 09:49:33,BA,316.52,2,BID
2018-12-17 09:44:58,BA,316.95,4,ASK
2018-12-17 09:49:33,BA,316.52,2,BID
2018-12-17 09:44:58,BA,316.95,4,ASK
2018-12-17 09:49:35,BA,316.63,1,BID
2018-12-17 09:49:35,BA,317.0,6,ASK
2018-12-17 09:49:36,BA,316.82,6,BID
2018-12-17 09:49:36,BA,317.22,1,ASK
2018-12-17 09:49:36,BA,316.82,6,BID
2018-12-17 09:49:36,BA,317.22,1,ASK
2018-12-17 09:49:39,BA,316.87,1,BID
2018-12-17 09:49:39,BA,317.22,1,ASK
2018-12-17 09:49:41,BA,316.94,1,BID
2018-12-17 09:49:41,BA,317.48,2,ASK
2018-12-17 09:49:42,BA,317.06,1,BID
2018-12-17 09:49:42,BA,317.5,5,ASK
2018-12-17 09:49:44,BA,317.12,1,BID
2018-12-17 09:49:44,BA,317.5,5,ASK
2018-12-17 09:49:46,BA,317.13,1,BID
2018-12-17 09:49:46,BA,317.5,5,ASK
2018-12-17 09:49:48,BA,317.13,4,BID
2018-12-17 09:49:48,BA,317.5,2,ASK
2018-12-17 09:49:48,BA,317.13,4,BID
2018-12-17 09:49:48,BA,317.5,2,ASK
2018-12-17 09:49:51,BA,317.18,1,BID
2018-12-17 09:49:51,BA,317.5,2,ASK
2018-12-17 09:49:52,BA,317.18,4,BID
2018-12-17 09:49:52,BA,317.5,2,ASK
2018-12-17 09:49:52,BA,317.18,4,BID
2018-12-17 09:49:52,BA,317.5,2,ASK
2018-12-17 09:49:54,BA,317.24,1,BID
2018-12-17 09:49:54,BA,317.5,2,ASK
2018-12-17 09:49:54,BA,317.24,1,BID
2018-12-17 09:49:54,BA,317.5,2,ASK
2018-12-17 09:49:57,BA,317.26,1,BID
2018-12-17 09:49:57,BA,317.5,7,ASK
2018-12-17 09:49:58,BA,317.26,1,BID
2018-12-17 09:49:58,BA,317.49,1,ASK
2018-12-17 09:49:58,BA,317.26,1,BID
2018-12-17 09:49:58,BA,317.5,7,ASK
2018-12-17 09:50:00,BA,317.28,1,BID
2018-12-17 09:50:00,BA,317.5,7,ASK
2018-12-17 09:50:01,BA,316.69,3,BID
2018-12-17 09:50:01,BA,317.24,1,ASK
2018-12-17 09:50:01,BA,316.69,4,BID
2018-12-17 09:50:01,BA,317.24,2,ASK
2018-12-17 09:50:01,BA,316.69,4,BID
2018-12-17 09:50:01,BA,317.24,2,ASK
2018-12-17 09:50:01,BA,316.69,4,BID
2018-12-17 09:50:01,BA,317.24,2,ASK
2018-12-17 09:50:01,BA,316.69,4,BID
2018-12-17 09:50:05,BA,317.24,3,ASK
2018-12-17 09:50:01,BA,316.69,4,BID
2018-12-17 09:50:05,BA,317.24,3,ASK
2018-12-17 09:50:07,BA,316.77,2,BID
2018-12-17 09:50:07,BA,317.2,1,ASK
2018-12-17 09:50:08,BA,316.77,3,BID
2018-12-17 09:50:08,BA,317.18,2,ASK
2018-12-17 09:50:09,BA,316.9,2,BID
2018-12-17 09:50:09,BA,317.48,1,ASK
2018-12-17 09:50:09,BA,316.9,2,BID
2018-12-17 09:50:09,BA,317.48,5,ASK
2018-12-17 09:50:11,BA,316.97,2,BID
2018-12-17 09:50:11,BA,317.47,2,ASK
2018-12-17 09:50:11,BA,316.97,2,BID
2018-12-17 09:50:11,BA,317.47,2,ASK
2018-12-17 09:50:13,BA,317.02,1,BID
2018-12-17 09:50:09,BA,317.48,5,ASK
2018-12-17 09:50:13,BA,317.07,1,BID
2018-12-17 09:50:09,BA,317.48,5,ASK
2018-12-17 09:50:13,BA,317.07,1,BID
2018-12-17 09:50:09,BA,317.48,5,ASK
2018-12-17 09:50:16,BA,317.08,1,BID
2018-12-17 09:50:09,BA,317.48,3,ASK
2018-12-17 09:50:17,BA,317.07,1,BID
2018-12-17 09:50:09,BA,317.48,3,ASK
2018-12-17 09:50:18,BA,317.09,1,BID
2018-12-17 09:50:09,BA,317.48,3,ASK
2018-12-17 09:50:18,BA,317.09,1,BID
2018-12-17 09:50:09,BA,317.48,3,ASK
2018-12-17 09:50:20,BA,317.09,3,BID
2018-12-17 09:50:20,BA,317.45,1,ASK
2018-12-17 09:50:20,BA,317.09,3,BID
2018-12-17 09:50:20,BA,317.45,1,ASK
2018-12-17 09:50:22,BA,317.09,3,BID
2018-12-17 09:50:22,BA,317.45,1,ASK
2018-12-17 09:50:23,BA,317.09,3,BID
2018-12-17 09:50:23,BA,317.44,1,ASK
2018-12-17 09:50:24,BA,317.1,1,BID
2018-12-17 09:50:09,BA,317.48,3,ASK
2018-12-17 09:50:25,BA,317.11,1,BID
2018-12-17 09:50:25,BA,317.45,1,ASK
2018-12-17 09:50:26,BA,317.07,7,BID
2018-12-17 09:50:26,BA,317.29,1,ASK
2018-12-17 09:50:26,BA,317.07,7,BID
2018-12-17 09:50:26,BA,317.31,3,ASK
2018-12-17 09:50:28,BA,317.07,7,BID
2018-12-17 09:50:28,BA,317.24,1,ASK
2018-12-17 09:50:29,BA,317.07,7,BID
2018-12-17 09:50:29,BA,317.37,1,ASK
2018-12-17 09:50:30,BA,317.07,7,BID
2018-12-17 09:50:30,BA,317.38,1,ASK
2018-12-17 09:50:30,BA,317.07,7,BID
2018-12-17 09:50:30,BA,317.38,1,ASK
2018-12-17 09:50:30,BA,317.07,7,BID
2018-12-17 09:50:30,BA,317.38,1,ASK
2018-12-17 09:50:32,BA,317.07,7,BID
2018-12-17 09:50:32,BA,317.37,1,ASK
2018-12-17 09:50:34,BA,317.07,7,BID
2018-12-17 09:50:34,BA,317.48,4,ASK
2018-12-17 09:50:35,BA,317.07,7,BID
2018-12-17 09:50:34,BA,317.48,4,ASK
2018-12-17 09:50:36,BA,317.07,7,BID
2018-12-17 09:50:34,BA,317.48,4,ASK
2018-12-17 09:50:37,BA,317.07,7,BID
2018-12-17 09:50:37,BA,317.34,1,ASK
2018-12-17 09:50:37,BA,317.07,7,BID
2018-12-17 09:50:37,BA,317.34,1,ASK
2018-12-17 09:50:37,BA,317.07,7,BID
2018-12-17 09:50:37,BA,317.34,1,ASK
2018-12-17 09:50:40,BA,317.07,7,BID
2018-12-17 09:50:40,BA,317.47,1,ASK
2018-12-17 09:50:41,BA,317.08,1,BID
2018-12-17 09:50:41,BA,317.33,1,ASK
2018-12-17 09:50:41,BA,317.08,1,BID
2018-12-17 09:50:41,BA,317.33,1,ASK
2018-12-17 09:50:42,BA,317.08,3,BID
2018-12-17 09:50:43,BA,317.46,1,ASK
2018-12-17 09:50:44,BA,317.08,3,BID
2018-12-17 09:50:44,BA,317.46,1,ASK
2018-12-17 09:50:44,BA,317.08,3,BID
2018-12-17 09:50:42,BA,317.48,6,ASK
2018-12-17 09:50:44,BA,317.08,3,BID
2018-12-17 09:50:42,BA,317.48,6,ASK
2018-12-17 09:50:44,BA,317.08,3,BID
2018-12-17 09:50:47,BA,317.47,1,ASK
2018-12-17 09:50:44,BA,317.08,3,BID
2018-12-17 09:50:47,BA,317.48,5,ASK
2018-12-17 09:50:44,BA,317.08,3,BID
2018-12-17 09:50:47,BA,317.48,5,ASK
2018-12-17 09:50:44,BA,317.08,3,BID
2018-12-17 09:50:47,BA,317.48,5,ASK
2018-12-17 09:50:44,BA,317.08,3,BID
2018-12-17 09:50:47,BA,317.48,5,ASK
2018-12-17 09:50:52,BA,317.18,1,BID
2018-12-17 09:50:52,BA,317.68,3,ASK
2018-12-17 09:50:52,BA,317.29,1,BID
2018-12-17 09:50:52,BA,317.79,1,ASK
2018-12-17 09:50:52,BA,317.25,2,BID
2018-12-17 09:50:54,BA,317.79,2,ASK
2018-12-17 09:50:55,BA,317.38,1,BID
2018-12-17 09:50:55,BA,317.79,3,ASK
2018-12-17 09:50:55,BA,317.38,1,BID
2018-12-17 09:50:55,BA,317.79,3,ASK
2018-12-17 09:50:52,BA,317.25,2,BID
2018-12-17 09:50:55,BA,317.76,1,ASK
2018-12-17 09:50:58,BA,317.29,2,BID
2018-12-17 09:50:58,BA,317.76,3,ASK
2018-12-17 09:50:58,BA,317.25,3,BID
2018-12-17 09:50:58,BA,317.74,1,ASK
2018-12-17 09:51:00,BA,317.25,3,BID
2018-12-17 09:51:00,BA,317.74,2,ASK
2018-12-17 09:51:00,BA,317.25,3,BID
2018-12-17 09:51:01,BA,317.73,1,ASK
2018-12-17 09:51:00,BA,317.25,3,BID
2018-12-17 09:51:01,BA,317.73,1,ASK
2018-12-17 09:51:00,BA,317.25,3,BID
2018-12-17 09:51:03,BA,317.72,1,ASK
2018-12-17 09:51:04,BA,317.25,3,BID
2018-12-17 09:51:04,BA,317.68,2,ASK
2018-12-17 09:51:05,BA,317.25,3,BID
2018-12-17 09:51:05,BA,317.67,1,ASK
2018-12-17 09:51:05,BA,317.25,3,BID
2018-12-17 09:51:05,BA,317.67,1,ASK
2018-12-17 09:51:07,BA,317.25,3,BID
2018-12-17 09:51:07,BA,317.56,1,ASK
2018-12-17 09:51:08,BA,317.07,7,BID
2018-12-17 09:51:08,BA,317.52,2,ASK
2018-12-17 09:51:09,BA,317.07,7,BID
2018-12-17 09:51:09,BA,317.5,1,ASK
2018-12-17 09:51:10,BA,317.07,7,BID
2018-12-17 09:51:10,BA,317.48,1,ASK
2018-12-17 09:51:11,BA,317.07,7,BID
2018-12-17 09:51:11,BA,317.45,1,ASK
2018-12-17 09:51:12,BA,317.07,7,BID
2018-12-17 09:51:12,BA,317.43,1,ASK
2018-12-17 09:50:17,BA,317.07,7,BID
2018-12-17 09:51:12,BA,317.43,1,ASK
2018-12-17 09:50:17,BA,317.07,7,BID
2018-12-17 09:51:14,BA,317.42,1,ASK
2018-12-17 09:50:17,BA,317.07,7,BID
2018-12-17 09:51:14,BA,317.42,1,ASK
2018-12-17 09:50:17,BA,317.07,7,BID
2018-12-17 09:51:14,BA,317.42,1,ASK
2018-12-17 09:50:17,BA,317.07,7,BID
2018-12-17 09:51:15,BA,317.42,2,ASK
2018-12-17 09:50:17,BA,317.07,7,BID
2018-12-17 09:51:16,BA,317.39,1,ASK
2018-12-17 09:51:18,BA,316.78,1,BID
2018-12-17 09:51:18,BA,317.18,2,ASK
2018-12-17 09:51:18,BA,316.78,4,BID
2018-12-17 09:51:18,BA,317.18,2,ASK
2018-12-17 09:51:19,BA,316.78,4,BID
2018-12-17 09:51:19,BA,317.17,2,ASK
2018-12-17 09:51:21,BA,316.78,5,BID
2018-12-17 09:51:21,BA,317.16,1,ASK
2018-12-17 09:51:23,BA,316.78,5,BID
2018-12-17 09:51:23,BA,317.16,1,ASK
2018-12-17 09:51:24,BA,316.78,5,BID
2018-12-17 09:51:24,BA,317.11,1,ASK
2018-12-17 09:51:24,BA,316.78,5,BID
2018-12-17 09:51:24,BA,317.11,1,ASK
2018-12-17 09:51:24,BA,316.78,5,BID
2018-12-17 09:51:24,BA,317.11,1,ASK
2018-12-17 09:51:27,BA,316.8,1,BID
2018-12-17 09:51:27,BA,317.11,2,ASK
2018-12-17 09:51:27,BA,316.8,1,BID
2018-12-17 09:51:27,BA,317.11,2,ASK
2018-12-17 09:51:29,BA,316.86,1,BID
2018-12-17 09:51:29,BA,317.1,1,ASK
2018-12-17 09:51:30,BA,316.86,1,BID
2018-12-17 09:51:30,BA,317.1,1,ASK
2018-12-17 09:51:30,BA,316.86,1,BID
2018-12-17 09:51:30,BA,317.1,1,ASK
2018-12-17 09:51:31,BA,316.87,2,BID
2018-12-17 09:51:31,BA,317.29,1,ASK
2018-12-17 09:51:31,BA,316.87,2,BID
2018-12-17 09:51:32,BA,317.26,1,ASK
2018-12-17 09:51:33,BA,316.87,3,BID
2018-12-17 09:51:33,BA,317.26,1,ASK
2018-12-17 09:51:34,BA,316.87,3,BID
2018-12-17 09:51:34,BA,317.17,3,ASK
2018-12-17 09:51:36,BA,316.87,3,BID
2018-12-17 09:51:36,BA,317.17,3,ASK
2018-12-17 09:51:37,BA,316.78,5,BID
2018-12-17 09:51:37,BA,317.12,1,ASK
2018-12-17 09:51:38,BA,316.78,5,BID
2018-12-17 09:51:38,BA,317.12,1,ASK
2018-12-17 09:51:39,BA,316.78,5,BID
2018-12-17 09:51:39,BA,317.1,2,ASK
2018-12-17 09:51:39,BA,316.78,5,BID
2018-12-17 09:51:39,BA,317.1,2,ASK
2018-12-17 09:51:41,BA,316.78,5,BID
2018-12-17 09:51:41,BA,317.11,1,ASK
2018-12-17 09:51:41,BA,316.78,5,BID
2018-12-17 09:51:41,BA,317.11,1,ASK
2018-12-17 09:51:41,BA,316.78,5,BID
2018-12-17 09:51:41,BA,317.11,1,ASK
2018-12-17 09:51:44,BA,316.78,5,BID
2018-12-17 09:51:43,BA,317.11,2,ASK
2018-12-17 09:51:45,BA,316.79,2,BID
2018-12-17 09:51:45,BA,317.12,2,ASK
2018-12-17 09:51:45,BA,316.78,5,BID
2018-12-17 09:51:45,BA,317.12,2,ASK
2018-12-17 09:51:47,BA,316.78,5,BID
2018-12-17 09:51:47,BA,317.11,1,ASK
2018-12-17 09:51:48,BA,316.8,1,BID
2018-12-17 09:51:48,BA,317.11,2,ASK
2018-12-17 09:51:48,BA,316.8,1,BID
2018-12-17 09:51:48,BA,317.11,2,ASK
2018-12-17 09:51:50,BA,316.78,6,BID
2018-12-17 09:51:50,BA,317.12,2,ASK
2018-12-17 09:51:51,BA,316.78,6,BID
2018-12-17 09:51:51,BA,317.12,2,ASK
2018-12-17 09:51:51,BA,316.78,6,BID
2018-12-17 09:51:51,BA,317.12,2,ASK
2018-12-17 09:51:51,BA,316.78,6,BID
2018-12-17 09:51:51,BA,317.12,2,ASK
2018-12-17 09:51:54,BA,316.78,6,BID
2018-12-17 09:51:51,BA,317.12,2,ASK
2018-12-17 09:51:55,BA,316.78,6,BID
2018-12-17 09:51:51,BA,317.12,2,ASK
2018-12-17 09:51:56,BA,316.85,1,BID
2018-12-17 09:51:56,BA,317.1,1,ASK
2018-12-17 09:51:56,BA,316.85,1,BID
2018-12-17 09:51:56,BA,317.1,1,ASK
2018-12-17 09:51:58,BA,316.87,1,BID
2018-12-17 09:51:58,BA,317.1,1,ASK
2018-12-17 09:51:59,BA,316.78,5,BID
2018-12-17 09:51:59,BA,317.09,2,ASK
2018-12-17 09:52:00,BA,316.78,5,BID
2018-12-17 09:52:00,BA,317.07,1,ASK
2018-12-17 09:52:00,BA,316.87,2,BID
2018-12-17 09:52:00,BA,317.17,3,ASK
2018-12-17 09:52:00,BA,316.87,3,BID
2018-12-17 09:52:01,BA,317.17,3,ASK
2018-12-17 09:52:00,BA,316.87,3,BID
2018-12-17 09:52:03,BA,317.17,3,ASK
2018-12-17 09:52:00,BA,316.87,2,BID
2018-12-17 09:52:04,BA,317.17,3,ASK
2018-12-17 09:52:00,BA,316.87,2,BID
2018-12-17 09:52:05,BA,317.16,1,ASK
2018-12-17 09:52:00,BA,316.87,2,BID
2018-12-17 09:52:06,BA,317.17,3,ASK
2018-12-17 09:52:00,BA,316.87,2,BID
2018-12-17 09:52:06,BA,317.17,3,ASK
2018-12-17 09:52:00,BA,316.87,2,BID
2018-12-17 09:52:06,BA,317.17,3,ASK
2018-12-17 09:52:09,BA,316.89,1,BID
2018-12-17 09:52:09,BA,317.17,3,ASK
2018-12-17 09:52:10,BA,316.88,3,BID
2018-12-17 09:52:10,BA,317.17,3,ASK
2018-12-17 09:52:11,BA,316.88,3,BID
2018-12-17 09:52:11,BA,317.17,4,ASK
2018-12-17 09:52:12,BA,316.88,3,BID
2018-12-17 09:52:12,BA,317.17,4,ASK
2018-12-17 09:52:13,BA,316.88,3,BID
2018-12-17 09:52:13,BA,317.29,1,ASK
2018-12-17 09:52:14,BA,317.0,1,BID
2018-12-17 09:52:14,BA,317.2,1,ASK
2018-12-17 09:52:15,BA,317.0,2,BID
2018-12-17 09:52:15,BA,317.22,1,ASK
2018-12-17 09:52:16,BA,316.78,5,BID
2018-12-17 09:52:16,BA,317.14,1,ASK
2018-12-17 09:52:17,BA,316.78,5,BID
2018-12-17 09:52:17,BA,317.13,1,ASK
2018-12-17 09:52:18,BA,316.78,5,BID
2018-12-17 09:52:18,BA,317.11,1,ASK
2018-12-17 09:52:18,BA,316.78,5,BID
2018-12-17 09:52:18,BA,317.11,1,ASK
2018-12-17 09:52:20,BA,316.63,1,BID
2018-12-17 09:52:20,BA,316.94,3,ASK
2018-12-17 09:52:21,BA,316.68,2,BID
2018-12-17 09:52:21,BA,316.94,3,ASK
2018-12-17 09:52:22,BA,316.68,2,BID
2018-12-17 09:52:22,BA,316.94,3,ASK
2018-12-17 09:52:23,BA,316.68,2,BID
2018-12-17 09:52:23,BA,316.94,3,ASK
2018-12-17 09:52:23,BA,316.68,2,BID
2018-12-17 09:52:23,BA,316.94,3,ASK
2018-12-17 09:52:26,BA,316.68,1,BID
2018-12-17 09:52:26,BA,316.94,3,ASK
2018-12-17 09:52:26,BA,316.68,1,BID
2018-12-17 09:52:26,BA,316.94,3,ASK
2018-12-17 09:52:27,BA,316.68,1,BID
2018-12-17 09:52:27,BA,316.94,3,ASK
2018-12-17 09:52:27,BA,316.68,1,BID
2018-12-17 09:52:27,BA,316.94,3,ASK
2018-12-17 09:52:30,BA,316.74,1,BID
2018-12-17 09:52:20,BA,317.11,2,ASK
2018-12-17 09:52:30,BA,316.74,1,BID
2018-12-17 09:52:20,BA,317.11,2,ASK
2018-12-17 09:52:30,BA,316.74,1,BID
2018-12-17 09:52:20,BA,317.11,2,ASK
2018-12-17 09:52:30,BA,316.74,1,BID
2018-12-17 09:52:20,BA,317.11,2,ASK
2018-12-17 09:52:30,BA,316.74,1,BID
2018-12-17 09:52:20,BA,317.11,2,ASK
2018-12-17 09:52:34,BA,316.74,1,BID
2018-12-17 09:52:20,BA,317.11,2,ASK
2018-12-17 09:52:34,BA,316.74,1,BID
2018-12-17 09:52:20,BA,317.11,2,ASK
2018-12-17 09:52:36,BA,316.74,1,BID
2018-12-17 09:52:20,BA,317.11,2,ASK
2018-12-17 09:52:37,BA,316.74,1,BID
2018-12-17 09:52:20,BA,317.11,2,ASK
2018-12-17 09:52:39,BA,316.74,1,BID
2018-12-17 09:52:39,BA,317.1,1,ASK
2018-12-17 09:52:39,BA,316.71,1,BID
2018-12-17 09:52:39,BA,317.1,2,ASK
2018-12-17 09:52:39,BA,316.71,1,BID
2018-12-17 09:52:39,BA,317.1,2,ASK
2018-12-17 09:52:41,BA,316.71,2,BID
2018-12-17 09:52:41,BA,317.1,2,ASK
2018-12-17 09:52:41,BA,316.71,2,BID
2018-12-17 09:52:41,BA,317.1,2,ASK
2018-12-17 09:52:43,BA,316.74,1,BID
2018-12-17 09:52:41,BA,317.1,2,ASK
2018-12-17 09:52:44,BA,316.74,1,BID
2018-12-17 09:52:41,BA,317.1,2,ASK
2018-12-17 09:52:45,BA,316.74,2,BID
2018-12-17 09:52:41,BA,317.1,2,ASK
2018-12-17 09:52:47,BA,316.85,2,BID
2018-12-17 09:52:47,BA,317.11,3,ASK
2018-12-17 09:52:48,BA,316.86,1,BID
2018-12-17 09:52:48,BA,317.11,3,ASK
2018-12-17 09:52:48,BA,316.86,1,BID
2018-12-17 09:52:48,BA,317.11,3,ASK
2018-12-17 09:52:48,BA,316.86,1,BID
2018-12-17 09:52:48,BA,317.11,3,ASK
2018-12-17 09:52:50,BA,316.98,2,BID
2018-12-17 09:52:50,BA,317.24,1,ASK
2018-12-17 09:52:50,BA,316.98,2,BID
2018-12-17 09:52:52,BA,317.24,1,ASK
2018-12-17 09:52:53,BA,316.98,4,BID
2018-12-17 09:52:53,BA,317.24,1,ASK
2018-12-17 09:52:53,BA,316.99,1,BID
2018-12-17 09:52:53,BA,317.24,1,ASK
2018-12-17 09:52:53,BA,316.99,1,BID
2018-12-17 09:52:53,BA,317.24,1,ASK
2018-12-17 09:52:53,BA,316.99,1,BID
2018-12-17 09:52:53,BA,317.24,1,ASK
2018-12-17 09:52:53,BA,316.99,1,BID
2018-12-17 09:52:53,BA,317.24,1,ASK
2018-12-17 09:52:57,BA,316.99,1,BID
2018-12-17 09:52:57,BA,317.24,3,ASK
2018-12-17 09:52:57,BA,316.99,1,BID
2018-12-17 09:52:57,BA,317.24,3,ASK
2018-12-17 09:53:00,BA,316.85,1,BID
2018-12-17 09:53:00,BA,317.15,1,ASK
2018-12-17 09:53:00,BA,316.85,1,BID
2018-12-17 09:53:00,BA,317.15,1,ASK
2018-12-17 09:53:00,BA,316.85,1,BID
2018-12-17 09:53:00,BA,317.15,1,ASK
2018-12-17 09:53:02,BA,316.85,1,BID
2018-12-17 09:53:02,BA,317.14,1,ASK
2018-12-17 09:53:03,BA,316.86,1,BID
2018-12-17 09:53:03,BA,317.15,1,ASK
2018-12-17 09:53:03,BA,316.86,1,BID
2018-12-17 09:53:03,BA,317.15,1,ASK
2018-12-17 09:53:03,BA,316.86,1,BID
2018-12-17 09:53:03,BA,317.15,1,ASK
2018-12-17 09:53:07,BA,316.86,1,BID
2018-12-17 09:53:07,BA,317.3,1,ASK
2018-12-17 09:53:07,BA,316.86,1,BID
2018-12-17 09:53:07,BA,317.3,1,ASK
2018-12-17 09:53:07,BA,316.86,1,BID
2018-12-17 09:53:07,BA,317.3,1,ASK
2018-12-17 09:53:09,BA,316.86,1,BID
2018-12-17 09:53:09,BA,317.3,1,ASK
2018-12-17 09:53:09,BA,316.86,1,BID
2018-12-17 09:53:09,BA,317.3,1,ASK
2018-12-17 09:53:09,BA,316.86,1,BID
2018-12-17 09:53:09,BA,317.3,1,ASK
2018-12-17 09:53:12,BA,316.86,2,BID
2018-12-17 09:53:12,BA,317.3,1,ASK
2018-12-17 09:53:13,BA,316.91,1,BID
2018-12-17 09:53:13,BA,317.3,1,ASK
2018-12-17 09:53:13,BA,316.91,1,BID
2018-12-17 09:53:13,BA,317.3,1,ASK
2018-12-17 09:53:16,BA,317.12,1,BID
2018-12-17 09:53:16,BA,317.3,1,ASK
2018-12-17 09:53:16,BA,317.12,1,BID
2018-12-17 09:53:16,BA,317.3,1,ASK
2018-12-17 09:53:17,BA,317.29,1,BID
2018-12-17 09:53:17,BA,317.72,1,ASK
2018-12-17 09:53:17,BA,317.32,2,BID
2018-12-17 09:53:17,BA,317.73,5,ASK
2018-12-17 09:53:18,BA,317.41,1,BID
2018-12-17 09:53:18,BA,317.73,5,ASK
2018-12-17 09:53:18,BA,317.41,1,BID
2018-12-17 09:53:18,BA,317.73,5,ASK
2018-12-17 09:53:18,BA,317.41,1,BID
2018-12-17 09:53:18,BA,317.73,5,ASK
2018-12-17 09:53:21,BA,317.41,2,BID
2018-12-17 09:53:21,BA,317.72,1,ASK
2018-12-17 09:53:21,BA,317.41,2,BID
2018-12-17 09:53:21,BA,317.72,1,ASK
2018-12-17 09:53:21,BA,317.41,2,BID
2018-12-17 09:53:24,BA,317.71,1,ASK
2018-12-17 09:53:21,BA,317.41,2,BID
2018-12-17 09:53:24,BA,317.71,1,ASK
2018-12-17 09:53:27,BA,317.26,1,BID
2018-12-17 09:53:27,BA,317.42,1,ASK
2018-12-17 09:53:27,BA,317.26,1,BID
2018-12-17 09:53:27,BA,317.42,1,ASK
2018-12-17 09:53:27,BA,317.26,1,BID
2018-12-17 09:53:27,BA,317.42,1,ASK
2018-12-17 09:53:29,BA,317.07,1,BID
2018-12-17 09:53:29,BA,317.26,1,ASK
2018-12-17 09:53:30,BA,317.07,2,BID
2018-12-17 09:53:30,BA,317.42,1,ASK
2018-12-17 09:53:30,BA,317.07,2,BID
2018-12-17 09:53:30,BA,317.42,1,ASK
2018-12-17 09:53:30,BA,317.07,2,BID
2018-12-17 09:53:32,BA,317.42,1,ASK
2018-12-17 09:53:30,BA,317.07,2,BID
2018-12-17 09:53:33,BA,317.42,2,ASK
2018-12-17 09:53:34,BA,316.85,1,BID
2018-12-17 09:53:34,BA,317.36,1,ASK
2018-12-17 09:52:46,BA,316.74,2,BID
2018-12-17 09:53:35,BA,317.25,1,ASK
2018-12-17 09:53:35,BA,316.63,1,BID
2018-12-17 09:53:35,BA,317.16,1,ASK
2018-12-17 09:53:35,BA,316.68,1,BID
2018-12-17 09:53:35,BA,317.16,1,ASK
2018-12-17 09:53:38,BA,316.68,1,BID
2018-12-17 09:53:38,BA,317.16,1,ASK
2018-12-17 09:53:38,BA,316.63,1,BID
2018-12-17 09:53:38,BA,317.16,1,ASK
2018-12-17 09:53:40,BA,316.63,1,BID
2018-12-17 09:53:40,BA,317.16,2,ASK
2018-12-17 09:53:41,BA,316.63,1,BID
2018-12-17 09:53:41,BA,317.06,1,ASK
2018-12-17 09:53:43,BA,316.74,1,BID
2018-12-17 09:53:43,BA,317.16,2,ASK
2018-12-17 09:53:43,BA,316.74,1,BID
2018-12-17 09:53:43,BA,317.16,2,ASK
2018-12-17 09:53:44,BA,316.74,1,BID
2018-12-17 09:53:44,BA,317.16,3,ASK
2018-12-17 09:53:46,BA,316.74,1,BID
2018-12-17 09:53:44,BA,317.16,3,ASK
2018-12-17 09:53:47,BA,316.74,1,BID
2018-12-17 09:53:44,BA,317.16,3,ASK
2018-12-17 09:53:47,BA,316.74,2,BID
2018-12-17 09:53:47,BA,317.07,1,ASK
2018-12-17 09:53:47,BA,316.74,2,BID
2018-12-17 09:53:47,BA,317.07,1,ASK
2018-12-17 09:53:47,BA,316.74,2,BID
2018-12-17 09:53:47,BA,317.07,1,ASK
2018-12-17 09:53:50,BA,316.75,1,BID
2018-12-17 09:53:50,BA,317.07,1,ASK
2018-12-17 09:53:51,BA,316.75,1,BID
2018-12-17 09:53:51,BA,317.07,1,ASK
2018-12-17 09:53:52,BA,316.76,2,BID
2018-12-17 09:53:52,BA,317.07,1,ASK
2018-12-17 09:53:52,BA,316.76,2,BID
2018-12-17 09:53:52,BA,317.07,1,ASK
2018-12-17 09:53:54,BA,317.07,2,BID
2018-12-17 09:53:54,BA,317.5,1,ASK
2018-12-17 09:53:56,BA,316.96,1,BID
2018-12-17 09:53:56,BA,317.43,1,ASK
2018-12-17 09:53:56,BA,316.96,1,BID
2018-12-17 09:53:56,BA,317.43,2,ASK
2018-12-17 09:53:56,BA,316.96,1,BID
2018-12-17 09:53:56,BA,317.43,2,ASK
2018-12-17 09:53:59,BA,316.96,1,BID
2018-12-17 09:53:59,BA,317.43,5,ASK
2018-12-17 09:54:00,BA,316.96,1,BID
2018-12-17 09:54:00,BA,317.43,5,ASK
2018-12-17 09:54:00,BA,316.96,1,BID
2018-12-17 09:54:00,BA,317.43,5,ASK
2018-12-17 09:54:00,BA,316.96,1,BID
2018-12-17 09:54:00,BA,317.43,5,ASK
2018-12-17 09:54:00,BA,316.96,1,BID
2018-12-17 09:54:00,BA,317.43,5,ASK
2018-12-17 09:54:03,BA,316.85,2,BID
2018-12-17 09:54:04,BA,317.37,1,ASK
2018-12-17 09:54:03,BA,316.85,2,BID
2018-12-17 09:54:05,BA,317.37,1,ASK
2018-12-17 09:54:03,BA,316.85,2,BID
2018-12-17 09:54:05,BA,317.37,1,ASK
2018-12-17 09:54:03,BA,316.85,2,BID
2018-12-17 09:54:06,BA,317.37,1,ASK
2018-12-17 09:54:07,BA,316.85,2,BID
2018-12-17 09:54:07,BA,317.37,2,ASK
2018-12-17 09:54:08,BA,316.85,2,BID
2018-12-17 09:54:07,BA,317.37,2,ASK
2018-12-17 09:54:08,BA,316.85,2,BID
2018-12-17 09:54:07,BA,317.37,2,ASK
2018-12-17 09:54:08,BA,316.85,2,BID
2018-12-17 09:54:07,BA,317.37,2,ASK
2018-12-17 09:54:09,BA,316.85,2,BID
2018-12-17 09:54:10,BA,317.35,1,ASK
2018-12-17 09:54:10,BA,316.85,2,BID
2018-12-17 09:54:10,BA,317.35,1,ASK
2018-12-17 09:54:12,BA,316.85,2,BID
2018-12-17 09:54:12,BA,317.35,3,ASK
2018-12-17 09:54:13,BA,316.85,2,BID
2018-12-17 09:54:13,BA,317.35,3,ASK
2018-12-17 09:54:14,BA,316.85,2,BID
2018-12-17 09:54:14,BA,317.35,3,ASK
2018-12-17 09:54:16,BA,316.86,1,BID
2018-12-17 09:54:16,BA,317.35,2,ASK
2018-12-17 09:54:17,BA,316.93,1,BID
2018-12-17 09:54:17,BA,317.35,2,ASK
2018-12-17 09:54:18,BA,316.96,2,BID
2018-12-17 09:54:18,BA,317.35,2,ASK
2018-12-17 09:54:18,BA,316.96,7,BID
2018-12-17 09:54:18,BA,317.35,2,ASK
2018-12-17 09:54:20,BA,317.21,1,BID
2018-12-17 09:53:58,BA,317.43,4,ASK
2018-12-17 09:54:18,BA,316.96,7,BID
2018-12-17 09:53:58,BA,317.43,4,ASK
2018-12-17 09:54:22,BA,316.96,6,BID
2018-12-17 09:53:58,BA,317.43,4,ASK
2018-12-17 09:54:23,BA,316.96,7,BID
2018-12-17 09:53:58,BA,317.43,4,ASK
2018-12-17 09:54:25,BA,316.96,7,BID
2018-12-17 09:53:58,BA,317.43,4,ASK
2018-12-17 09:54:26,BA,316.96,7,BID
2018-12-17 09:53:58,BA,317.43,4,ASK
2018-12-17 09:54:26,BA,316.96,7,BID
2018-12-17 09:53:58,BA,317.43,4,ASK
2018-12-17 09:54:26,BA,316.96,7,BID
2018-12-17 09:53:58,BA,317.43,4,ASK
2018-12-17 09:54:29,BA,317.08,1,BID
2018-12-17 09:53:58,BA,317.43,4,ASK
2018-12-17 09:54:30,BA,317.18,2,BID
2018-12-17 09:51:01,BA,317.73,5,ASK
2018-12-17 09:54:31,BA,317.29,1,BID
2018-12-17 09:51:01,BA,317.73,5,ASK
2018-12-17 09:54:32,BA,317.29,3,BID
2018-12-17 09:51:01,BA,317.73,5,ASK
2018-12-17 09:54:33,BA,317.29,3,BID
2018-12-17 09:51:01,BA,317.73,5,ASK
2018-12-17 09:54:33,BA,317.29,3,BID
2018-12-17 09:51:01,BA,317.73,5,ASK
2018-12-17 09:54:35,BA,317.29,3,BID
2018-12-17 09:51:01,BA,317.73,6,ASK
2018-12-17 09:54:35,BA,317.29,3,BID
2018-12-17 09:51:01,BA,317.73,6,ASK
2018-12-17 09:54:36,BA,317.29,3,BID
2018-12-17 09:51:01,BA,317.73,6,ASK
2018-12-17 09:54:36,BA,317.29,3,BID
2018-12-17 09:51:01,BA,317.73,6,ASK
2018-12-17 09:54:39,BA,317.29,3,BID
2018-12-17 09:51:01,BA,317.73,6,ASK
2018-12-17 09:54:40,BA,317.29,3,BID
2018-12-17 09:54:40,BA,317.72,2,ASK
2018-12-17 09:54:41,BA,317.29,3,BID
2018-12-17 09:54:41,BA,317.71,1,ASK
2018-12-17 09:54:42,BA,317.29,6,BID
2018-12-17 09:54:42,BA,317.6,1,ASK
2018-12-17 09:54:43,BA,317.19,8,BID
2018-12-17 09:54:41,BA,317.72,3,ASK
2018-12-17 09:54:43,BA,317.19,8,BID
2018-12-17 09:54:41,BA,317.72,3,ASK
2018-12-17 09:54:45,BA,317.19,8,BID
2018-12-17 09:54:45,BA,317.62,1,ASK
2018-12-17 09:54:46,BA,317.19,8,BID
2018-12-17 09:54:46,BA,317.62,2,ASK
2018-12-17 09:54:47,BA,317.19,8,BID
2018-12-17 09:54:47,BA,317.72,1,ASK
2018-12-17 09:54:48,BA,317.29,1,BID
2018-12-17 09:54:48,BA,317.71,1,ASK
2018-12-17 09:54:49,BA,317.29,2,BID
2018-12-17 09:54:49,BA,317.71,4,ASK
2018-12-17 09:54:50,BA,317.29,2,BID
2018-12-17 09:54:50,BA,317.7,2,ASK
2018-12-17 09:54:51,BA,317.29,2,BID
2018-12-17 09:54:51,BA,317.69,2,ASK
2018-12-17 09:54:52,BA,317.31,1,BID
2018-12-17 09:54:52,BA,317.66,1,ASK
2018-12-17 09:54:52,BA,317.31,1,BID
2018-12-17 09:54:52,BA,317.66,1,ASK
2018-12-17 09:54:53,BA,317.31,1,BID
2018-12-17 09:54:53,BA,317.66,2,ASK
2018-12-17 09:54:55,BA,317.31,1,BID
2018-12-17 09:54:53,BA,317.66,2,ASK
2018-12-17 09:54:56,BA,317.31,1,BID
2018-12-17 09:54:56,BA,317.65,2,ASK
2018-12-17 09:54:56,BA,317.31,1,BID
2018-12-17 09:54:56,BA,317.65,2,ASK
2018-12-17 09:54:58,BA,317.32,1,BID
2018-12-17 09:54:56,BA,317.66,4,ASK
2018-12-17 09:54:59,BA,317.31,1,BID
2018-12-17 09:54:59,BA,317.66,4,ASK
2018-12-17 09:55:00,BA,317.31,1,BID
2018-12-17 09:54:59,BA,317.66,4,ASK
2018-12-17 09:55:01,BA,317.44,1,BID
2018-12-17 09:54:50,BA,317.71,4,ASK
2018-12-17 09:55:01,BA,317.44,1,BID
2018-12-17 09:55:01,BA,317.71,3,ASK
2018-12-17 09:55:01,BA,317.44,1,BID
2018-12-17 09:55:01,BA,317.71,3,ASK
2018-12-17 09:55:02,BA,317.45,1,BID
2018-12-17 09:55:02,BA,317.69,1,ASK
2018-12-17 09:55:03,BA,317.44,2,BID
2018-12-17 09:55:03,BA,317.71,2,ASK
2018-12-17 09:55:03,BA,317.46,1,BID
2018-12-17 09:55:03,BA,317.71,2,ASK
2018-12-17 09:55:04,BA,317.46,2,BID
2018-12-17 09:55:04,BA,317.71,3,ASK
2018-12-17 09:55:04,BA,317.46,2,BID
2018-12-17 09:55:04,BA,317.71,3,ASK
2018-12-17 09:55:05,BA,317.47,1,BID
2018-12-17 09:55:05,BA,317.69,2,ASK
2018-12-17 09:55:06,BA,317.47,1,BID
2018-12-17 09:55:06,BA,317.71,4,ASK
2018-12-17 09:55:09,BA,317.47,2,BID
2018-12-17 09:55:09,BA,317.71,4,ASK
2018-12-17 09:55:11,BA,317.48,2,BID
2018-12-17 09:51:01,BA,317.73,5,ASK
2018-12-17 09:55:11,BA,317.51,3,BID
2018-12-17 09:55:12,BA,317.72,2,ASK
2018-12-17 09:55:14,BA,317.51,5,BID
2018-12-17 09:55:14,BA,317.72,1,ASK
2018-12-17 09:55:14,BA,317.51,5,BID
2018-12-17 09:55:15,BA,317.72,2,ASK
2018-12-17 09:55:16,BA,317.51,5,BID
2018-12-17 09:55:16,BA,317.73,2,ASK
2018-12-17 09:55:17,BA,317.73,2,BID
2018-12-17 09:55:17,BA,317.87,3,ASK
2018-12-17 09:55:18,BA,317.6,1,BID
2018-12-17 09:55:18,BA,317.87,2,ASK
2018-12-17 09:55:18,BA,317.6,1,BID
2018-12-17 09:55:18,BA,317.87,2,ASK
2018-12-17 09:55:20,BA,317.6,1,BID
2018-12-17 09:55:20,BA,317.73,2,ASK
2018-12-17 09:55:21,BA,317.55,1,BID
2018-12-17 09:55:21,BA,317.73,3,ASK
2018-12-17 09:55:21,BA,317.55,1,BID
2018-12-17 09:55:21,BA,317.73,3,ASK
2018-12-17 09:55:16,BA,317.51,5,BID
2018-12-17 09:55:23,BA,317.73,3,ASK
2018-12-17 09:55:16,BA,317.51,5,BID
2018-12-17 09:55:23,BA,317.73,3,ASK
2018-12-17 09:55:16,BA,317.51,5,BID
2018-12-17 09:55:23,BA,317.73,3,ASK
2018-12-17 09:55:26,BA,317.3,2,BID
2018-12-17 09:55:26,BA,317.73,3,ASK
2018-12-17 09:55:28,BA,317.3,2,BID
2018-12-17 09:55:28,BA,317.71,2,ASK
2018-12-17 09:55:28,BA,317.3,2,BID
2018-12-17 09:55:28,BA,317.71,2,ASK
2018-12-17 09:55:30,BA,317.3,2,BID
2018-12-17 09:55:28,BA,317.71,2,ASK
2018-12-17 09:55:30,BA,317.3,2,BID
2018-12-17 09:55:30,BA,317.71,2,ASK
2018-12-17 09:55:31,BA,317.31,2,BID
2018-12-17 09:55:30,BA,317.71,3,ASK
2018-12-17 09:55:32,BA,317.31,2,BID
2018-12-17 09:55:30,BA,317.71,3,ASK
2018-12-17 09:55:33,BA,317.32,2,BID
2018-12-17 09:55:30,BA,317.71,3,ASK
2018-12-17 09:55:33,BA,317.32,2,BID
2018-12-17 09:55:30,BA,317.71,3,ASK
2018-12-17 09:55:33,BA,317.32,2,BID
2018-12-17 09:55:30,BA,317.71,3,ASK
2018-12-17 09:55:36,BA,317.33,2,BID
2018-12-17 09:55:30,BA,317.71,3,ASK
2018-12-17 09:55:37,BA,317.34,1,BID
2018-12-17 09:55:30,BA,317.71,3,ASK
2018-12-17 09:55:37,BA,317.34,1,BID
2018-12-17 09:55:30,BA,317.71,3,ASK
2018-12-17 09:55:39,BA,317.34,1,BID
2018-12-17 09:55:39,BA,317.7,1,ASK
2018-12-17 09:55:40,BA,317.31,3,BID
2018-12-17 09:55:40,BA,317.71,3,ASK
2018-12-17 09:55:40,BA,317.31,3,BID
2018-12-17 09:55:40,BA,317.71,3,ASK
2018-12-17 09:55:43,BA,317.32,1,BID
2018-12-17 09:55:43,BA,317.7,1,ASK
2018-12-17 09:55:43,BA,317.34,1,BID
2018-12-17 09:55:43,BA,317.55,1,ASK
2018-12-17 09:55:44,BA,317.34,2,BID
2018-12-17 09:55:44,BA,317.52,1,ASK
2018-12-17 09:55:45,BA,317.34,3,BID
2018-12-17 09:55:45,BA,317.52,1,ASK
2018-12-17 09:55:46,BA,317.38,3,BID
2018-12-17 09:55:46,BA,317.69,2,ASK
2018-12-17 09:55:46,BA,317.38,3,BID
2018-12-17 09:55:46,BA,317.69,2,ASK
2018-12-17 09:55:48,BA,317.39,2,BID
2018-12-17 09:55:46,BA,317.71,4,ASK
2018-12-17 09:55:49,BA,317.39,3,BID
2018-12-17 09:55:49,BA,317.71,5,ASK
2018-12-17 09:55:49,BA,317.39,3,BID
2018-12-17 09:55:49,BA,317.71,5,ASK
2018-12-17 09:55:49,BA,317.39,3,BID
2018-12-17 09:55:49,BA,317.71,5,ASK
2018-12-17 09:55:49,BA,317.39,3,BID
2018-12-17 09:55:49,BA,317.71,5,ASK
2018-12-17 09:55:49,BA,317.39,3,BID
2018-12-17 09:55:49,BA,317.71,5,ASK
2018-12-17 09:55:49,BA,317.39,3,BID
2018-12-17 09:55:49,BA,317.71,5,ASK
2018-12-17 09:55:49,BA,317.39,3,BID
2018-12-17 09:55:49,BA,317.71,5,ASK
2018-12-17 09:55:49,BA,317.39,3,BID
2018-12-17 09:55:49,BA,317.71,5,ASK
2018-12-17 09:55:49,BA,317.39,3,BID
2018-12-17 09:55:49,BA,317.71,5,ASK
2018-12-17 09:55:58,BA,317.4,2,BID
2018-12-17 09:55:58,BA,317.7,2,ASK
2018-12-17 09:56:00,BA,317.43,1,BID
2018-12-17 09:56:00,BA,317.7,4,ASK
2018-12-17 09:56:00,BA,317.43,1,BID
2018-12-17 09:56:00,BA,317.7,3,ASK
2018-12-17 09:56:01,BA,317.24,1,BID
2018-12-17 09:56:01,BA,317.7,7,ASK
2018-12-17 09:56:03,BA,317.24,2,BID
2018-12-17 09:56:03,BA,317.7,7,ASK
2018-12-17 09:56:03,BA,317.25,1,BID
2018-12-17 09:56:03,BA,317.55,1,ASK
2018-12-17 09:56:04,BA,317.25,1,BID
2018-12-17 09:56:04,BA,317.55,2,ASK
2018-12-17 09:56:04,BA,317.25,1,BID
2018-12-17 09:56:04,BA,317.55,2,ASK
2018-12-17 09:56:04,BA,317.25,1,BID
2018-12-17 09:56:04,BA,317.55,2,ASK
2018-12-17 09:56:04,BA,317.25,1,BID
2018-12-17 09:56:04,BA,317.55,2,ASK
2018-12-17 09:56:04,BA,317.25,1,BID
2018-12-17 09:56:04,BA,317.55,2,ASK
2018-12-17 09:56:09,BA,317.25,2,BID
2018-12-17 09:56:09,BA,317.55,2,ASK
2018-12-17 09:56:11,BA,317.25,2,BID
2018-12-17 09:56:11,BA,317.55,3,ASK
2018-12-17 09:56:11,BA,317.25,2,BID
2018-12-17 09:56:11,BA,317.55,3,ASK
2018-12-17 09:56:11,BA,317.25,2,BID
2018-12-17 09:56:11,BA,317.55,3,ASK
2018-12-17 09:56:13,BA,317.32,2,BID
2018-12-17 09:56:11,BA,317.55,3,ASK
2018-12-17 09:56:15,BA,317.25,2,BID
2018-12-17 09:56:15,BA,317.55,3,ASK
2018-12-17 09:56:15,BA,317.25,2,BID
2018-12-17 09:56:15,BA,317.55,3,ASK
2018-12-17 09:56:17,BA,317.29,1,BID
2018-12-17 09:56:16,BA,317.55,4,ASK
2018-12-17 09:56:17,BA,317.29,1,BID
2018-12-17 09:56:16,BA,317.55,4,ASK
2018-12-17 09:56:18,BA,317.4,1,BID
2018-12-17 09:56:01,BA,317.7,6,ASK
2018-12-17 09:56:19,BA,317.41,1,BID
2018-12-17 09:56:01,BA,317.7,6,ASK
2018-12-17 09:56:20,BA,317.42,3,BID
2018-12-17 09:56:20,BA,317.7,7,ASK
2018-12-17 09:56:20,BA,317.42,3,BID
2018-12-17 09:56:20,BA,317.7,7,ASK
2018-12-17 09:56:22,BA,317.42,3,BID
2018-12-17 09:56:22,BA,317.69,2,ASK
2018-12-17 09:56:23,BA,317.42,3,BID
2018-12-17 09:56:23,BA,317.69,2,ASK
2018-12-17 09:56:23,BA,317.42,3,BID
2018-12-17 09:56:23,BA,317.69,2,ASK
2018-12-17 09:56:23,BA,317.42,3,BID
2018-12-17 09:56:23,BA,317.69,2,ASK
2018-12-17 09:56:23,BA,317.42,3,BID
2018-12-17 09:56:23,BA,317.69,2,ASK
2018-12-17 09:56:27,BA,317.42,3,BID
2018-12-17 09:56:27,BA,317.67,2,ASK
2018-12-17 09:56:28,BA,317.44,1,BID
2018-12-17 09:56:28,BA,317.67,3,ASK
2018-12-17 09:56:29,BA,317.44,1,BID
2018-12-17 09:56:29,BA,317.65,2,ASK
2018-12-17 09:56:31,BA,317.42,3,BID
2018-12-17 09:56:31,BA,317.65,2,ASK
2018-12-17 09:56:31,BA,317.42,3,BID
2018-12-17 09:56:31,BA,317.65,2,ASK
2018-12-17 09:56:31,BA,317.42,3,BID
2018-12-17 09:56:31,BA,317.65,2,ASK
2018-12-17 09:56:31,BA,317.42,3,BID
2018-12-17 09:56:31,BA,317.65,2,ASK
2018-12-17 09:56:34,BA,317.43,2,BID
2018-12-17 09:56:34,BA,317.65,2,ASK
2018-12-17 09:56:34,BA,317.43,2,BID
2018-12-17 09:56:34,BA,317.65,2,ASK
2018-12-17 09:56:36,BA,317.25,2,BID
2018-12-17 09:56:36,BA,317.63,3,ASK
2018-12-17 09:56:37,BA,317.26,1,BID
2018-12-17 09:56:37,BA,317.49,3,ASK
2018-12-17 09:56:38,BA,317.26,2,BID
2018-12-17 09:56:38,BA,317.45,2,ASK
2018-12-17 09:56:38,BA,317.26,2,BID
2018-12-17 09:56:38,BA,317.45,2,ASK
2018-12-17 09:56:38,BA,317.26,2,BID
2018-12-17 09:56:38,BA,317.45,2,ASK
2018-12-17 09:56:38,BA,317.26,2,BID
2018-12-17 09:56:38,BA,317.45,2,ASK
2018-12-17 09:56:42,BA,317.31,2,BID
2018-12-17 09:56:42,BA,317.61,2,ASK
2018-12-17 09:56:44,BA,317.44,1,BID
2018-12-17 09:56:44,BA,317.62,1,ASK
2018-12-17 09:56:44,BA,317.44,2,BID
2018-12-17 09:56:44,BA,317.62,1,ASK
2018-12-17 09:56:44,BA,317.44,2,BID
2018-12-17 09:56:44,BA,317.62,1,ASK
2018-12-17 09:56:47,BA,317.44,3,BID
2018-12-17 09:56:47,BA,317.62,3,ASK
2018-12-17 09:56:48,BA,317.26,2,BID
2018-12-17 09:56:48,BA,317.6,3,ASK
2018-12-17 09:56:48,BA,317.26,2,BID
2018-12-17 09:56:48,BA,317.6,3,ASK
2018-12-17 09:56:50,BA,317.27,3,BID
2018-12-17 09:56:50,BA,317.6,3,ASK
2018-12-17 09:56:51,BA,317.3,2,BID
2018-12-17 09:56:51,BA,317.6,3,ASK
2018-12-17 09:56:52,BA,317.4,1,BID
2018-12-17 09:56:22,BA,317.7,7,ASK
2018-12-17 09:56:53,BA,317.57,1,BID
2018-12-17 09:56:53,BA,317.87,2,ASK
2018-12-17 09:56:53,BA,317.57,1,BID
2018-12-17 09:56:53,BA,317.87,2,ASK
2018-12-17 09:56:55,BA,317.6,2,BID
2018-12-17 09:56:55,BA,317.73,3,ASK
2018-12-17 09:56:55,BA,317.61,1,BID
2018-12-17 09:56:55,BA,317.73,3,ASK
2018-12-17 09:56:56,BA,317.61,1,BID
2018-12-17 09:56:56,BA,317.73,3,ASK
2018-12-17 09:56:56,BA,317.61,1,BID
2018-12-17 09:56:56,BA,317.73,3,ASK
2018-12-17 09:56:56,BA,317.61,1,BID
2018-12-17 09:56:56,BA,317.73,3,ASK
2018-12-17 09:56:56,BA,317.61,1,BID
2018-12-17 09:56:56,BA,317.73,3,ASK
2018-12-17 09:57:00,BA,317.61,1,BID
2018-12-17 09:57:00,BA,317.87,2,ASK
2018-12-17 09:57:01,BA,317.61,2,BID
2018-12-17 09:57:01,BA,317.87,3,ASK
2018-12-17 09:57:03,BA,317.61,1,BID
2018-12-17 09:57:03,BA,317.87,3,ASK
2018-12-17 09:57:04,BA,317.61,4,BID
2018-12-17 09:57:03,BA,317.87,3,ASK
2018-12-17 09:57:04,BA,317.61,4,BID
2018-12-17 09:57:03,BA,317.87,3,ASK
2018-12-17 09:57:06,BA,317.62,1,BID
2018-12-17 09:57:05,BA,317.87,3,ASK
2018-12-17 09:57:06,BA,317.62,1,BID
2018-12-17 09:57:05,BA,317.87,3,ASK
2018-12-17 09:57:08,BA,317.62,1,BID
2018-12-17 09:57:05,BA,317.87,3,ASK
2018-12-17 09:57:08,BA,317.62,1,BID
2018-12-17 09:57:05,BA,317.87,3,ASK
2018-12-17 09:57:09,BA,317.62,1,BID
2018-12-17 09:57:05,BA,317.87,3,ASK
2018-12-17 09:57:11,BA,317.62,1,BID
2018-12-17 09:57:11,BA,317.87,3,ASK
2018-12-17 09:57:11,BA,317.62,1,BID
2018-12-17 09:57:11,BA,317.87,3,ASK
2018-12-17 09:57:12,BA,317.62,1,BID
2018-12-17 09:57:11,BA,317.87,3,ASK
2018-12-17 09:57:14,BA,317.62,1,BID
2018-12-17 09:57:11,BA,317.87,3,ASK
2018-12-17 09:57:14,BA,317.62,1,BID
2018-12-17 09:57:11,BA,317.87,4,ASK
2018-12-17 09:57:14,BA,317.62,1,BID
2018-12-17 09:57:11,BA,317.87,4,ASK
2018-12-17 09:57:17,BA,317.63,1,BID
2018-12-17 09:57:17,BA,317.86,1,ASK
2018-12-17 09:57:17,BA,317.63,1,BID
2018-12-17 09:57:17,BA,317.86,2,ASK
2018-12-17 09:57:19,BA,317.64,1,BID
2018-12-17 09:57:19,BA,317.85,2,ASK
2018-12-17 09:57:19,BA,317.64,1,BID
2018-12-17 09:57:19,BA,317.86,4,ASK
2018-12-17 09:57:20,BA,317.64,1,BID
2018-12-17 09:57:20,BA,317.86,5,ASK
2018-12-17 09:57:22,BA,317.69,2,BID
2018-12-17 09:57:22,BA,317.99,4,ASK
2018-12-17 09:57:23,BA,317.72,1,BID
2018-12-17 09:57:23,BA,317.99,4,ASK
2018-12-17 09:57:24,BA,317.73,1,BID
2018-12-17 09:57:24,BA,317.99,4,ASK
2018-12-17 09:57:24,BA,317.74,1,BID
2018-12-17 09:57:24,BA,318.0,8,ASK
2018-12-17 09:57:26,BA,317.76,1,BID
2018-12-17 09:57:26,BA,318.0,14,ASK
2018-12-17 09:57:27,BA,317.85,1,BID
2018-12-17 09:57:27,BA,318.15,2,ASK
2018-12-17 09:57:27,BA,317.85,1,BID
2018-12-17 09:57:27,BA,318.24,1,ASK
2018-12-17 09:57:29,BA,318.0,3,BID
2018-12-17 09:57:29,BA,318.28,1,ASK
2018-12-17 09:57:30,BA,318.0,3,BID
2018-12-17 09:57:30,BA,318.28,1,ASK
2018-12-17 09:57:30,BA,318.0,3,BID
2018-12-17 09:57:30,BA,318.28,1,ASK
2018-12-17 09:57:30,BA,318.0,3,BID
2018-12-17 09:57:30,BA,318.28,1,ASK
2018-12-17 09:57:33,BA,318.0,7,BID
2018-12-17 09:57:33,BA,318.28,3,ASK
2018-12-17 09:57:33,BA,318.0,8,BID
2018-12-17 09:57:34,BA,318.28,4,ASK
2018-12-17 09:57:33,BA,318.0,8,BID
2018-12-17 09:57:35,BA,318.27,2,ASK
2018-12-17 09:57:33,BA,318.0,8,BID
2018-12-17 09:57:35,BA,318.27,2,ASK
2018-12-17 09:57:33,BA,318.0,9,BID
2018-12-17 09:57:36,BA,318.28,4,ASK
2018-12-17 09:57:33,BA,318.0,9,BID
2018-12-17 09:57:36,BA,318.28,4,ASK
2018-12-17 09:57:33,BA,318.0,9,BID
2018-12-17 09:57:36,BA,318.28,4,ASK
2018-12-17 09:57:39,BA,318.0,12,BID
2018-12-17 09:57:39,BA,318.27,2,ASK
2018-12-17 09:57:40,BA,318.0,11,BID
2018-12-17 09:57:39,BA,318.28,5,ASK
2018-12-17 09:57:40,BA,318.0,11,BID
2018-12-17 09:57:39,BA,318.28,5,ASK
2018-12-17 09:57:43,BA,318.0,17,BID
2018-12-17 09:57:43,BA,318.2,1,ASK
2018-12-17 09:57:44,BA,318.06,2,BID
2018-12-17 09:57:44,BA,318.31,1,ASK
2018-12-17 09:57:44,BA,318.06,2,BID
2018-12-17 09:57:44,BA,318.31,2,ASK
2018-12-17 09:57:44,BA,318.06,2,BID
2018-12-17 09:57:44,BA,318.31,2,ASK
2018-12-17 09:57:44,BA,318.06,2,BID
2018-12-17 09:57:44,BA,318.31,2,ASK
2018-12-17 09:57:48,BA,318.31,2,BID
2018-12-17 09:57:48,BA,318.51,2,ASK
2018-12-17 09:57:49,BA,318.4,2,BID
2018-12-17 09:57:49,BA,318.7,1,ASK
2018-12-17 09:57:49,BA,318.4,3,BID
2018-12-17 09:57:49,BA,318.7,1,ASK
2018-12-17 09:57:49,BA,318.4,3,BID
2018-12-17 09:57:49,BA,318.7,1,ASK
2018-12-17 09:57:49,BA,318.4,3,BID
2018-12-17 09:57:49,BA,318.7,1,ASK
2018-12-17 09:57:49,BA,318.4,3,BID
2018-12-17 09:57:49,BA,318.7,1,ASK
2018-12-17 09:57:53,BA,318.41,2,BID
2018-12-17 09:57:53,BA,318.7,3,ASK
2018-12-17 09:57:54,BA,318.41,3,BID
2018-12-17 09:57:54,BA,318.7,3,ASK
2018-12-17 09:57:54,BA,318.41,3,BID
2018-12-17 09:57:54,BA,318.7,3,ASK
2018-12-17 09:57:56,BA,318.41,4,BID
2018-12-17 09:57:56,BA,318.7,3,ASK
2018-12-17 09:57:56,BA,318.41,4,BID
2018-12-17 09:57:56,BA,318.7,3,ASK
2018-12-17 09:57:58,BA,318.41,4,BID
2018-12-17 09:57:58,BA,318.7,4,ASK
2018-12-17 09:58:00,BA,318.41,4,BID
2018-12-17 09:58:00,BA,318.7,4,ASK
2018-12-17 09:58:00,BA,318.41,4,BID
2018-12-17 09:58:00,BA,318.7,4,ASK
2018-12-17 09:58:00,BA,318.41,4,BID
2018-12-17 09:58:00,BA,318.7,4,ASK
2018-12-17 09:58:00,BA,318.41,4,BID
2018-12-17 09:58:00,BA,318.7,4,ASK
2018-12-17 09:58:00,BA,318.41,4,BID
2018-12-17 09:58:00,BA,318.7,4,ASK
2018-12-17 09:58:05,BA,318.41,6,BID
2018-12-17 09:58:05,BA,318.7,5,ASK
2018-12-17 09:58:05,BA,318.41,6,BID
2018-12-17 09:58:05,BA,318.7,5,ASK
2018-12-17 09:58:07,BA,318.41,6,BID
2018-12-17 09:58:07,BA,318.7,6,ASK
2018-12-17 09:58:08,BA,318.41,8,BID
2018-12-17 09:58:08,BA,318.69,2,ASK
2018-12-17 09:58:08,BA,318.41,8,BID
2018-12-17 09:58:08,BA,318.69,2,ASK
2018-12-17 09:58:08,BA,318.41,8,BID
2018-12-17 09:58:08,BA,318.69,2,ASK
2018-12-17 09:58:08,BA,318.41,8,BID
2018-12-17 09:58:08,BA,318.69,2,ASK
2018-12-17 09:58:08,BA,318.41,8,BID
2018-12-17 09:58:08,BA,318.69,2,ASK
2018-12-17 09:58:08,BA,318.41,8,BID
2018-12-17 09:58:08,BA,318.69,2,ASK
2018-12-17 09:58:08,BA,318.41,8,BID
2018-12-17 09:58:08,BA,318.69,2,ASK
2018-12-17 09:58:15,BA,318.41,8,BID
2018-12-17 09:58:15,BA,318.68,3,ASK
2018-12-17 09:58:15,BA,318.41,8,BID
2018-12-17 09:58:15,BA,318.68,3,ASK
2018-12-17 09:58:16,BA,318.41,8,BID
2018-12-17 09:58:16,BA,318.66,2,ASK
2018-12-17 09:58:16,BA,318.41,8,BID
2018-12-17 09:58:16,BA,318.66,2,ASK
2018-12-17 09:58:19,BA,318.41,8,BID
2018-12-17 09:58:19,BA,318.65,3,ASK
2018-12-17 09:58:20,BA,318.41,8,BID
2018-12-17 09:58:20,BA,318.65,3,ASK
2018-12-17 09:58:21,BA,318.41,8,BID
2018-12-17 09:58:21,BA,318.64,2,ASK
2018-12-17 09:58:21,BA,318.41,8,BID
2018-12-17 09:58:21,BA,318.64,2,ASK
2018-12-17 09:58:21,BA,318.41,8,BID
2018-12-17 09:58:21,BA,318.64,2,ASK
2018-12-17 09:58:24,BA,318.48,1,BID
2018-12-17 09:58:24,BA,318.64,3,ASK
2018-12-17 09:58:25,BA,318.82,1,BID
2018-12-17 09:58:25,BA,318.96,1,ASK
2018-12-17 09:58:25,BA,318.82,1,BID
2018-12-17 09:58:25,BA,319.0,1,ASK
2018-12-17 09:58:27,BA,318.83,1,BID
2018-12-17 09:58:27,BA,319.26,3,ASK
2018-12-17 09:58:27,BA,318.83,1,BID
2018-12-17 09:58:27,BA,319.26,3,ASK
2018-12-17 09:58:27,BA,318.83,1,BID
2018-12-17 09:58:27,BA,319.26,3,ASK
2018-12-17 09:58:30,BA,318.83,1,BID
2018-12-17 09:58:27,BA,319.26,3,ASK
2018-12-17 09:58:31,BA,318.84,2,BID
2018-12-17 09:58:27,BA,319.26,3,ASK
2018-12-17 09:58:31,BA,318.84,2,BID
2018-12-17 09:58:27,BA,319.26,3,ASK
2018-12-17 09:58:33,BA,318.99,1,BID
2018-12-17 09:58:33,BA,319.37,1,ASK
2018-12-17 09:58:34,BA,319.01,1,BID
2018-12-17 09:58:34,BA,319.29,1,ASK
2018-12-17 09:58:34,BA,319.01,1,BID
2018-12-17 09:58:34,BA,319.29,1,ASK
2018-12-17 09:58:34,BA,319.01,1,BID
2018-12-17 09:58:34,BA,319.29,1,ASK
2018-12-17 09:58:37,BA,319.07,1,BID
2018-12-17 09:58:37,BA,319.37,2,ASK
2018-12-17 09:58:38,BA,319.07,3,BID
2018-12-17 09:58:38,BA,319.37,3,ASK
2018-12-17 09:58:38,BA,319.07,3,BID
2018-12-17 09:58:38,BA,319.37,3,ASK
2018-12-17 09:58:40,BA,319.1,1,BID
2018-12-17 09:58:38,BA,319.37,3,ASK
2018-12-17 09:58:40,BA,319.1,1,BID
2018-12-17 09:58:38,BA,319.37,3,ASK
2018-12-17 09:58:42,BA,319.1,1,BID
2018-12-17 09:58:42,BA,319.37,4,ASK
2018-12-17 09:58:42,BA,319.1,1,BID
2018-12-17 09:58:42,BA,319.37,4,ASK
2018-12-17 09:58:44,BA,319.11,1,BID
2018-12-17 09:58:44,BA,319.37,4,ASK
2018-12-17 09:58:45,BA,319.11,1,BID
2018-12-17 09:58:45,BA,319.36,2,ASK
2018-12-17 09:58:46,BA,319.11,1,BID
2018-12-17 09:58:46,BA,319.37,5,ASK
2018-12-17 09:58:47,BA,319.12,1,BID
2018-12-17 09:58:47,BA,319.35,1,ASK
2018-12-17 09:58:47,BA,319.12,1,BID
2018-12-17 09:58:47,BA,319.34,2,ASK
2018-12-17 09:58:49,BA,319.13,1,BID
2018-12-17 09:58:49,BA,319.34,2,ASK
2018-12-17 09:58:50,BA,319.13,1,BID
2018-12-17 09:58:50,BA,319.34,3,ASK
2018-12-17 09:58:51,BA,319.18,1,BID
2018-12-17 09:58:51,BA,319.29,1,ASK
2018-12-17 09:58:52,BA,319.11,3,BID
2018-12-17 09:58:52,BA,319.28,2,ASK
2018-12-17 09:58:53,BA,319.11,3,BID
2018-12-17 09:58:53,BA,319.29,1,ASK
2018-12-17 09:58:54,BA,319.0,24,BID
2018-12-17 09:58:54,BA,319.1,1,ASK
2018-12-17 09:58:55,BA,318.77,2,BID
2018-12-17 09:58:55,BA,319.05,1,ASK
2018-12-17 09:58:56,BA,318.77,4,BID
2018-12-17 09:58:56,BA,319.02,1,ASK
2018-12-17 09:58:56,BA,318.77,5,BID
2018-12-17 09:58:57,BA,319.02,2,ASK
2018-12-17 09:58:58,BA,318.78,1,BID
2018-12-17 09:58:58,BA,319.01,2,ASK
2018-12-17 09:58:58,BA,318.78,3,BID
2018-12-17 09:58:58,BA,319.01,3,ASK
2018-12-17 09:59:00,BA,318.78,3,BID
2018-12-17 09:59:00,BA,319.01,5,ASK
2018-12-17 09:59:00,BA,318.78,3,BID
2018-12-17 09:59:00,BA,319.01,5,ASK
2018-12-17 09:59:01,BA,318.78,4,BID
2018-12-17 09:59:01,BA,319.01,5,ASK
2018-12-17 09:59:03,BA,318.81,2,BID
2018-12-17 09:59:03,BA,319.01,5,ASK
2018-12-17 09:59:03,BA,318.82,2,BID
2018-12-17 09:59:03,BA,319.01,5,ASK
2018-12-17 09:59:03,BA,318.82,2,BID
2018-12-17 09:59:03,BA,319.01,5,ASK
2018-12-17 09:59:05,BA,318.82,1,BID
2018-12-17 09:59:05,BA,319.01,5,ASK
2018-12-17 09:59:06,BA,318.82,1,BID
2018-12-17 09:59:06,BA,319.01,6,ASK
2018-12-17 09:59:08,BA,318.82,1,BID
2018-12-17 09:59:08,BA,319.01,6,ASK
2018-12-17 09:59:08,BA,318.82,1,BID
2018-12-17 09:59:08,BA,319.01,6,ASK
2018-12-17 09:59:10,BA,318.82,1,BID
2018-12-17 09:59:10,BA,319.01,6,ASK
2018-12-17 09:59:11,BA,318.79,1,BID
2018-12-17 09:59:11,BA,318.97,2,ASK
2018-12-17 09:59:12,BA,318.79,1,BID
2018-12-17 09:59:12,BA,318.96,2,ASK
2018-12-17 09:59:12,BA,318.79,1,BID
2018-12-17 09:59:12,BA,319.01,6,ASK
2018-12-17 09:59:12,BA,318.79,1,BID
2018-12-17 09:59:05,BA,319.01,6,ASK
2018-12-17 09:59:15,BA,318.79,1,BID
2018-12-17 09:59:15,BA,319.0,2,ASK
2018-12-17 09:59:16,BA,318.79,1,BID
2018-12-17 09:59:05,BA,319.01,7,ASK
2018-12-17 09:59:17,BA,318.79,1,BID
2018-12-17 09:59:05,BA,319.01,7,ASK
2018-12-17 09:59:18,BA,318.61,1,BID
2018-12-17 09:59:18,BA,318.88,2,ASK
2018-12-17 09:59:18,BA,318.61,1,BID
2018-12-17 09:59:18,BA,318.88,2,ASK
2018-12-17 09:59:20,BA,318.48,1,BID
2018-12-17 09:59:20,BA,318.89,4,ASK
2018-12-17 09:59:21,BA,318.48,1,BID
2018-12-17 09:59:21,BA,318.88,2,ASK
2018-12-17 09:59:22,BA,318.48,2,BID
2018-12-17 09:59:22,BA,318.86,2,ASK
2018-12-17 09:59:23,BA,318.48,1,BID
2018-12-17 09:59:23,BA,318.86,5,ASK
2018-12-17 09:59:23,BA,318.48,1,BID
2018-12-17 09:59:23,BA,318.86,5,ASK
2018-12-17 09:59:23,BA,318.48,1,BID
2018-12-17 09:59:23,BA,318.86,5,ASK
2018-12-17 09:59:26,BA,318.67,1,BID
2018-12-17 09:59:26,BA,318.85,2,ASK
2018-12-17 09:59:27,BA,318.67,1,BID
2018-12-17 09:59:27,BA,318.86,4,ASK
2018-12-17 09:59:28,BA,318.67,1,BID
2018-12-17 09:59:28,BA,318.86,5,ASK
2018-12-17 09:59:28,BA,318.67,1,BID
2018-12-17 09:59:28,BA,318.86,5,ASK
2018-12-17 09:59:30,BA,318.67,3,BID
2018-12-17 09:59:30,BA,318.84,2,ASK
2018-12-17 09:59:30,BA,318.67,3,BID
2018-12-17 09:59:30,BA,318.84,2,ASK
2018-12-17 09:59:30,BA,318.67,3,BID
2018-12-17 09:59:30,BA,318.84,2,ASK
2018-12-17 09:59:33,BA,318.67,3,BID
2018-12-17 09:59:33,BA,318.84,2,ASK
2018-12-17 09:59:34,BA,318.67,3,BID
2018-12-17 09:59:34,BA,318.84,2,ASK
2018-12-17 09:59:35,BA,318.67,3,BID
2018-12-17 09:59:34,BA,318.84,3,ASK
2018-12-17 09:59:36,BA,318.68,1,BID
2018-12-17 09:59:05,BA,319.01,4,ASK
2018-12-17 09:59:36,BA,318.68,1,BID
2018-12-17 09:59:05,BA,319.01,5,ASK
2018-12-17 09:59:37,BA,318.77,1,BID
2018-12-17 09:59:05,BA,319.01,5,ASK
2018-12-17 09:59:38,BA,318.79,1,BID
2018-12-17 09:59:38,BA,319.28,2,ASK
2018-12-17 09:59:38,BA,318.93,1,BID
2018-12-17 09:59:38,BA,319.28,1,ASK
2018-12-17 09:59:41,BA,318.92,1,BID
2018-12-17 09:59:41,BA,319.28,1,ASK
2018-12-17 09:59:41,BA,318.92,1,BID
2018-12-17 09:59:41,BA,319.28,1,ASK
2018-12-17 09:59:43,BA,318.92,1,BID
2018-12-17 09:59:43,BA,319.28,1,ASK
2018-12-17 09:59:44,BA,318.92,2,BID
2018-12-17 09:59:44,BA,319.23,1,ASK
2018-12-17 09:59:45,BA,318.92,2,BID
2018-12-17 09:59:45,BA,319.27,2,ASK
2018-12-17 09:59:47,BA,319.0,1,BID
2018-12-17 09:59:47,BA,319.27,2,ASK
2018-12-17 09:59:47,BA,319.0,1,BID
2018-12-17 09:59:47,BA,319.27,2,ASK
2018-12-17 09:59:48,BA,318.96,1,BID
2018-12-17 09:59:48,BA,319.28,3,ASK
2018-12-17 09:59:49,BA,318.96,1,BID
2018-12-17 09:59:49,BA,319.28,3,ASK
2018-12-17 09:59:50,BA,319.27,3,BID
2018-12-17 09:59:50,BA,319.6,1,ASK
2018-12-17 09:59:51,BA,319.28,2,BID
2018-12-17 09:59:51,BA,319.75,5,ASK
2018-12-17 09:59:52,BA,319.3,2,BID
2018-12-17 09:59:52,BA,319.75,5,ASK
2018-12-17 09:59:52,BA,319.3,3,BID
2018-12-17 09:59:52,BA,319.75,5,ASK
2018-12-17 09:59:53,BA,319.31,4,BID
2018-12-17 09:59:54,BA,319.75,5,ASK
2018-12-17 09:59:54,BA,319.31,3,BID
2018-12-17 09:59:54,BA,319.75,5,ASK
2018-12-17 09:59:55,BA,319.31,4,BID
2018-12-17 09:59:55,BA,319.75,5,ASK
2018-12-17 09:59:56,BA,319.31,3,BID
2018-12-17 09:59:56,BA,319.62,2,ASK
2018-12-17 09:59:56,BA,319.31,3,BID
2018-12-17 09:59:56,BA,319.62,2,ASK
2018-12-17 09:59:56,BA,319.31,3,BID
2018-12-17 09:59:56,BA,319.62,2,ASK
2018-12-17 10:00:00,BA,319.31,3,BID
2018-12-17 10:00:00,BA,319.62,2,ASK
2018-12-17 10:00:00,BA,319.07,1,BID
2018-12-17 10:00:00,BA,319.56,1,ASK
2018-12-17 10:00:00,BA,319.07,2,BID
2018-12-17 10:00:00,BA,319.53,1,ASK
2018-12-17 10:00:00,BA,319.07,2,BID
2018-12-17 10:00:00,BA,319.53,1,ASK
2018-12-17 10:00:00,BA,319.07,2,BID
2018-12-17 10:00:00,BA,319.53,1,ASK
2018-12-17 10:00:00,BA,319.07,2,BID
2018-12-17 10:00:00,BA,319.53,1,ASK
2018-12-17 10:00:00,BA,319.07,2,BID
2018-12-17 10:00:00,BA,319.53,1,ASK
2018-12-17 10:00:00,BA,319.07,2,BID
2018-12-17 10:00:00,BA,319.53,1,ASK
2018-12-17 10:00:07,BA,319.08,5,BID
2018-12-17 10:00:07,BA,319.45,2,ASK
2018-12-17 10:00:07,BA,319.08,5,BID
2018-12-17 10:00:07,BA,319.45,2,ASK
2018-12-17 10:00:07,BA,319.08,5,BID
2018-12-17 10:00:07,BA,319.59,1,ASK
2018-12-17 10:00:08,BA,319.08,6,BID
2018-12-17 10:00:08,BA,319.59,2,ASK
2018-12-17 10:00:08,BA,319.08,6,BID
2018-12-17 10:00:08,BA,319.58,2,ASK
2018-12-17 10:00:08,BA,319.08,6,BID
2018-12-17 10:00:09,BA,319.56,2,ASK
2018-12-17 10:00:10,BA,319.24,1,BID
2018-12-17 10:00:10,BA,319.74,2,ASK
2018-12-17 10:00:10,BA,319.24,2,BID
2018-12-17 10:00:11,BA,319.74,3,ASK
2018-12-17 10:00:10,BA,319.24,2,BID
2018-12-17 10:00:14,BA,319.73,2,ASK
2018-12-17 10:00:14,BA,319.24,2,BID
2018-12-17 10:00:15,BA,319.73,2,ASK
2018-12-17 10:00:14,BA,319.24,2,BID
2018-12-17 10:00:14,BA,319.74,4,ASK
2018-12-17 10:00:14,BA,319.24,2,BID
2018-12-17 10:00:14,BA,319.74,5,ASK
2018-12-17 10:00:14,BA,319.24,2,BID
2018-12-17 10:00:14,BA,319.74,5,ASK
2018-12-17 10:00:14,BA,319.24,2,BID
2018-12-17 10:00:21,BA,319.74,5,ASK
2018-12-17 10:00:22,BA,319.12,2,BID
2018-12-17 10:00:22,BA,319.61,1,ASK
2018-12-17 10:00:23,BA,319.12,2,BID
2018-12-17 10:00:23,BA,319.61,2,ASK
2018-12-17 10:00:24,BA,319.12,2,BID
2018-12-17 10:00:24,BA,319.6,2,ASK
2018-12-17 10:00:26,BA,319.24,1,BID
2018-12-17 10:00:26,BA,319.59,1,ASK
2018-12-17 10:00:26,BA,319.12,3,BID
2018-12-17 10:00:26,BA,319.58,3,ASK
2018-12-17 10:00:27,BA,319.12,3,BID
2018-12-17 10:00:27,BA,319.48,2,ASK
2018-12-17 10:00:29,BA,319.09,1,BID
2018-12-17 10:00:29,BA,319.32,3,ASK
2018-12-17 10:00:30,BA,319.12,1,BID
2018-12-17 10:00:30,BA,319.48,3,ASK
2018-12-17 10:00:30,BA,319.12,1,BID
2018-12-17 10:00:30,BA,319.47,2,ASK
2018-12-17 10:00:32,BA,319.12,1,BID
2018-12-17 10:00:32,BA,319.48,5,ASK
2018-12-17 10:00:32,BA,319.15,1,BID
2018-12-17 10:00:32,BA,319.67,1,ASK
2018-12-17 10:00:34,BA,319.15,1,BID
2018-12-17 10:00:34,BA,319.67,1,ASK
2018-12-17 10:00:34,BA,319.12,2,BID
2018-12-17 10:00:34,BA,319.66,3,ASK
2018-12-17 10:00:35,BA,319.16,1,BID
2018-12-17 10:00:35,BA,319.66,3,ASK
2018-12-17 10:00:36,BA,319.16,1,BID
2018-12-17 10:00:36,BA,319.65,2,ASK
2018-12-17 10:00:37,BA,319.16,1,BID
2018-12-17 10:00:37,BA,319.66,2,ASK
2018-12-17 10:00:39,BA,319.16,1,BID
2018-12-17 10:00:39,BA,319.66,3,ASK
2018-12-17 10:00:39,BA,319.16,1,BID
2018-12-17 10:00:39,BA,319.66,4,ASK
2018-12-17 10:00:40,BA,319.09,2,BID
2018-12-17 10:00:40,BA,319.56,2,ASK
2018-12-17 10:00:41,BA,319.16,1,BID
2018-12-17 10:00:41,BA,319.56,2,ASK
2018-12-17 10:00:41,BA,319.16,1,BID
2018-12-17 10:00:41,BA,319.56,2,ASK
2018-12-17 10:00:44,BA,319.09,2,BID
2018-12-17 10:00:44,BA,319.55,3,ASK
2018-12-17 10:00:45,BA,319.16,1,BID
2018-12-17 10:00:45,BA,319.54,1,ASK
2018-12-17 10:00:45,BA,319.16,1,BID
2018-12-17 10:00:45,BA,319.53,2,ASK
2018-12-17 10:00:47,BA,319.09,2,BID
2018-12-17 10:00:47,BA,319.53,3,ASK
2018-12-17 10:00:47,BA,319.09,2,BID
2018-12-17 10:00:47,BA,319.49,2,ASK
2018-12-17 10:00:48,BA,319.09,2,BID
2018-12-17 10:00:48,BA,319.47,2,ASK
2018-12-17 10:00:48,BA,319.09,2,BID
2018-12-17 10:00:48,BA,319.47,2,ASK
2018-12-17 10:00:50,BA,319.09,2,BID
2018-12-17 10:00:50,BA,319.38,2,ASK
2018-12-17 10:00:50,BA,319.09,2,BID
2018-12-17 10:00:50,BA,319.38,2,ASK
2018-12-17 10:00:53,BA,319.09,2,BID
2018-12-17 10:00:53,BA,319.4,2,ASK
2018-12-17 10:00:53,BA,319.09,2,BID
2018-12-17 10:00:53,BA,319.29,1,ASK
2018-12-17 10:00:54,BA,319.16,1,BID
2018-12-17 10:00:54,BA,319.37,1,ASK
2018-12-17 10:00:55,BA,319.29,1,BID
2018-12-17 10:00:55,BA,319.5,2,ASK
2018-12-17 10:00:56,BA,319.37,1,BID
2018-12-17 10:00:56,BA,319.5,3,ASK
2018-12-17 10:00:56,BA,319.25,1,BID
2018-12-17 10:00:56,BA,319.5,3,ASK
2018-12-17 10:00:58,BA,319.26,1,BID
2018-12-17 10:00:58,BA,319.48,2,ASK
2018-12-17 10:01:00,BA,319.28,1,BID
2018-12-17 10:01:00,BA,319.5,3,ASK
2018-12-17 10:01:01,BA,319.23,1,BID
2018-12-17 10:01:01,BA,319.5,3,ASK
2018-12-17 10:01:02,BA,319.22,1,BID
2018-12-17 10:01:02,BA,319.49,2,ASK
2018-12-17 10:01:03,BA,319.22,1,BID
2018-12-17 10:01:03,BA,319.49,3,ASK
2018-12-17 10:01:03,BA,319.22,1,BID
2018-12-17 10:01:03,BA,319.49,3,ASK
2018-12-17 10:01:04,BA,319.22,3,BID
2018-12-17 10:01:04,BA,319.45,1,ASK
2018-12-17 10:01:04,BA,319.22,3,BID
2018-12-17 10:01:04,BA,319.45,1,ASK
2018-12-17 10:01:04,BA,319.22,3,BID
2018-12-17 10:01:04,BA,319.45,1,ASK
2018-12-17 10:01:07,BA,319.22,5,BID
2018-12-17 10:01:07,BA,319.44,2,ASK
2018-12-17 10:01:07,BA,319.22,5,BID
2018-12-17 10:01:08,BA,319.44,3,ASK
2018-12-17 10:01:09,BA,319.14,1,BID
2018-12-17 10:01:09,BA,319.39,2,ASK
2018-12-17 10:01:10,BA,319.14,1,BID
2018-12-17 10:01:10,BA,319.38,2,ASK
2018-12-17 10:01:12,BA,319.15,1,BID
2018-12-17 10:01:12,BA,319.38,2,ASK
2018-12-17 10:01:12,BA,319.26,2,BID
2018-12-17 10:01:12,BA,319.51,3,ASK
2018-12-17 10:01:14,BA,319.14,1,BID
2018-12-17 10:01:14,BA,319.48,2,ASK
2018-12-17 10:01:14,BA,319.14,1,BID
2018-12-17 10:01:14,BA,319.48,2,ASK
2018-12-17 10:01:16,BA,319.16,1,BID
2018-12-17 10:01:16,BA,319.57,1,ASK
2018-12-17 10:01:16,BA,319.16,1,BID
2018-12-17 10:01:16,BA,319.57,1,ASK
2018-12-17 10:01:18,BA,319.16,1,BID
2018-12-17 10:01:18,BA,319.49,1,ASK
2018-12-17 10:01:18,BA,319.16,1,BID
2018-12-17 10:01:18,BA,319.49,2,ASK
2018-12-17 10:01:20,BA,319.17,2,BID
2018-12-17 10:01:20,BA,319.48,2,ASK
2018-12-17 10:01:21,BA,319.15,2,BID
2018-12-17 10:01:21,BA,319.48,2,ASK
2018-12-17 10:01:21,BA,319.17,1,BID
2018-12-17 10:01:21,BA,319.48,2,ASK
2018-12-17 10:01:23,BA,319.17,1,BID
2018-12-17 10:01:23,BA,319.48,2,ASK
2018-12-17 10:01:23,BA,319.17,1,BID
2018-12-17 10:01:23,BA,319.48,2,ASK
2018-12-17 10:01:25,BA,319.19,1,BID
2018-12-17 10:01:25,BA,319.46,2,ASK
2018-12-17 10:01:25,BA,319.2,1,BID
2018-12-17 10:01:25,BA,319.46,2,ASK
2018-12-17 10:01:26,BA,319.27,2,BID
2018-12-17 10:01:26,BA,319.45,2,ASK
2018-12-17 10:01:28,BA,319.28,2,BID
2018-12-17 10:01:28,BA,319.57,1,ASK
2018-12-17 10:01:28,BA,319.28,2,BID
2018-12-17 10:01:28,BA,319.57,1,ASK
2018-12-17 10:01:30,BA,319.28,2,BID
2018-12-17 10:01:30,BA,319.57,1,ASK
2018-12-17 10:01:30,BA,319.28,2,BID
2018-12-17 10:01:30,BA,319.57,1,ASK
2018-12-17 10:01:31,BA,319.28,2,BID
2018-12-17 10:01:31,BA,319.57,1,ASK
2018-12-17 10:01:32,BA,319.28,2,BID
2018-12-17 10:01:32,BA,319.47,1,ASK
2018-12-17 10:01:33,BA,319.28,3,BID
2018-12-17 10:01:33,BA,319.46,3,ASK
2018-12-17 10:01:34,BA,319.28,3,BID
2018-12-17 10:01:34,BA,319.46,3,ASK
2018-12-17 10:01:34,BA,319.28,3,BID
2018-12-17 10:01:34,BA,319.46,3,ASK
2018-12-17 10:01:36,BA,319.2,1,BID
2018-12-17 10:01:36,BA,319.35,2,ASK
2018-12-17 10:01:36,BA,319.2,1,BID
2018-12-17 10:01:36,BA,319.35,2,ASK
2018-12-17 10:01:38,BA,319.21,1,BID
2018-12-17 10:01:38,BA,319.35,3,ASK
2018-12-17 10:01:39,BA,319.21,1,BID
2018-12-17 10:01:38,BA,319.35,3,ASK
2018-12-17 10:01:40,BA,319.21,2,BID
2018-12-17 10:01:40,BA,319.47,2,ASK
2018-12-17 10:01:40,BA,319.21,2,BID
2018-12-17 10:01:40,BA,319.47,2,ASK
2018-12-17 10:01:40,BA,319.21,2,BID
2018-12-17 10:01:40,BA,319.47,2,ASK
2018-12-17 10:01:40,BA,319.21,2,BID
2018-12-17 10:01:40,BA,319.47,2,ASK
2018-12-17 10:01:45,BA,319.2,1,BID
2018-12-17 10:01:45,BA,319.47,1,ASK
2018-12-17 10:01:45,BA,319.2,1,BID
2018-12-17 10:01:45,BA,319.47,1,ASK
2018-12-17 10:01:47,BA,319.2,2,BID
2018-12-17 10:01:47,BA,319.48,1,ASK
2018-12-17 10:01:47,BA,319.2,2,BID
2018-12-17 10:01:47,BA,319.47,2,ASK
2018-12-17 10:01:49,BA,319.21,1,BID
2018-12-17 10:01:49,BA,319.47,1,ASK
2018-12-17 10:01:50,BA,319.2,2,BID
2018-12-17 10:01:50,BA,319.47,3,ASK
2018-12-17 10:01:50,BA,319.2,1,BID
2018-12-17 10:01:50,BA,319.47,4,ASK
2018-12-17 10:01:52,BA,319.21,1,BID
2018-12-17 10:01:52,BA,319.41,3,ASK
2018-12-17 10:01:53,BA,319.21,1,BID
2018-12-17 10:01:53,BA,319.4,2,ASK
2018-12-17 10:01:54,BA,319.13,1,BID
2018-12-17 10:01:54,BA,319.28,3,ASK
2018-12-17 10:01:54,BA,319.13,1,BID
2018-12-17 10:01:54,BA,319.28,3,ASK
2018-12-17 10:01:55,BA,319.15,2,BID
2018-12-17 10:01:55,BA,319.44,1,ASK
2018-12-17 10:01:56,BA,319.15,2,BID
2018-12-17 10:01:56,BA,319.44,1,ASK
2018-12-17 10:01:58,BA,319.15,3,BID
2018-12-17 10:01:58,BA,319.44,1,ASK
2018-12-17 10:01:58,BA,319.15,3,BID
2018-12-17 10:01:58,BA,319.44,1,ASK
2018-12-17 10:02:00,BA,319.13,1,BID
2018-12-17 10:02:00,BA,319.44,1,ASK
2018-12-17 10:02:01,BA,319.13,2,BID
2018-12-17 10:02:01,BA,319.43,1,ASK
2018-12-17 10:02:01,BA,319.13,2,BID
2018-12-17 10:02:01,BA,319.43,2,ASK
2018-12-17 10:02:01,BA,319.13,2,BID
2018-12-17 10:02:01,BA,319.43,2,ASK
2018-12-17 10:02:04,BA,319.13,2,BID
2018-12-17 10:02:04,BA,319.42,2,ASK
2018-12-17 10:02:04,BA,319.13,2,BID
2018-12-17 10:02:05,BA,319.41,3,ASK
2018-12-17 10:02:05,BA,319.13,2,BID
2018-12-17 10:02:05,BA,319.41,3,ASK
2018-12-17 10:02:05,BA,319.13,2,BID
2018-12-17 10:02:05,BA,319.41,3,ASK
2018-12-17 10:02:05,BA,319.13,2,BID
2018-12-17 10:02:05,BA,319.41,3,ASK
2018-12-17 10:02:08,BA,319.13,2,BID
2018-12-17 10:02:08,BA,319.39,2,ASK
2018-12-17 10:02:08,BA,319.13,2,BID
2018-12-17 10:02:08,BA,319.39,2,ASK
2018-12-17 10:02:11,BA,319.13,2,BID
2018-12-17 10:02:11,BA,319.39,3,ASK
2018-12-17 10:02:11,BA,319.13,4,BID
2018-12-17 10:02:11,BA,319.38,3,ASK
2018-12-17 10:02:13,BA,319.01,2,BID
2018-12-17 10:02:13,BA,319.28,5,ASK
2018-12-17 10:02:14,BA,319.01,2,BID
2018-12-17 10:02:14,BA,319.26,2,ASK
2018-12-17 10:02:15,BA,319.01,2,BID
2018-12-17 10:02:15,BA,319.26,2,ASK
2018-12-17 10:02:16,BA,319.01,2,BID
2018-12-17 10:02:16,BA,319.26,2,ASK
2018-12-17 10:02:17,BA,319.01,2,BID
2018-12-17 10:02:17,BA,319.26,2,ASK
2018-12-17 10:02:17,BA,319.01,2,BID
2018-12-17 10:02:17,BA,319.26,2,ASK
2018-12-17 10:02:19,BA,319.01,2,BID
2018-12-17 10:02:19,BA,319.24,3,ASK
2018-12-17 10:02:20,BA,319.01,2,BID
2018-12-17 10:02:20,BA,319.23,2,ASK
2018-12-17 10:02:20,BA,319.01,2,BID
2018-12-17 10:02:20,BA,319.23,2,ASK
2018-12-17 10:02:20,BA,319.01,2,BID
2018-12-17 10:02:20,BA,319.23,2,ASK
2018-12-17 10:02:20,BA,319.01,2,BID
2018-12-17 10:02:20,BA,319.23,2,ASK
2018-12-17 10:02:24,BA,319.03,1,BID
2018-12-17 10:02:24,BA,319.37,3,ASK
2018-12-17 10:02:25,BA,319.03,1,BID
2018-12-17 10:02:25,BA,319.37,3,ASK
2018-12-17 10:02:26,BA,319.03,1,BID
2018-12-17 10:02:26,BA,319.36,3,ASK
2018-12-17 10:02:27,BA,319.03,1,BID
2018-12-17 10:02:27,BA,319.36,2,ASK
2018-12-17 10:02:27,BA,319.03,1,BID
2018-12-17 10:02:27,BA,319.35,1,ASK
2018-12-17 10:02:28,BA,319.01,2,BID
2018-12-17 10:02:28,BA,319.35,1,ASK
2018-12-17 10:02:30,BA,319.01,2,BID
2018-12-17 10:02:30,BA,319.34,2,ASK
2018-12-17 10:02:31,BA,319.0,2,BID
2018-12-17 10:02:31,BA,319.25,1,ASK
2018-12-17 10:02:32,BA,319.02,1,BID
2018-12-17 10:02:32,BA,319.36,8,ASK
2018-12-17 10:02:32,BA,319.02,1,BID
2018-12-17 10:02:32,BA,319.36,8,ASK
2018-12-17 10:02:33,BA,319.02,1,BID
2018-12-17 10:02:33,BA,319.36,8,ASK
2018-12-17 10:02:35,BA,319.11,2,BID
2018-12-17 10:02:35,BA,319.49,2,ASK
2018-12-17 10:02:35,BA,319.11,2,BID
2018-12-17 10:02:35,BA,319.49,5,ASK
2018-12-17 10:02:37,BA,319.0,4,BID
2018-12-17 10:02:37,BA,319.26,3,ASK
2018-12-17 10:02:37,BA,319.0,4,BID
2018-12-17 10:02:37,BA,319.26,3,ASK
2018-12-17 10:02:39,BA,319.0,3,BID
2018-12-17 10:02:39,BA,319.26,3,ASK
2018-12-17 10:02:39,BA,319.0,3,BID
2018-12-17 10:02:39,BA,319.26,3,ASK
2018-12-17 10:02:39,BA,319.0,3,BID
2018-12-17 10:02:39,BA,319.26,3,ASK
2018-12-17 10:02:42,BA,319.0,3,BID
2018-12-17 10:02:42,BA,319.26,3,ASK
2018-12-17 10:02:42,BA,319.0,3,BID
2018-12-17 10:02:42,BA,319.26,3,ASK
2018-12-17 10:02:44,BA,319.01,1,BID
2018-12-17 10:02:44,BA,319.26,3,ASK
2018-12-17 10:02:45,BA,319.02,1,BID
2018-12-17 10:02:45,BA,319.26,3,ASK
2018-12-17 10:02:45,BA,319.0,3,BID
2018-12-17 10:02:45,BA,319.26,3,ASK
2018-12-17 10:02:46,BA,319.0,3,BID
2018-12-17 10:02:46,BA,319.26,3,ASK
2018-12-17 10:02:48,BA,319.0,4,BID
2018-12-17 10:02:48,BA,319.25,4,ASK
2018-12-17 10:02:48,BA,319.0,4,BID
2018-12-17 10:02:49,BA,319.25,4,ASK
2018-12-17 10:02:49,BA,319.0,4,BID
2018-12-17 10:02:49,BA,319.23,1,ASK
2018-12-17 10:02:51,BA,319.03,1,BID
2018-12-17 10:02:51,BA,319.22,2,ASK
2018-12-17 10:02:52,BA,319.03,1,BID
2018-12-17 10:02:52,BA,319.25,5,ASK
2018-12-17 10:02:53,BA,319.03,1,BID
2018-12-17 10:02:53,BA,319.24,1,ASK
2018-12-17 10:02:54,BA,319.03,1,BID
2018-12-17 10:02:54,BA,319.24,1,ASK
2018-12-17 10:02:55,BA,319.03,1,BID
2018-12-17 10:02:55,BA,319.23,2,ASK
2018-12-17 10:02:56,BA,319.03,1,BID
2018-12-17 10:02:56,BA,319.24,1,ASK
2018-12-17 10:02:57,BA,319.03,1,BID
2018-12-17 10:02:57,BA,319.25,4,ASK
2018-12-17 10:02:58,BA,319.26,1,BID
2018-12-17 10:02:58,BA,319.37,1,ASK
2018-12-17 10:02:59,BA,319.25,1,BID
2018-12-17 10:02:59,BA,319.33,4,ASK
2018-12-17 10:03:00,BA,319.03,1,BID
2018-12-17 10:03:00,BA,319.26,1,ASK
2018-12-17 10:03:01,BA,319.08,2,BID
2018-12-17 10:03:01,BA,319.33,4,ASK
2018-12-17 10:03:01,BA,319.08,2,BID
2018-12-17 10:03:01,BA,319.33,4,ASK
2018-12-17 10:03:01,BA,319.08,2,BID
2018-12-17 10:03:01,BA,319.33,4,ASK
2018-12-17 10:03:04,BA,319.08,3,BID
2018-12-17 10:03:04,BA,319.33,5,ASK
2018-12-17 10:03:05,BA,319.08,3,BID
2018-12-17 10:03:05,BA,319.3,1,ASK
2018-12-17 10:03:05,BA,319.08,3,BID
2018-12-17 10:03:05,BA,319.3,1,ASK
2018-12-17 10:03:07,BA,319.08,3,BID
2018-12-17 10:03:07,BA,319.3,1,ASK
2018-12-17 10:03:08,BA,319.08,4,BID
2018-12-17 10:03:08,BA,319.29,2,ASK
2018-12-17 10:03:08,BA,319.08,4,BID
2018-12-17 10:03:09,BA,319.29,3,ASK
2018-12-17 10:03:08,BA,319.08,4,BID
2018-12-17 10:03:09,BA,319.29,3,ASK
2018-12-17 10:03:08,BA,319.08,4,BID
2018-12-17 10:03:09,BA,319.29,3,ASK
2018-12-17 10:03:08,BA,319.08,4,BID
2018-12-17 10:03:11,BA,319.28,1,ASK
2018-12-17 10:03:08,BA,319.08,4,BID
2018-12-17 10:03:11,BA,319.28,1,ASK
2018-12-17 10:03:08,BA,319.08,4,BID
2018-12-17 10:03:14,BA,319.28,2,ASK
2018-12-17 10:03:01,BA,319.08,4,BID
2018-12-17 10:03:08,BA,319.29,5,ASK
2018-12-17 10:03:01,BA,319.08,4,BID
2018-12-17 10:03:08,BA,319.29,5,ASK
2018-12-17 10:03:01,BA,319.08,4,BID
2018-12-17 10:03:08,BA,319.29,5,ASK
2018-12-17 10:03:18,BA,319.08,5,BID
2018-12-17 10:03:08,BA,319.29,4,ASK
2018-12-17 10:03:18,BA,319.08,5,BID
2018-12-17 10:03:08,BA,319.29,4,ASK
2018-12-17 10:03:18,BA,319.08,5,BID
2018-12-17 10:03:08,BA,319.29,4,ASK
2018-12-17 10:03:18,BA,319.08,5,BID
2018-12-17 10:03:08,BA,319.29,4,ASK
2018-12-17 10:03:22,BA,319.1,2,BID
2018-12-17 10:03:22,BA,319.37,3,ASK
2018-12-17 10:03:22,BA,319.1,2,BID
2018-12-17 10:03:22,BA,319.37,3,ASK
2018-12-17 10:03:23,BA,319.1,3,BID
2018-12-17 10:03:23,BA,319.37,3,ASK
2018-12-17 10:03:23,BA,319.1,3,BID
2018-12-17 10:03:24,BA,319.37,3,ASK
2018-12-17 10:03:26,BA,319.1,4,BID
2018-12-17 10:03:26,BA,319.36,1,ASK
2018-12-17 10:03:26,BA,319.1,4,BID
2018-12-17 10:03:26,BA,319.36,1,ASK
2018-12-17 10:03:28,BA,319.1,4,BID
2018-12-17 10:03:28,BA,319.37,3,ASK
2018-12-17 10:03:29,BA,319.1,4,BID
2018-12-17 10:03:29,BA,319.37,4,ASK
2018-12-17 10:03:30,BA,319.1,4,BID
2018-12-17 10:03:30,BA,319.36,1,ASK
2018-12-17 10:03:30,BA,319.1,4,BID
2018-12-17 10:03:30,BA,319.36,1,ASK
2018-12-17 10:03:30,BA,319.1,4,BID
2018-12-17 10:03:30,BA,319.36,1,ASK
2018-12-17 10:03:33,BA,319.1,4,BID
2018-12-17 10:03:33,BA,319.37,6,ASK
2018-12-17 10:03:33,BA,319.1,4,BID
2018-12-17 10:03:33,BA,319.37,6,ASK
2018-12-17 10:03:35,BA,319.1,4,BID
2018-12-17 10:03:35,BA,319.37,6,ASK
2018-12-17 10:03:36,BA,319.1,4,BID
2018-12-17 10:03:36,BA,319.37,6,ASK
2018-12-17 10:03:37,BA,319.1,4,BID
2018-12-17 10:03:37,BA,319.37,6,ASK
2018-12-17 10:03:38,BA,319.1,5,BID
2018-12-17 10:03:37,BA,319.37,6,ASK
2018-12-17 10:03:38,BA,319.1,5,BID
2018-12-17 10:03:37,BA,319.37,6,ASK
2018-12-17 10:03:38,BA,319.1,7,BID
2018-12-17 10:03:37,BA,319.37,6,ASK
2018-12-17 10:03:41,BA,319.11,1,BID
2018-12-17 10:03:37,BA,319.37,6,ASK
2018-12-17 10:03:42,BA,319.11,2,BID
2018-12-17 10:03:42,BA,319.36,3,ASK
2018-12-17 10:03:42,BA,319.11,2,BID
2018-12-17 10:03:42,BA,319.36,3,ASK
2018-12-17 10:03:44,BA,319.11,4,BID
2018-12-17 10:03:44,BA,319.36,3,ASK
2018-12-17 10:03:45,BA,319.12,1,BID
2018-12-17 10:03:45,BA,319.36,3,ASK
2018-12-17 10:03:45,BA,319.12,1,BID
2018-12-17 10:03:45,BA,319.36,3,ASK
2018-12-17 10:03:47,BA,319.12,1,BID
2018-12-17 10:03:47,BA,319.36,4,ASK
2018-12-17 10:03:48,BA,319.12,1,BID
2018-12-17 10:03:48,BA,319.36,4,ASK
2018-12-17 10:03:49,BA,319.12,3,BID
2018-12-17 10:03:49,BA,319.36,4,ASK
2018-12-17 10:03:49,BA,319.12,3,BID
2018-12-17 10:03:49,BA,319.36,4,ASK
2018-12-17 10:03:51,BA,319.12,3,BID
2018-12-17 10:03:51,BA,319.36,4,ASK
2018-12-17 10:03:51,BA,319.12,3,BID
2018-12-17 10:03:51,BA,319.36,4,ASK
2018-12-17 10:03:51,BA,319.12,3,BID
2018-12-17 10:03:51,BA,319.36,4,ASK
