timestamp,ticker,price,volume,bid_ask
2018-12-17 09:40:27,CAT,126.25,3,BID
2018-12-17 09:40:35,CAT,126.34,2,ASK
2018-12-17 09:40:37,CAT,126.35,1,BID
2018-12-17 09:40:37,CAT,126.44,2,ASK
2018-12-17 09:40:37,CAT,126.35,1,BID
2018-12-17 09:40:37,CAT,126.44,3,ASK
2018-12-17 09:40:37,CAT,126.35,1,BID
2018-12-17 09:40:37,CAT,126.44,3,ASK
2018-12-17 09:40:37,CAT,126.35,1,BID
2018-12-17 09:40:37,CAT,126.44,3,ASK
2018-12-17 09:40:40,CAT,126.35,1,BID
2018-12-17 09:40:40,CAT,126.39,2,ASK
2018-12-17 09:40:27,CAT,126.25,2,BID
2018-12-17 09:40:42,CAT,126.35,6,ASK
2018-12-17 09:40:27,CAT,126.25,2,BID
2018-12-17 09:40:42,CAT,126.35,6,ASK
2018-12-17 09:40:27,CAT,126.25,2,BID
2018-12-17 09:40:42,CAT,126.35,6,ASK
2018-12-17 09:40:27,CAT,126.25,2,BID
2018-12-17 09:40:42,CAT,126.35,6,ASK
2018-12-17 09:40:45,CAT,126.25,3,BID
2018-12-17 09:40:45,CAT,126.35,6,ASK
2018-12-17 09:40:45,CAT,126.25,3,BID
2018-12-17 09:40:47,CAT,126.35,6,ASK
2018-12-17 09:40:45,CAT,126.25,3,BID
2018-12-17 09:40:47,CAT,126.35,6,ASK
2018-12-17 09:40:45,CAT,126.25,3,BID
2018-12-17 09:40:47,CAT,126.35,7,ASK
2018-12-17 09:40:45,CAT,126.25,3,BID
2018-12-17 09:40:47,CAT,126.35,7,ASK
2018-12-17 09:40:45,CAT,126.25,3,BID
2018-12-17 09:40:47,CAT,126.35,7,ASK
2018-12-17 09:40:45,CAT,126.25,4,BID
2018-12-17 09:40:51,CAT,126.35,7,ASK
2018-12-17 09:40:45,CAT,126.25,4,BID
2018-12-17 09:40:51,CAT,126.35,7,ASK
2018-12-17 09:40:53,CAT,126.27,1,BID
2018-12-17 09:40:53,CAT,126.35,7,ASK
2018-12-17 09:40:55,CAT,126.27,2,BID
2018-12-17 09:40:55,CAT,126.35,7,ASK
2018-12-17 09:40:55,CAT,126.3,1,BID
2018-12-17 09:40:55,CAT,126.44,1,ASK
2018-12-17 09:40:57,CAT,126.3,2,BID
2018-12-17 09:40:56,CAT,126.44,5,ASK
2018-12-17 09:40:58,CAT,126.3,2,BID
2018-12-17 09:40:56,CAT,126.44,4,ASK
2018-12-17 09:40:58,CAT,126.3,2,BID
2018-12-17 09:40:58,CAT,126.43,1,ASK
2018-12-17 09:41:00,CAT,126.3,2,BID
2018-12-17 09:41:00,CAT,126.43,1,ASK
2018-12-17 09:41:00,CAT,126.3,2,BID
2018-12-17 09:41:00,CAT,126.43,1,ASK
2018-12-17 09:41:02,CAT,126.3,2,BID
2018-12-17 09:41:02,CAT,126.42,2,ASK
2018-12-17 09:41:03,CAT,126.3,3,BID
2018-12-17 09:41:03,CAT,126.42,2,ASK
2018-12-17 09:41:03,CAT,126.3,3,BID
2018-12-17 09:41:03,CAT,126.42,2,ASK
2018-12-17 09:41:03,CAT,126.3,3,BID
2018-12-17 09:41:03,CAT,126.42,2,ASK
2018-12-17 09:41:05,CAT,126.3,3,BID
2018-12-17 09:41:05,CAT,126.42,3,ASK
2018-12-17 09:41:05,CAT,126.3,3,BID
2018-12-17 09:41:05,CAT,126.42,3,ASK
2018-12-17 09:41:08,CAT,126.3,2,BID
2018-12-17 09:41:08,CAT,126.41,2,ASK
2018-12-17 09:40:45,CAT,126.25,3,BID
2018-12-17 09:41:08,CAT,126.36,1,ASK
2018-12-17 09:41:08,CAT,126.14,1,BID
2018-12-17 09:41:08,CAT,126.26,3,ASK
2018-12-17 09:41:08,CAT,126.14,1,BID
2018-12-17 09:41:08,CAT,126.26,3,ASK
2018-12-17 09:41:10,CAT,126.14,2,BID
2018-12-17 09:41:10,CAT,126.25,1,ASK
2018-12-17 09:41:11,CAT,126.07,3,BID
2018-12-17 09:41:11,CAT,126.14,3,ASK
2018-12-17 09:41:13,CAT,126.08,1,BID
2018-12-17 09:41:13,CAT,126.19,3,ASK
2018-12-17 09:41:13,CAT,126.08,1,BID
2018-12-17 09:41:13,CAT,126.19,3,ASK
2018-12-17 09:41:13,CAT,126.08,1,BID
2018-12-17 09:41:13,CAT,126.19,3,ASK
2018-12-17 09:41:15,CAT,126.07,4,BID
2018-12-17 09:41:15,CAT,126.19,5,ASK
2018-12-17 09:41:15,CAT,126.07,4,BID
2018-12-17 09:41:15,CAT,126.19,5,ASK
2018-12-17 09:41:15,CAT,126.07,4,BID
2018-12-17 09:41:15,CAT,126.19,5,ASK
2018-12-17 09:41:20,CAT,126.04,1,BID
2018-12-17 09:41:19,CAT,126.18,2,ASK
2018-12-17 09:41:20,CAT,126.04,1,BID
2018-12-17 09:41:20,CAT,126.16,2,ASK
2018-12-17 09:41:22,CAT,126.04,2,BID
2018-12-17 09:41:22,CAT,126.16,2,ASK
2018-12-17 09:41:22,CAT,126.04,1,BID
2018-12-17 09:41:22,CAT,126.16,2,ASK
2018-12-17 09:41:24,CAT,126.04,2,BID
2018-12-17 09:41:24,CAT,126.16,3,ASK
2018-12-17 09:41:24,CAT,126.06,1,BID
2018-12-17 09:41:24,CAT,126.16,2,ASK
2018-12-17 09:41:25,CAT,126.06,1,BID
2018-12-17 09:41:24,CAT,126.16,3,ASK
2018-12-17 09:41:25,CAT,126.06,1,BID
2018-12-17 09:41:24,CAT,126.16,3,ASK
2018-12-17 09:41:27,CAT,126.06,2,BID
2018-12-17 09:41:24,CAT,126.16,3,ASK
2018-12-17 09:41:27,CAT,126.06,2,BID
2018-12-17 09:41:24,CAT,126.16,3,ASK
2018-12-17 09:41:30,CAT,126.07,1,BID
2018-12-17 09:41:24,CAT,126.16,3,ASK
2018-12-17 09:41:30,CAT,126.09,1,BID
2018-12-17 09:41:30,CAT,126.25,5,ASK
2018-12-17 09:41:31,CAT,126.09,1,BID
2018-12-17 09:41:30,CAT,126.25,6,ASK
2018-12-17 09:41:32,CAT,126.12,1,BID
2018-12-17 09:41:32,CAT,126.25,7,ASK
2018-12-17 09:41:33,CAT,126.12,1,BID
2018-12-17 09:41:33,CAT,126.24,1,ASK
2018-12-17 09:41:33,CAT,126.12,1,BID
2018-12-17 09:41:33,CAT,126.24,1,ASK
2018-12-17 09:41:35,CAT,126.12,2,BID
2018-12-17 09:41:35,CAT,126.24,1,ASK
2018-12-17 09:41:35,CAT,126.12,2,BID
2018-12-17 09:41:35,CAT,126.24,1,ASK
2018-12-17 09:41:35,CAT,126.12,2,BID
2018-12-17 09:41:35,CAT,126.24,1,ASK
2018-12-17 09:41:35,CAT,126.12,2,BID
2018-12-17 09:41:35,CAT,126.24,1,ASK
2018-12-17 09:41:35,CAT,126.12,2,BID
2018-12-17 09:41:35,CAT,126.24,1,ASK
2018-12-17 09:41:40,CAT,126.05,2,BID
2018-12-17 09:41:40,CAT,126.11,1,ASK
2018-12-17 09:41:42,CAT,126.01,2,BID
2018-12-17 09:41:42,CAT,126.11,2,ASK
2018-12-17 09:41:43,CAT,126.01,2,BID
2018-12-17 09:41:43,CAT,126.1,1,ASK
2018-12-17 09:41:43,CAT,126.02,1,BID
2018-12-17 09:41:43,CAT,126.11,6,ASK
2018-12-17 09:41:43,CAT,126.02,1,BID
2018-12-17 09:41:43,CAT,126.11,6,ASK
2018-12-17 09:41:43,CAT,126.02,1,BID
2018-12-17 09:41:43,CAT,126.11,6,ASK
2018-12-17 09:41:43,CAT,126.02,1,BID
2018-12-17 09:41:43,CAT,126.11,6,ASK
2018-12-17 09:41:43,CAT,126.02,1,BID
2018-12-17 09:41:43,CAT,126.11,6,ASK
2018-12-17 09:41:43,CAT,126.02,1,BID
2018-12-17 09:41:43,CAT,126.11,6,ASK
2018-12-17 09:41:43,CAT,126.02,1,BID
2018-12-17 09:41:43,CAT,126.11,6,ASK
2018-12-17 09:41:43,CAT,126.02,1,BID
2018-12-17 09:41:43,CAT,126.11,6,ASK
2018-12-17 09:41:52,CAT,126.02,1,BID
2018-12-17 09:41:52,CAT,126.11,6,ASK
2018-12-17 09:41:52,CAT,126.11,1,BID
2018-12-17 09:41:52,CAT,126.19,1,ASK
2018-12-17 09:41:52,CAT,126.11,1,BID
2018-12-17 09:41:52,CAT,126.19,1,ASK
2018-12-17 09:41:53,CAT,126.07,1,BID
2018-12-17 09:41:53,CAT,126.19,3,ASK
2018-12-17 09:41:53,CAT,126.07,1,BID
2018-12-17 09:41:53,CAT,126.19,3,ASK
2018-12-17 09:41:56,CAT,126.07,2,BID
2018-12-17 09:41:55,CAT,126.19,5,ASK
2018-12-17 09:41:58,CAT,126.1,4,BID
2018-12-17 09:41:55,CAT,126.19,5,ASK
2018-12-17 09:41:58,CAT,126.01,2,BID
2018-12-17 09:41:58,CAT,126.15,6,ASK
2018-12-17 09:41:59,CAT,126.01,2,BID
2018-12-17 09:41:58,CAT,126.15,6,ASK
2018-12-17 09:42:00,CAT,126.01,2,BID
2018-12-17 09:42:00,CAT,126.15,6,ASK
2018-12-17 09:42:00,CAT,126.01,2,BID
2018-12-17 09:42:00,CAT,126.15,6,ASK
2018-12-17 09:42:02,CAT,126.01,2,BID
2018-12-17 09:42:02,CAT,126.13,6,ASK
2018-12-17 09:42:04,CAT,126.01,2,BID
2018-12-17 09:42:04,CAT,126.13,9,ASK
2018-12-17 09:42:04,CAT,126.01,2,BID
2018-12-17 09:42:04,CAT,126.13,9,ASK
2018-12-17 09:42:06,CAT,125.82,1,BID
2018-12-17 09:42:06,CAT,125.98,2,ASK
2018-12-17 09:42:06,CAT,125.82,1,BID
2018-12-17 09:42:06,CAT,125.98,3,ASK
2018-12-17 09:42:07,CAT,125.82,3,BID
2018-12-17 09:42:07,CAT,125.97,2,ASK
2018-12-17 09:42:07,CAT,125.82,3,BID
2018-12-17 09:42:07,CAT,125.97,2,ASK
2018-12-17 09:42:09,CAT,125.83,1,BID
2018-12-17 09:42:09,CAT,125.97,4,ASK
2018-12-17 09:42:09,CAT,125.83,1,BID
2018-12-17 09:42:09,CAT,125.97,4,ASK
2018-12-17 09:42:09,CAT,125.83,1,BID
2018-12-17 09:42:07,CAT,125.97,4,ASK
2018-12-17 09:42:12,CAT,125.83,1,BID
2018-12-17 09:42:12,CAT,125.97,4,ASK
2018-12-17 09:42:12,CAT,125.83,1,BID
2018-12-17 09:42:12,CAT,125.97,4,ASK
2018-12-17 09:42:12,CAT,125.83,1,BID
2018-12-17 09:42:12,CAT,125.97,4,ASK
2018-12-17 09:42:12,CAT,125.83,1,BID
2018-12-17 09:42:12,CAT,125.97,4,ASK
2018-12-17 09:42:17,CAT,125.83,1,BID
2018-12-17 09:42:17,CAT,125.97,4,ASK
2018-12-17 09:42:17,CAT,125.83,1,BID
2018-12-17 09:42:17,CAT,125.97,4,ASK
2018-12-17 09:42:19,CAT,125.83,3,BID
2018-12-17 09:42:19,CAT,125.97,4,ASK
2018-12-17 09:42:19,CAT,125.83,3,BID
2018-12-17 09:42:19,CAT,125.97,4,ASK
2018-12-17 09:42:19,CAT,125.83,3,BID
2018-12-17 09:42:19,CAT,125.97,7,ASK
2018-12-17 09:42:22,CAT,125.81,1,BID
2018-12-17 09:42:22,CAT,125.94,7,ASK
2018-12-17 09:42:22,CAT,125.81,1,BID
2018-12-17 09:42:22,CAT,125.95,4,ASK
2018-12-17 09:42:24,CAT,125.81,1,BID
2018-12-17 09:42:24,CAT,125.93,2,ASK
2018-12-17 09:42:25,CAT,125.82,1,BID
2018-12-17 09:42:25,CAT,125.93,2,ASK
2018-12-17 09:42:26,CAT,125.82,2,BID
2018-12-17 09:42:26,CAT,125.93,2,ASK
2018-12-17 09:42:26,CAT,125.82,2,BID
2018-12-17 09:42:26,CAT,125.93,2,ASK
2018-12-17 09:42:26,CAT,125.82,2,BID
2018-12-17 09:42:26,CAT,125.93,2,ASK
2018-12-17 09:42:26,CAT,125.82,2,BID
2018-12-17 09:42:26,CAT,125.93,2,ASK
2018-12-17 09:42:30,CAT,125.81,2,BID
2018-12-17 09:42:30,CAT,125.92,5,ASK
2018-12-17 09:42:31,CAT,125.81,2,BID
2018-12-17 09:42:31,CAT,125.92,2,ASK
2018-12-17 09:42:31,CAT,125.81,2,BID
2018-12-17 09:42:31,CAT,125.92,2,ASK
2018-12-17 09:42:31,CAT,125.81,2,BID
2018-12-17 09:42:31,CAT,125.92,2,ASK
2018-12-17 09:42:31,CAT,125.81,2,BID
2018-12-17 09:42:31,CAT,125.92,2,ASK
2018-12-17 09:42:31,CAT,125.81,2,BID
2018-12-17 09:42:31,CAT,125.92,2,ASK
2018-12-17 09:42:36,CAT,125.81,4,BID
2018-12-17 09:42:36,CAT,125.92,2,ASK
2018-12-17 09:42:36,CAT,125.81,4,BID
2018-12-17 09:42:36,CAT,125.92,2,ASK
2018-12-17 09:42:36,CAT,125.81,4,BID
2018-12-17 09:42:36,CAT,125.92,2,ASK
2018-12-17 09:42:36,CAT,125.81,4,BID
2018-12-17 09:42:36,CAT,125.92,2,ASK
2018-12-17 09:42:36,CAT,125.81,4,BID
2018-12-17 09:42:40,CAT,125.92,2,ASK
2018-12-17 09:42:36,CAT,125.81,4,BID
2018-12-17 09:42:40,CAT,125.92,5,ASK
2018-12-17 09:42:41,CAT,125.81,4,BID
2018-12-17 09:42:41,CAT,125.92,5,ASK
2018-12-17 09:42:41,CAT,125.81,4,BID
2018-12-17 09:42:43,CAT,125.92,5,ASK
2018-12-17 09:42:43,CAT,125.81,4,BID
2018-12-17 09:42:43,CAT,125.92,7,ASK
2018-12-17 09:42:45,CAT,125.81,4,BID
2018-12-17 09:42:43,CAT,125.92,6,ASK
2018-12-17 09:42:45,CAT,125.81,4,BID
2018-12-17 09:42:43,CAT,125.92,6,ASK
2018-12-17 09:42:47,CAT,125.8,3,BID
2018-12-17 09:42:47,CAT,125.91,2,ASK
2018-12-17 09:42:48,CAT,125.84,1,BID
2018-12-17 09:42:48,CAT,125.91,2,ASK
2018-12-17 09:42:49,CAT,125.8,6,BID
2018-12-17 09:42:49,CAT,125.84,2,ASK
2018-12-17 09:42:49,CAT,125.8,6,BID
2018-12-17 09:42:50,CAT,125.86,2,ASK
2018-12-17 09:42:49,CAT,125.8,6,BID
2018-12-17 09:42:51,CAT,125.92,6,ASK
2018-12-17 09:42:49,CAT,125.8,6,BID
2018-12-17 09:42:51,CAT,125.92,6,ASK
2018-12-17 09:42:49,CAT,125.8,7,BID
2018-12-17 09:42:53,CAT,125.92,6,ASK
2018-12-17 09:42:49,CAT,125.8,7,BID
2018-12-17 09:42:53,CAT,125.92,6,ASK
2018-12-17 09:42:49,CAT,125.8,7,BID
2018-12-17 09:42:53,CAT,125.92,6,ASK
2018-12-17 09:42:56,CAT,125.86,2,BID
2018-12-17 09:42:56,CAT,125.92,6,ASK
2018-12-17 09:42:49,CAT,125.8,6,BID
2018-12-17 09:42:56,CAT,125.92,7,ASK
2018-12-17 09:42:49,CAT,125.8,7,BID
2018-12-17 09:42:56,CAT,125.92,7,ASK
2018-12-17 09:42:49,CAT,125.8,7,BID
2018-12-17 09:42:56,CAT,125.92,7,ASK
2018-12-17 09:42:49,CAT,125.8,7,BID
2018-12-17 09:42:56,CAT,125.92,7,ASK
2018-12-17 09:42:49,CAT,125.8,7,BID
2018-12-17 09:42:56,CAT,125.92,7,ASK
2018-12-17 09:42:49,CAT,125.8,7,BID
2018-12-17 09:42:56,CAT,125.92,7,ASK
2018-12-17 09:42:49,CAT,125.8,7,BID
2018-12-17 09:42:56,CAT,125.92,7,ASK
2018-12-17 09:42:49,CAT,125.8,7,BID
2018-12-17 09:42:56,CAT,125.92,7,ASK
2018-12-17 09:42:49,CAT,125.8,7,BID
2018-12-17 09:42:56,CAT,125.92,7,ASK
2018-12-17 09:42:49,CAT,125.8,7,BID
2018-12-17 09:42:56,CAT,125.92,7,ASK
2018-12-17 09:42:49,CAT,125.8,7,BID
2018-12-17 09:43:07,CAT,125.89,3,ASK
2018-12-17 09:42:49,CAT,125.8,6,BID
2018-12-17 09:43:08,CAT,125.89,3,ASK
2018-12-17 09:42:49,CAT,125.8,7,BID
2018-12-17 09:43:09,CAT,125.89,3,ASK
2018-12-17 09:42:49,CAT,125.8,7,BID
2018-12-17 09:43:09,CAT,125.89,3,ASK
2018-12-17 09:42:49,CAT,125.8,5,BID
2018-12-17 09:43:11,CAT,125.89,3,ASK
2018-12-17 09:42:49,CAT,125.8,7,BID
2018-12-17 09:43:11,CAT,125.87,3,ASK
2018-12-17 09:42:49,CAT,125.8,7,BID
2018-12-17 09:43:11,CAT,125.87,3,ASK
2018-12-17 09:42:49,CAT,125.8,7,BID
2018-12-17 09:43:14,CAT,125.86,3,ASK
2018-12-17 09:42:49,CAT,125.8,8,BID
2018-12-17 09:43:14,CAT,125.86,4,ASK
2018-12-17 09:42:49,CAT,125.8,7,BID
2018-12-17 09:43:16,CAT,125.86,5,ASK
2018-12-17 09:42:49,CAT,125.8,6,BID
2018-12-17 09:43:16,CAT,125.86,5,ASK
2018-12-17 09:42:49,CAT,125.8,8,BID
2018-12-17 09:43:16,CAT,125.86,5,ASK
2018-12-17 09:43:19,CAT,125.58,5,BID
2018-12-17 09:43:19,CAT,125.71,4,ASK
2018-12-17 09:43:19,CAT,125.58,5,BID
2018-12-17 09:43:19,CAT,125.71,4,ASK
2018-12-17 09:43:19,CAT,125.58,5,BID
2018-12-17 09:43:19,CAT,125.71,4,ASK
2018-12-17 09:43:20,CAT,125.5,2,BID
2018-12-17 09:43:20,CAT,125.64,3,ASK
2018-12-17 09:43:21,CAT,125.5,2,BID
2018-12-17 09:43:21,CAT,125.64,6,ASK
2018-12-17 09:43:21,CAT,125.4,2,BID
2018-12-17 09:43:21,CAT,125.53,3,ASK
2018-12-17 09:43:21,CAT,125.4,2,BID
2018-12-17 09:43:21,CAT,125.53,6,ASK
2018-12-17 09:43:21,CAT,125.4,2,BID
2018-12-17 09:43:21,CAT,125.53,6,ASK
2018-12-17 09:43:22,CAT,125.4,2,BID
2018-12-17 09:43:21,CAT,125.53,6,ASK
2018-12-17 09:43:23,CAT,125.41,1,BID
2018-12-17 09:43:23,CAT,125.53,8,ASK
2018-12-17 09:43:24,CAT,125.4,2,BID
2018-12-17 09:43:24,CAT,125.52,3,ASK
2018-12-17 09:43:24,CAT,125.4,2,BID
2018-12-17 09:43:24,CAT,125.52,3,ASK
2018-12-17 09:43:26,CAT,125.31,1,BID
2018-12-17 09:43:26,CAT,125.45,3,ASK
2018-12-17 09:43:28,CAT,125.3,1,BID
2018-12-17 09:43:28,CAT,125.44,3,ASK
2018-12-17 09:43:29,CAT,125.3,2,BID
2018-12-17 09:43:29,CAT,125.44,3,ASK
2018-12-17 09:43:30,CAT,125.3,2,BID
2018-12-17 09:43:30,CAT,125.44,3,ASK
2018-12-17 09:43:31,CAT,125.3,2,BID
2018-12-17 09:43:31,CAT,125.44,3,ASK
2018-12-17 09:43:31,CAT,125.3,2,BID
2018-12-17 09:43:31,CAT,125.44,3,ASK
2018-12-17 09:43:31,CAT,125.3,2,BID
2018-12-17 09:43:31,CAT,125.44,3,ASK
2018-12-17 09:43:31,CAT,125.3,2,BID
2018-12-17 09:43:31,CAT,125.44,3,ASK
2018-12-17 09:43:38,CAT,125.35,1,BID
2018-12-17 09:43:38,CAT,125.43,3,ASK
2018-12-17 09:43:38,CAT,125.2,1,BID
2018-12-17 09:43:38,CAT,125.35,3,ASK
2018-12-17 09:43:38,CAT,125.2,1,BID
2018-12-17 09:43:38,CAT,125.35,3,ASK
2018-12-17 09:43:39,CAT,125.2,1,BID
2018-12-17 09:43:39,CAT,125.34,3,ASK
2018-12-17 09:43:39,CAT,125.2,1,BID
2018-12-17 09:43:39,CAT,125.34,3,ASK
2018-12-17 09:43:41,CAT,125.2,2,BID
2018-12-17 09:43:41,CAT,125.32,3,ASK
2018-12-17 09:43:41,CAT,125.2,2,BID
2018-12-17 09:43:42,CAT,125.32,4,ASK
2018-12-17 09:43:46,CAT,125.2,2,BID
2018-12-17 09:43:46,CAT,125.3,3,ASK
2018-12-17 09:43:46,CAT,125.2,2,BID
2018-12-17 09:43:46,CAT,125.29,3,ASK
2018-12-17 09:43:46,CAT,125.2,2,BID
2018-12-17 09:43:46,CAT,125.29,3,ASK
2018-12-17 09:43:49,CAT,125.1,1,BID
2018-12-17 09:43:49,CAT,125.26,3,ASK
2018-12-17 09:43:50,CAT,125.1,1,BID
2018-12-17 09:43:50,CAT,125.25,3,ASK
2018-12-17 09:43:51,CAT,125.1,2,BID
2018-12-17 09:43:51,CAT,125.26,3,ASK
2018-12-17 09:43:51,CAT,125.1,2,BID
2018-12-17 09:43:51,CAT,125.26,3,ASK
2018-12-17 09:43:51,CAT,125.1,2,BID
2018-12-17 09:43:51,CAT,125.26,3,ASK
2018-12-17 09:43:51,CAT,125.1,2,BID
2018-12-17 09:43:51,CAT,125.26,3,ASK
2018-12-17 09:43:55,CAT,125.1,2,BID
2018-12-17 09:43:55,CAT,125.25,3,ASK
2018-12-17 09:43:56,CAT,125.1,2,BID
2018-12-17 09:43:56,CAT,125.24,8,ASK
2018-12-17 09:43:57,CAT,125.1,2,BID
2018-12-17 09:43:57,CAT,125.23,3,ASK
2018-12-17 09:43:58,CAT,125.1,2,BID
2018-12-17 09:43:58,CAT,125.21,4,ASK
2018-12-17 09:44:00,CAT,125.1,4,BID
2018-12-17 09:44:00,CAT,125.21,4,ASK
2018-12-17 09:44:00,CAT,125.1,4,BID
2018-12-17 09:44:00,CAT,125.21,4,ASK
2018-12-17 09:44:00,CAT,125.1,4,BID
2018-12-17 09:44:00,CAT,125.21,4,ASK
2018-12-17 09:44:02,CAT,125.1,3,BID
2018-12-17 09:44:02,CAT,125.21,4,ASK
2018-12-17 09:44:02,CAT,125.1,3,BID
2018-12-17 09:44:02,CAT,125.21,4,ASK
2018-12-17 09:44:04,CAT,125.1,3,BID
2018-12-17 09:44:04,CAT,125.21,10,ASK
2018-12-17 09:44:05,CAT,125.21,8,BID
2018-12-17 09:44:05,CAT,125.26,5,ASK
2018-12-17 09:44:05,CAT,125.21,7,BID
2018-12-17 09:44:05,CAT,125.33,4,ASK
2018-12-17 09:44:06,CAT,125.21,7,BID
2018-12-17 09:44:06,CAT,125.3,1,ASK
2018-12-17 09:44:06,CAT,125.21,7,BID
2018-12-17 09:44:06,CAT,125.3,1,ASK
2018-12-17 09:44:08,CAT,125.21,7,BID
2018-12-17 09:44:08,CAT,125.29,4,ASK
2018-12-17 09:44:09,CAT,125.21,1,BID
2018-12-17 09:44:09,CAT,125.27,3,ASK
2018-12-17 09:44:10,CAT,125.31,2,BID
2018-12-17 09:44:10,CAT,125.42,1,ASK
2018-12-17 09:44:11,CAT,125.32,1,BID
2018-12-17 09:44:11,CAT,125.42,1,ASK
2018-12-17 09:44:12,CAT,125.37,2,BID
2018-12-17 09:44:12,CAT,125.48,1,ASK
2018-12-17 09:44:13,CAT,125.38,2,BID
2018-12-17 09:44:13,CAT,125.47,3,ASK
2018-12-17 09:44:15,CAT,125.18,2,BID
2018-12-17 09:44:15,CAT,125.28,1,ASK
2018-12-17 09:44:15,CAT,125.18,2,BID
2018-12-17 09:44:15,CAT,125.28,1,ASK
2018-12-17 09:44:16,CAT,125.18,1,BID
2018-12-17 09:44:16,CAT,125.25,1,ASK
2018-12-17 09:44:16,CAT,125.18,1,BID
2018-12-17 09:44:16,CAT,125.25,1,ASK
2018-12-17 09:44:20,CAT,125.18,1,BID
2018-12-17 09:44:20,CAT,125.25,2,ASK
2018-12-17 09:44:20,CAT,125.19,1,BID
2018-12-17 09:44:20,CAT,125.28,2,ASK
2018-12-17 09:44:21,CAT,125.19,1,BID
2018-12-17 09:44:21,CAT,125.28,2,ASK
2018-12-17 09:44:22,CAT,125.19,1,BID
2018-12-17 09:44:22,CAT,125.28,2,ASK
2018-12-17 09:44:23,CAT,125.2,5,BID
2018-12-17 09:44:23,CAT,125.28,2,ASK
2018-12-17 09:44:24,CAT,125.2,3,BID
2018-12-17 09:44:24,CAT,125.28,2,ASK
2018-12-17 09:44:25,CAT,125.2,4,BID
2018-12-17 09:44:25,CAT,125.27,2,ASK
2018-12-17 09:44:26,CAT,125.1,5,BID
2018-12-17 09:44:26,CAT,125.25,1,ASK
2018-12-17 09:44:26,CAT,125.1,5,BID
2018-12-17 09:44:26,CAT,125.25,1,ASK
2018-12-17 09:44:28,CAT,125.1,6,BID
2018-12-17 09:44:28,CAT,125.25,2,ASK
2018-12-17 09:44:30,CAT,125.1,6,BID
2018-12-17 09:44:30,CAT,125.25,4,ASK
2018-12-17 09:44:30,CAT,125.1,6,BID
2018-12-17 09:44:30,CAT,125.25,4,ASK
2018-12-17 09:44:32,CAT,125.11,2,BID
2018-12-17 09:44:32,CAT,125.24,2,ASK
2018-12-17 09:44:32,CAT,125.11,2,BID
2018-12-17 09:44:32,CAT,125.24,2,ASK
2018-12-17 09:44:33,CAT,125.02,1,BID
2018-12-17 09:44:33,CAT,125.17,1,ASK
2018-12-17 09:44:35,CAT,125.01,1,BID
2018-12-17 09:44:35,CAT,125.17,2,ASK
2018-12-17 09:44:35,CAT,125.03,1,BID
2018-12-17 09:44:35,CAT,125.17,2,ASK
2018-12-17 09:44:36,CAT,125.02,1,BID
2018-12-17 09:44:36,CAT,125.16,3,ASK
2018-12-17 09:44:37,CAT,125.02,1,BID
2018-12-17 09:44:37,CAT,125.14,1,ASK
2018-12-17 09:44:37,CAT,125.02,1,BID
2018-12-17 09:44:37,CAT,125.14,1,ASK
2018-12-17 09:44:39,CAT,125.02,1,BID
2018-12-17 09:44:39,CAT,125.13,1,ASK
2018-12-17 09:44:41,CAT,125.02,1,BID
2018-12-17 09:44:41,CAT,125.13,2,ASK
2018-12-17 09:44:41,CAT,125.02,1,BID
2018-12-17 09:44:41,CAT,125.13,2,ASK
2018-12-17 09:44:41,CAT,125.02,1,BID
2018-12-17 09:44:41,CAT,125.13,2,ASK
2018-12-17 09:44:43,CAT,125.17,1,BID
2018-12-17 09:44:43,CAT,125.24,5,ASK
2018-12-17 09:44:44,CAT,125.09,1,BID
2018-12-17 09:44:44,CAT,125.23,3,ASK
2018-12-17 09:44:46,CAT,125.09,2,BID
2018-12-17 09:44:46,CAT,125.23,3,ASK
2018-12-17 09:44:46,CAT,125.09,2,BID
2018-12-17 09:44:46,CAT,125.23,3,ASK
2018-12-17 09:44:47,CAT,125.1,1,BID
2018-12-17 09:44:47,CAT,125.22,2,ASK
2018-12-17 09:44:47,CAT,125.1,1,BID
2018-12-17 09:44:47,CAT,125.22,2,ASK
2018-12-17 09:44:49,CAT,125.12,1,BID
2018-12-17 09:44:49,CAT,125.22,2,ASK
2018-12-17 09:44:50,CAT,125.22,3,BID
2018-12-17 09:44:50,CAT,125.29,1,ASK
2018-12-17 09:44:50,CAT,125.22,3,BID
2018-12-17 09:44:50,CAT,125.29,1,ASK
2018-12-17 09:44:53,CAT,125.22,4,BID
2018-12-17 09:44:53,CAT,125.33,1,ASK
2018-12-17 09:44:53,CAT,125.23,1,BID
2018-12-17 09:44:53,CAT,125.33,1,ASK
2018-12-17 09:44:53,CAT,125.23,1,BID
2018-12-17 09:44:53,CAT,125.33,1,ASK
2018-12-17 09:44:55,CAT,125.23,2,BID
2018-12-17 09:44:55,CAT,125.33,2,ASK
2018-12-17 09:44:57,CAT,125.23,2,BID
2018-12-17 09:44:57,CAT,125.33,2,ASK
2018-12-17 09:44:57,CAT,125.14,1,BID
2018-12-17 09:44:57,CAT,125.22,1,ASK
2018-12-17 09:44:57,CAT,125.14,1,BID
2018-12-17 09:44:57,CAT,125.22,1,ASK
2018-12-17 09:45:00,CAT,125.14,1,BID
2018-12-17 09:45:00,CAT,125.22,1,ASK
2018-12-17 09:45:00,CAT,125.09,4,BID
2018-12-17 09:45:00,CAT,125.22,3,ASK
2018-12-17 09:45:00,CAT,125.09,4,BID
2018-12-17 09:45:00,CAT,125.22,3,ASK
2018-12-17 09:45:00,CAT,125.09,4,BID
2018-12-17 09:45:00,CAT,125.22,3,ASK
2018-12-17 09:45:02,CAT,124.84,1,BID
2018-12-17 09:45:02,CAT,124.97,2,ASK
2018-12-17 09:45:04,CAT,124.86,1,BID
2018-12-17 09:45:04,CAT,124.96,4,ASK
2018-12-17 09:45:05,CAT,124.77,1,BID
2018-12-17 09:45:04,CAT,124.96,4,ASK
2018-12-17 09:45:05,CAT,124.77,1,BID
2018-12-17 09:45:04,CAT,124.96,4,ASK
2018-12-17 09:45:05,CAT,124.77,1,BID
2018-12-17 09:45:04,CAT,124.96,4,ASK
2018-12-17 09:45:08,CAT,124.77,2,BID
2018-12-17 09:45:04,CAT,124.96,4,ASK
2018-12-17 09:45:08,CAT,124.77,2,BID
2018-12-17 09:45:04,CAT,124.96,4,ASK
2018-12-17 09:45:10,CAT,124.77,2,BID
2018-12-17 09:45:10,CAT,124.95,5,ASK
2018-12-17 09:45:10,CAT,124.77,2,BID
2018-12-17 09:45:10,CAT,124.95,5,ASK
2018-12-17 09:45:05,CAT,124.77,2,BID
2018-12-17 09:45:09,CAT,124.95,5,ASK
2018-12-17 09:45:05,CAT,124.77,2,BID
2018-12-17 09:45:09,CAT,124.95,5,ASK
2018-12-17 09:45:05,CAT,124.77,2,BID
2018-12-17 09:45:09,CAT,124.95,5,ASK
2018-12-17 09:45:05,CAT,124.77,2,BID
2018-12-17 09:45:09,CAT,124.95,5,ASK
2018-12-17 09:45:05,CAT,124.77,2,BID
2018-12-17 09:45:09,CAT,124.95,5,ASK
2018-12-17 09:45:05,CAT,124.77,2,BID
2018-12-17 09:45:09,CAT,124.95,5,ASK
2018-12-17 09:45:05,CAT,124.77,2,BID
2018-12-17 09:45:09,CAT,124.95,5,ASK
2018-12-17 09:45:19,CAT,124.79,1,BID
2018-12-17 09:45:09,CAT,124.95,5,ASK
2018-12-17 09:45:20,CAT,124.79,3,BID
2018-12-17 09:45:09,CAT,124.95,5,ASK
2018-12-17 09:45:20,CAT,124.79,3,BID
2018-12-17 09:45:09,CAT,124.95,5,ASK
2018-12-17 09:45:20,CAT,124.79,3,BID
2018-12-17 09:45:09,CAT,124.95,5,ASK
2018-12-17 09:45:20,CAT,124.79,3,BID
2018-12-17 09:45:09,CAT,124.95,5,ASK
2018-12-17 09:45:23,CAT,124.97,2,BID
2018-12-17 09:45:23,CAT,125.06,3,ASK
2018-12-17 09:45:24,CAT,124.97,1,BID
2018-12-17 09:45:23,CAT,125.06,5,ASK
2018-12-17 09:45:25,CAT,125.02,2,BID
2018-12-17 09:45:25,CAT,125.15,2,ASK
2018-12-17 09:45:25,CAT,125.02,2,BID
2018-12-17 09:45:25,CAT,125.15,2,ASK
2018-12-17 09:45:28,CAT,125.07,3,BID
2018-12-17 09:45:28,CAT,125.21,1,ASK
2018-12-17 09:45:30,CAT,125.07,3,BID
2018-12-17 09:45:30,CAT,125.21,1,ASK
2018-12-17 09:45:30,CAT,125.15,1,BID
2018-12-17 09:45:30,CAT,125.21,1,ASK
2018-12-17 09:45:30,CAT,125.15,1,BID
2018-12-17 09:45:30,CAT,125.21,1,ASK
2018-12-17 09:45:30,CAT,125.15,1,BID
2018-12-17 09:45:30,CAT,125.21,1,ASK
2018-12-17 09:45:34,CAT,125.15,1,BID
2018-12-17 09:45:34,CAT,125.21,4,ASK
2018-12-17 09:45:34,CAT,125.15,1,BID
2018-12-17 09:45:34,CAT,125.21,4,ASK
2018-12-17 09:45:34,CAT,125.15,1,BID
2018-12-17 09:45:34,CAT,125.21,4,ASK
2018-12-17 09:45:35,CAT,125.15,1,BID
2018-12-17 09:45:35,CAT,125.33,3,ASK
2018-12-17 09:45:37,CAT,125.16,3,BID
2018-12-17 09:45:36,CAT,125.33,4,ASK
2018-12-17 09:45:39,CAT,125.16,3,BID
2018-12-17 09:45:39,CAT,125.33,5,ASK
2018-12-17 09:45:40,CAT,125.16,2,BID
2018-12-17 09:45:39,CAT,125.33,5,ASK
2018-12-17 09:45:40,CAT,125.16,2,BID
2018-12-17 09:45:39,CAT,125.33,5,ASK
2018-12-17 09:45:40,CAT,125.16,2,BID
2018-12-17 09:45:39,CAT,125.33,5,ASK
2018-12-17 09:45:40,CAT,125.16,2,BID
2018-12-17 09:45:39,CAT,125.33,5,ASK
2018-12-17 09:45:40,CAT,125.16,2,BID
2018-12-17 09:45:39,CAT,125.33,5,ASK
2018-12-17 09:45:44,CAT,125.16,2,BID
2018-12-17 09:45:39,CAT,125.33,5,ASK
2018-12-17 09:45:46,CAT,125.16,4,BID
2018-12-17 09:45:46,CAT,125.28,2,ASK
2018-12-17 09:45:47,CAT,125.21,1,BID
2018-12-17 09:45:47,CAT,125.37,2,ASK
2018-12-17 09:45:48,CAT,125.21,1,BID
2018-12-17 09:45:48,CAT,125.37,4,ASK
2018-12-17 09:45:48,CAT,125.21,1,BID
2018-12-17 09:45:48,CAT,125.37,4,ASK
2018-12-17 09:45:48,CAT,125.21,1,BID
2018-12-17 09:45:48,CAT,125.37,4,ASK
2018-12-17 09:45:48,CAT,125.21,1,BID
2018-12-17 09:45:48,CAT,125.37,4,ASK
2018-12-17 09:45:52,CAT,125.21,2,BID
2018-12-17 09:45:52,CAT,125.35,2,ASK
2018-12-17 09:45:53,CAT,125.21,3,BID
2018-12-17 09:45:53,CAT,125.35,2,ASK
2018-12-17 09:45:54,CAT,125.21,3,BID
2018-12-17 09:45:54,CAT,125.32,2,ASK
2018-12-17 09:45:55,CAT,125.04,1,BID
2018-12-17 09:45:55,CAT,125.2,3,ASK
2018-12-17 09:45:55,CAT,125.02,3,BID
2018-12-17 09:45:55,CAT,125.2,4,ASK
2018-12-17 09:45:57,CAT,125.03,1,BID
2018-12-17 09:45:57,CAT,125.19,4,ASK
2018-12-17 09:45:57,CAT,125.03,1,BID
2018-12-17 09:45:57,CAT,125.19,4,ASK
2018-12-17 09:45:57,CAT,125.03,1,BID
2018-12-17 09:45:57,CAT,125.19,4,ASK
2018-12-17 09:46:00,CAT,125.03,1,BID
2018-12-17 09:45:57,CAT,125.19,4,ASK
2018-12-17 09:46:01,CAT,125.25,1,BID
2018-12-17 09:46:01,CAT,125.31,3,ASK
2018-12-17 09:46:01,CAT,125.25,1,BID
2018-12-17 09:46:01,CAT,125.31,3,ASK
2018-12-17 09:46:01,CAT,125.25,1,BID
2018-12-17 09:46:01,CAT,125.31,3,ASK
2018-12-17 09:46:03,CAT,125.25,1,BID
2018-12-17 09:46:03,CAT,125.31,3,ASK
2018-12-17 09:46:05,CAT,125.25,1,BID
2018-12-17 09:46:05,CAT,125.31,3,ASK
2018-12-17 09:46:05,CAT,125.25,1,BID
2018-12-17 09:46:05,CAT,125.34,2,ASK
2018-12-17 09:46:07,CAT,125.25,1,BID
2018-12-17 09:46:07,CAT,125.33,2,ASK
2018-12-17 09:46:08,CAT,125.25,1,BID
2018-12-17 09:46:08,CAT,125.34,3,ASK
2018-12-17 09:46:08,CAT,125.25,1,BID
2018-12-17 09:46:08,CAT,125.34,3,ASK
2018-12-17 09:46:08,CAT,125.25,1,BID
2018-12-17 09:46:08,CAT,125.34,3,ASK
2018-12-17 09:46:08,CAT,125.25,1,BID
2018-12-17 09:46:08,CAT,125.34,3,ASK
2018-12-17 09:46:08,CAT,125.25,1,BID
2018-12-17 09:46:08,CAT,125.34,3,ASK
2018-12-17 09:46:08,CAT,125.25,1,BID
2018-12-17 09:46:08,CAT,125.34,3,ASK
2018-12-17 09:46:08,CAT,125.25,1,BID
2018-12-17 09:46:08,CAT,125.34,3,ASK
2018-12-17 09:46:08,CAT,125.25,1,BID
2018-12-17 09:46:08,CAT,125.34,3,ASK
2018-12-17 09:46:16,CAT,125.25,2,BID
2018-12-17 09:46:16,CAT,125.34,6,ASK
2018-12-17 09:46:17,CAT,125.25,3,BID
2018-12-17 09:46:17,CAT,125.33,4,ASK
2018-12-17 09:46:17,CAT,125.25,3,BID
2018-12-17 09:46:17,CAT,125.33,4,ASK
2018-12-17 09:46:19,CAT,125.26,3,BID
2018-12-17 09:46:19,CAT,125.4,1,ASK
2018-12-17 09:46:19,CAT,125.25,3,BID
2018-12-17 09:46:19,CAT,125.4,4,ASK
2018-12-17 09:46:19,CAT,125.25,3,BID
2018-12-17 09:46:19,CAT,125.4,4,ASK
2018-12-17 09:46:21,CAT,125.25,3,BID
2018-12-17 09:46:21,CAT,125.4,4,ASK
2018-12-17 09:46:21,CAT,125.25,3,BID
2018-12-17 09:46:21,CAT,125.4,4,ASK
2018-12-17 09:46:23,CAT,125.25,3,BID
2018-12-17 09:46:23,CAT,125.4,4,ASK
2018-12-17 09:46:23,CAT,125.25,3,BID
2018-12-17 09:46:23,CAT,125.4,4,ASK
2018-12-17 09:46:26,CAT,125.26,1,BID
2018-12-17 09:46:26,CAT,125.4,4,ASK
2018-12-17 09:46:27,CAT,125.25,4,BID
2018-12-17 09:46:27,CAT,125.39,4,ASK
2018-12-17 09:46:27,CAT,125.25,4,BID
2018-12-17 09:46:27,CAT,125.39,4,ASK
2018-12-17 09:46:27,CAT,125.25,4,BID
2018-12-17 09:46:27,CAT,125.39,4,ASK
2018-12-17 09:46:30,CAT,125.25,4,BID
2018-12-17 09:46:30,CAT,125.39,4,ASK
2018-12-17 09:46:31,CAT,125.25,3,BID
2018-12-17 09:46:31,CAT,125.39,4,ASK
2018-12-17 09:46:31,CAT,125.38,1,BID
2018-12-17 09:46:31,CAT,125.49,1,ASK
2018-12-17 09:46:32,CAT,125.38,1,BID
2018-12-17 09:46:32,CAT,125.5,4,ASK
2018-12-17 09:46:32,CAT,125.33,1,BID
2018-12-17 09:46:32,CAT,125.49,3,ASK
2018-12-17 09:46:32,CAT,125.33,1,BID
2018-12-17 09:46:32,CAT,125.49,3,ASK
2018-12-17 09:46:34,CAT,125.33,1,BID
2018-12-17 09:46:34,CAT,125.48,6,ASK
2018-12-17 09:46:35,CAT,125.33,3,BID
2018-12-17 09:46:37,CAT,125.45,5,ASK
2018-12-17 09:46:37,CAT,125.35,1,BID
2018-12-17 09:46:37,CAT,125.45,5,ASK
2018-12-17 09:46:37,CAT,125.35,1,BID
2018-12-17 09:46:37,CAT,125.45,5,ASK
2018-12-17 09:46:40,CAT,125.39,1,BID
2018-12-17 09:46:40,CAT,125.49,4,ASK
2018-12-17 09:46:41,CAT,125.39,1,BID
2018-12-17 09:46:40,CAT,125.49,3,ASK
2018-12-17 09:46:42,CAT,125.39,2,BID
2018-12-17 09:46:42,CAT,125.49,4,ASK
2018-12-17 09:46:42,CAT,125.39,2,BID
2018-12-17 09:46:42,CAT,125.49,4,ASK
2018-12-17 09:46:43,CAT,125.36,3,BID
2018-12-17 09:46:42,CAT,125.49,4,ASK
2018-12-17 09:46:44,CAT,125.39,1,BID
2018-12-17 09:46:42,CAT,125.49,4,ASK
2018-12-17 09:46:44,CAT,125.39,1,BID
2018-12-17 09:46:42,CAT,125.49,4,ASK
2018-12-17 09:46:44,CAT,125.39,1,BID
2018-12-17 09:46:42,CAT,125.49,4,ASK
2018-12-17 09:46:48,CAT,125.39,3,BID
2018-12-17 09:46:42,CAT,125.49,4,ASK
2018-12-17 09:46:48,CAT,125.39,3,BID
2018-12-17 09:46:42,CAT,125.49,4,ASK
2018-12-17 09:46:50,CAT,125.42,1,BID
2018-12-17 09:46:50,CAT,125.47,2,ASK
2018-12-17 09:46:51,CAT,125.27,2,BID
2018-12-17 09:46:51,CAT,125.42,2,ASK
2018-12-17 09:46:51,CAT,125.35,1,BID
2018-12-17 09:46:51,CAT,125.42,2,ASK
2018-12-17 09:46:52,CAT,125.27,4,BID
2018-12-17 09:46:52,CAT,125.4,1,ASK
2018-12-17 09:46:54,CAT,125.27,4,BID
2018-12-17 09:46:54,CAT,125.4,2,ASK
2018-12-17 09:46:55,CAT,125.27,4,BID
2018-12-17 09:46:55,CAT,125.4,2,ASK
2018-12-17 09:46:55,CAT,125.27,4,BID
2018-12-17 09:46:55,CAT,125.4,2,ASK
2018-12-17 09:46:55,CAT,125.27,5,BID
2018-12-17 09:46:57,CAT,125.4,2,ASK
2018-12-17 09:46:55,CAT,125.27,5,BID
2018-12-17 09:46:57,CAT,125.4,2,ASK
2018-12-17 09:46:55,CAT,125.27,5,BID
2018-12-17 09:46:57,CAT,125.4,2,ASK
2018-12-17 09:46:55,CAT,125.27,5,BID
2018-12-17 09:47:00,CAT,125.4,2,ASK
2018-12-17 09:46:55,CAT,125.27,5,BID
2018-12-17 09:47:00,CAT,125.4,2,ASK
2018-12-17 09:46:55,CAT,125.27,5,BID
2018-12-17 09:47:00,CAT,125.4,2,ASK
2018-12-17 09:47:03,CAT,125.34,1,BID
2018-12-17 09:47:03,CAT,125.45,1,ASK
2018-12-17 09:47:03,CAT,125.34,1,BID
2018-12-17 09:47:03,CAT,125.45,1,ASK
2018-12-17 09:47:03,CAT,125.34,1,BID
2018-12-17 09:47:03,CAT,125.45,1,ASK
2018-12-17 09:47:06,CAT,125.34,2,BID
2018-12-17 09:47:06,CAT,125.45,1,ASK
2018-12-17 09:47:06,CAT,125.34,2,BID
2018-12-17 09:47:06,CAT,125.45,1,ASK
2018-12-17 09:47:08,CAT,125.34,3,BID
2018-12-17 09:47:08,CAT,125.42,1,ASK
2018-12-17 09:47:09,CAT,125.34,3,BID
2018-12-17 09:47:09,CAT,125.4,2,ASK
2018-12-17 09:47:10,CAT,125.34,3,BID
2018-12-17 09:47:10,CAT,125.4,3,ASK
2018-12-17 09:47:11,CAT,125.34,3,BID
2018-12-17 09:47:11,CAT,125.41,3,ASK
2018-12-17 09:47:12,CAT,125.3,3,BID
2018-12-17 09:47:12,CAT,125.41,4,ASK
2018-12-17 09:47:13,CAT,125.3,4,BID
2018-12-17 09:47:09,CAT,125.41,4,ASK
2018-12-17 09:47:14,CAT,125.3,5,BID
2018-12-17 09:47:09,CAT,125.41,4,ASK
2018-12-17 09:47:15,CAT,125.3,6,BID
2018-12-17 09:47:09,CAT,125.41,4,ASK
2018-12-17 09:47:15,CAT,125.3,6,BID
2018-12-17 09:47:09,CAT,125.41,4,ASK
2018-12-17 09:47:15,CAT,125.3,9,BID
2018-12-17 09:47:09,CAT,125.41,4,ASK
2018-12-17 09:47:15,CAT,125.3,9,BID
2018-12-17 09:47:09,CAT,125.41,4,ASK
2018-12-17 09:47:19,CAT,125.3,9,BID
2018-12-17 09:47:19,CAT,125.4,4,ASK
2018-12-17 09:47:19,CAT,125.3,9,BID
2018-12-17 09:47:19,CAT,125.4,4,ASK
2018-12-17 09:47:19,CAT,125.3,7,BID
2018-12-17 09:47:20,CAT,125.4,4,ASK
2018-12-17 09:47:22,CAT,125.3,6,BID
2018-12-17 09:47:22,CAT,125.4,4,ASK
2018-12-17 09:47:22,CAT,125.3,6,BID
2018-12-17 09:47:22,CAT,125.4,4,ASK
2018-12-17 09:47:22,CAT,125.3,6,BID
2018-12-17 09:47:22,CAT,125.4,4,ASK
2018-12-17 09:47:22,CAT,125.3,6,BID
2018-12-17 09:47:22,CAT,125.4,4,ASK
2018-12-17 09:47:22,CAT,125.3,6,BID
2018-12-17 09:47:22,CAT,125.4,4,ASK
2018-12-17 09:47:22,CAT,125.3,6,BID
2018-12-17 09:47:22,CAT,125.4,4,ASK
2018-12-17 09:47:28,CAT,125.3,6,BID
2018-12-17 09:47:28,CAT,125.4,8,ASK
2018-12-17 09:47:28,CAT,125.3,6,BID
2018-12-17 09:47:28,CAT,125.4,8,ASK
2018-12-17 09:47:30,CAT,125.27,5,BID
2018-12-17 09:47:30,CAT,125.31,1,ASK
2018-12-17 09:47:31,CAT,125.26,2,BID
2018-12-17 09:47:31,CAT,125.31,1,ASK
2018-12-17 09:47:32,CAT,125.26,2,BID
2018-12-17 09:47:32,CAT,125.29,3,ASK
2018-12-17 09:47:33,CAT,125.29,2,BID
2018-12-17 09:47:33,CAT,125.35,2,ASK
2018-12-17 09:47:34,CAT,125.29,2,BID
2018-12-17 09:47:34,CAT,125.37,3,ASK
2018-12-17 09:47:34,CAT,125.29,2,BID
2018-12-17 09:47:34,CAT,125.37,3,ASK
2018-12-17 09:47:35,CAT,125.29,3,BID
2018-12-17 09:47:35,CAT,125.37,3,ASK
2018-12-17 09:47:35,CAT,125.29,3,BID
2018-12-17 09:47:35,CAT,125.37,3,ASK
2018-12-17 09:47:38,CAT,125.29,4,BID
2018-12-17 09:47:38,CAT,125.37,3,ASK
2018-12-17 09:47:38,CAT,125.29,4,BID
2018-12-17 09:47:38,CAT,125.37,3,ASK
2018-12-17 09:47:40,CAT,125.12,2,BID
2018-12-17 09:47:40,CAT,125.29,3,ASK
2018-12-17 09:47:41,CAT,125.1,1,BID
2018-12-17 09:47:41,CAT,125.29,5,ASK
2018-12-17 09:47:42,CAT,125.1,1,BID
2018-12-17 09:47:41,CAT,125.29,5,ASK
2018-12-17 09:47:43,CAT,125.1,4,BID
2018-12-17 09:47:43,CAT,125.29,5,ASK
2018-12-17 09:47:44,CAT,125.1,5,BID
2018-12-17 09:47:44,CAT,125.29,5,ASK
2018-12-17 09:47:44,CAT,125.1,5,BID
2018-12-17 09:47:44,CAT,125.29,5,ASK
2018-12-17 09:47:46,CAT,125.1,5,BID
2018-12-17 09:47:44,CAT,125.29,6,ASK
2018-12-17 09:47:47,CAT,125.1,5,BID
2018-12-17 09:47:47,CAT,125.28,3,ASK
2018-12-17 09:47:47,CAT,125.1,5,BID
2018-12-17 09:47:47,CAT,125.28,3,ASK
2018-12-17 09:47:47,CAT,125.1,5,BID
2018-12-17 09:47:47,CAT,125.28,3,ASK
2018-12-17 09:47:47,CAT,125.1,5,BID
2018-12-17 09:47:47,CAT,125.28,3,ASK
2018-12-17 09:47:47,CAT,125.1,5,BID
2018-12-17 09:47:47,CAT,125.28,3,ASK
2018-12-17 09:47:52,CAT,125.12,2,BID
2018-12-17 09:47:52,CAT,125.28,3,ASK
2018-12-17 09:47:53,CAT,125.12,3,BID
2018-12-17 09:47:53,CAT,125.26,1,ASK
2018-12-17 09:47:53,CAT,125.12,3,BID
2018-12-17 09:47:53,CAT,125.26,1,ASK
2018-12-17 09:47:53,CAT,125.12,3,BID
2018-12-17 09:47:53,CAT,125.26,1,ASK
2018-12-17 09:47:56,CAT,125.12,3,BID
2018-12-17 09:47:56,CAT,125.26,1,ASK
2018-12-17 09:47:56,CAT,125.12,3,BID
2018-12-17 09:47:57,CAT,125.25,1,ASK
2018-12-17 09:47:56,CAT,125.12,3,BID
2018-12-17 09:47:57,CAT,125.25,1,ASK
2018-12-17 09:47:56,CAT,125.12,3,BID
2018-12-17 09:47:57,CAT,125.25,1,ASK
2018-12-17 09:47:56,CAT,125.12,3,BID
2018-12-17 09:48:00,CAT,125.24,1,ASK
2018-12-17 09:47:56,CAT,125.12,3,BID
2018-12-17 09:48:01,CAT,125.24,1,ASK
2018-12-17 09:48:02,CAT,125.12,5,BID
2018-12-17 09:48:02,CAT,125.24,1,ASK
2018-12-17 09:48:03,CAT,125.12,5,BID
2018-12-17 09:48:03,CAT,125.24,3,ASK
2018-12-17 09:48:04,CAT,125.12,5,BID
2018-12-17 09:48:04,CAT,125.23,3,ASK
2018-12-17 09:48:04,CAT,125.12,5,BID
2018-12-17 09:48:04,CAT,125.23,3,ASK
2018-12-17 09:48:04,CAT,125.12,5,BID
2018-12-17 09:48:04,CAT,125.23,3,ASK
2018-12-17 09:48:07,CAT,125.12,5,BID
2018-12-17 09:48:07,CAT,125.22,3,ASK
2018-12-17 09:48:08,CAT,125.03,2,BID
2018-12-17 09:48:08,CAT,125.15,2,ASK
2018-12-17 09:48:08,CAT,125.03,2,BID
2018-12-17 09:48:08,CAT,125.15,2,ASK
2018-12-17 09:48:08,CAT,125.03,2,BID
2018-12-17 09:48:08,CAT,125.15,2,ASK
2018-12-17 09:48:11,CAT,125.03,1,BID
2018-12-17 09:48:11,CAT,125.14,3,ASK
2018-12-17 09:48:12,CAT,124.98,1,BID
2018-12-17 09:48:12,CAT,125.08,1,ASK
2018-12-17 09:48:13,CAT,124.98,1,BID
2018-12-17 09:48:13,CAT,125.08,3,ASK
2018-12-17 09:48:13,CAT,124.98,1,BID
2018-12-17 09:48:13,CAT,125.08,3,ASK
2018-12-17 09:48:13,CAT,124.98,1,BID
2018-12-17 09:48:13,CAT,125.08,3,ASK
2018-12-17 09:48:13,CAT,124.98,1,BID
2018-12-17 09:48:13,CAT,125.08,3,ASK
2018-12-17 09:48:13,CAT,124.98,1,BID
2018-12-17 09:48:13,CAT,125.08,3,ASK
2018-12-17 09:48:19,CAT,124.99,1,BID
2018-12-17 09:48:19,CAT,125.07,2,ASK
2018-12-17 09:48:19,CAT,124.99,1,BID
2018-12-17 09:48:19,CAT,125.07,2,ASK
2018-12-17 09:48:20,CAT,124.99,2,BID
2018-12-17 09:48:19,CAT,125.07,2,ASK
2018-12-17 09:48:20,CAT,124.99,2,BID
2018-12-17 09:48:19,CAT,125.07,2,ASK
2018-12-17 09:48:23,CAT,125.0,1,BID
2018-12-17 09:48:19,CAT,125.07,2,ASK
2018-12-17 09:48:23,CAT,125.0,2,BID
2018-12-17 09:48:19,CAT,125.07,2,ASK
2018-12-17 09:48:24,CAT,125.0,2,BID
2018-12-17 09:48:24,CAT,125.06,2,ASK
2018-12-17 09:48:24,CAT,125.0,2,BID
2018-12-17 09:48:24,CAT,125.06,2,ASK
2018-12-17 09:48:27,CAT,124.92,3,BID
2018-12-17 09:48:27,CAT,125.0,3,ASK
2018-12-17 09:48:27,CAT,124.92,2,BID
2018-12-17 09:48:27,CAT,124.99,3,ASK
2018-12-17 09:48:29,CAT,124.99,1,BID
2018-12-17 09:48:29,CAT,125.06,3,ASK
2018-12-17 09:48:30,CAT,125.06,2,BID
2018-12-17 09:48:30,CAT,125.13,1,ASK
2018-12-17 09:48:30,CAT,125.06,2,BID
2018-12-17 09:48:30,CAT,125.13,2,ASK
2018-12-17 09:48:31,CAT,125.08,2,BID
2018-12-17 09:48:31,CAT,125.13,2,ASK
2018-12-17 09:48:32,CAT,125.08,1,BID
2018-12-17 09:48:29,CAT,125.15,4,ASK
2018-12-17 09:48:34,CAT,125.13,1,BID
2018-12-17 09:48:34,CAT,125.15,4,ASK
2018-12-17 09:48:34,CAT,125.08,2,BID
2018-12-17 09:48:34,CAT,125.15,5,ASK
2018-12-17 09:48:35,CAT,125.08,2,BID
2018-12-17 09:48:35,CAT,125.15,5,ASK
2018-12-17 09:48:35,CAT,125.08,2,BID
2018-12-17 09:48:35,CAT,125.15,5,ASK
2018-12-17 09:48:37,CAT,125.08,2,BID
2018-12-17 09:48:35,CAT,125.15,6,ASK
2018-12-17 09:48:38,CAT,125.08,2,BID
2018-12-17 09:48:35,CAT,125.15,7,ASK
2018-12-17 09:48:38,CAT,125.08,2,BID
2018-12-17 09:48:35,CAT,125.15,7,ASK
2018-12-17 09:48:40,CAT,125.08,2,BID
2018-12-17 09:48:35,CAT,125.15,6,ASK
2018-12-17 09:48:40,CAT,125.08,2,BID
2018-12-17 09:48:35,CAT,125.15,6,ASK
2018-12-17 09:48:40,CAT,125.08,2,BID
2018-12-17 09:48:35,CAT,125.15,6,ASK
2018-12-17 09:48:40,CAT,125.08,2,BID
2018-12-17 09:48:35,CAT,125.15,6,ASK
2018-12-17 09:48:40,CAT,125.08,2,BID
2018-12-17 09:48:35,CAT,125.15,6,ASK
2018-12-17 09:48:40,CAT,125.08,2,BID
2018-12-17 09:48:35,CAT,125.15,6,ASK
2018-12-17 09:48:40,CAT,125.08,2,BID
2018-12-17 09:48:35,CAT,125.15,6,ASK
2018-12-17 09:48:48,CAT,125.0,3,BID
2018-12-17 09:48:48,CAT,125.12,7,ASK
2018-12-17 09:48:48,CAT,125.0,3,BID
2018-12-17 09:48:48,CAT,125.11,3,ASK
2018-12-17 09:48:48,CAT,125.0,3,BID
2018-12-17 09:48:48,CAT,125.11,3,ASK
2018-12-17 09:48:51,CAT,125.0,3,BID
2018-12-17 09:48:51,CAT,125.1,3,ASK
2018-12-17 09:48:52,CAT,125.0,3,BID
2018-12-17 09:48:52,CAT,125.1,3,ASK
2018-12-17 09:48:52,CAT,125.0,3,BID
2018-12-17 09:48:52,CAT,125.09,3,ASK
2018-12-17 09:48:54,CAT,125.04,1,BID
2018-12-17 09:48:54,CAT,125.09,3,ASK
2018-12-17 09:48:54,CAT,125.04,1,BID
2018-12-17 09:48:54,CAT,125.09,3,ASK
2018-12-17 09:48:56,CAT,124.94,1,BID
2018-12-17 09:48:55,CAT,125.06,2,ASK
2018-12-17 09:48:56,CAT,124.94,1,BID
2018-12-17 09:48:55,CAT,125.06,2,ASK
2018-12-17 09:48:57,CAT,124.93,3,BID
2018-12-17 09:48:57,CAT,125.0,2,ASK
2018-12-17 09:48:57,CAT,124.93,4,BID
2018-12-17 09:48:59,CAT,125.0,2,ASK
2018-12-17 09:48:57,CAT,124.93,4,BID
2018-12-17 09:49:00,CAT,125.0,2,ASK
2018-12-17 09:48:57,CAT,124.93,4,BID
2018-12-17 09:49:01,CAT,125.0,2,ASK
2018-12-17 09:48:57,CAT,124.93,4,BID
2018-12-17 09:49:01,CAT,125.0,3,ASK
2018-12-17 09:48:57,CAT,124.93,4,BID
2018-12-17 09:49:01,CAT,125.0,3,ASK
2018-12-17 09:48:57,CAT,124.93,4,BID
2018-12-17 09:49:01,CAT,125.0,3,ASK
2018-12-17 09:49:03,CAT,125.03,1,BID
2018-12-17 09:49:03,CAT,125.09,7,ASK
2018-12-17 09:49:04,CAT,125.02,1,BID
2018-12-17 09:49:04,CAT,125.09,1,ASK
2018-12-17 09:49:05,CAT,125.0,7,BID
2018-12-17 09:49:05,CAT,125.09,3,ASK
2018-12-17 09:49:05,CAT,125.0,6,BID
2018-12-17 09:49:06,CAT,125.09,4,ASK
2018-12-17 09:49:05,CAT,125.0,6,BID
2018-12-17 09:49:06,CAT,125.09,4,ASK
2018-12-17 09:49:08,CAT,124.93,2,BID
2018-12-17 09:49:08,CAT,124.99,1,ASK
2018-12-17 09:49:08,CAT,124.89,1,BID
2018-12-17 09:49:08,CAT,124.99,2,ASK
2018-12-17 09:49:10,CAT,124.86,3,BID
2018-12-17 09:49:10,CAT,124.92,2,ASK
2018-12-17 09:49:10,CAT,124.86,3,BID
2018-12-17 09:49:10,CAT,124.98,3,ASK
2018-12-17 09:49:10,CAT,124.86,3,BID
2018-12-17 09:49:11,CAT,124.97,1,ASK
2018-12-17 09:49:13,CAT,124.79,1,BID
2018-12-17 09:49:13,CAT,124.86,4,ASK
2018-12-17 09:49:13,CAT,124.79,1,BID
2018-12-17 09:49:13,CAT,124.86,4,ASK
2018-12-17 09:49:16,CAT,124.79,1,BID
2018-12-17 09:49:16,CAT,124.85,3,ASK
2018-12-17 09:49:18,CAT,124.82,1,BID
2018-12-17 09:49:18,CAT,124.86,1,ASK
2018-12-17 09:49:19,CAT,124.73,1,BID
2018-12-17 09:49:19,CAT,124.85,3,ASK
2018-12-17 09:49:19,CAT,124.73,1,BID
2018-12-17 09:49:19,CAT,124.85,3,ASK
2018-12-17 09:49:20,CAT,124.73,1,BID
2018-12-17 09:49:20,CAT,124.84,1,ASK
2018-12-17 09:49:20,CAT,124.73,1,BID
2018-12-17 09:49:20,CAT,124.84,1,ASK
2018-12-17 09:49:20,CAT,124.73,1,BID
2018-12-17 09:49:20,CAT,124.84,1,ASK
2018-12-17 09:49:20,CAT,124.73,1,BID
2018-12-17 09:49:20,CAT,124.84,1,ASK
2018-12-17 09:49:22,CAT,124.64,1,BID
2018-12-17 09:49:22,CAT,124.73,3,ASK
2018-12-17 09:49:23,CAT,124.64,1,BID
2018-12-17 09:49:23,CAT,124.73,2,ASK
2018-12-17 09:49:23,CAT,124.57,2,BID
2018-12-17 09:49:23,CAT,124.72,3,ASK
2018-12-17 09:49:24,CAT,124.57,2,BID
2018-12-17 09:49:24,CAT,124.71,2,ASK
2018-12-17 09:49:26,CAT,124.57,3,BID
2018-12-17 09:49:26,CAT,124.7,2,ASK
2018-12-17 09:49:26,CAT,124.71,2,BID
2018-12-17 09:49:26,CAT,124.77,2,ASK
2018-12-17 09:49:26,CAT,124.7,1,BID
2018-12-17 09:49:26,CAT,124.79,1,ASK
2018-12-17 09:49:26,CAT,124.7,1,BID
2018-12-17 09:49:26,CAT,124.79,1,ASK
2018-12-17 09:49:27,CAT,124.63,1,BID
2018-12-17 09:49:27,CAT,124.76,4,ASK
2018-12-17 09:49:26,CAT,124.57,3,BID
2018-12-17 09:49:28,CAT,124.76,4,ASK
2018-12-17 09:49:28,CAT,124.57,4,BID
2018-12-17 09:49:28,CAT,124.75,4,ASK
2018-12-17 09:49:28,CAT,124.57,4,BID
2018-12-17 09:49:28,CAT,124.75,4,ASK
2018-12-17 09:49:28,CAT,124.57,4,BID
2018-12-17 09:49:28,CAT,124.75,4,ASK
2018-12-17 09:49:30,CAT,124.57,4,BID
2018-12-17 09:49:30,CAT,124.75,4,ASK
2018-12-17 09:49:31,CAT,124.57,4,BID
2018-12-17 09:49:31,CAT,124.75,4,ASK
2018-12-17 09:49:31,CAT,124.57,4,BID
2018-12-17 09:49:31,CAT,124.75,4,ASK
2018-12-17 09:49:34,CAT,124.57,6,BID
2018-12-17 09:49:34,CAT,124.74,2,ASK
2018-12-17 09:49:34,CAT,124.57,5,BID
2018-12-17 09:49:34,CAT,124.74,2,ASK
2018-12-17 09:49:36,CAT,124.57,5,BID
2018-12-17 09:49:36,CAT,124.74,3,ASK
2018-12-17 09:49:36,CAT,124.57,5,BID
2018-12-17 09:49:36,CAT,124.74,3,ASK
2018-12-17 09:49:38,CAT,124.57,5,BID
2018-12-17 09:49:38,CAT,124.73,1,ASK
2018-12-17 09:49:41,CAT,124.57,5,BID
2018-12-17 09:49:41,CAT,124.74,3,ASK
2018-12-17 09:49:42,CAT,124.57,5,BID
2018-12-17 09:49:42,CAT,124.74,3,ASK
2018-12-17 09:49:45,CAT,124.75,2,BID
2018-12-17 09:49:27,CAT,124.79,2,ASK
2018-12-17 09:49:46,CAT,124.74,3,BID
2018-12-17 09:49:46,CAT,124.85,5,ASK
2018-12-17 09:49:47,CAT,124.74,3,BID
2018-12-17 09:49:46,CAT,124.85,6,ASK
2018-12-17 09:49:47,CAT,124.74,3,BID
2018-12-17 09:49:46,CAT,124.85,6,ASK
2018-12-17 09:49:47,CAT,124.74,3,BID
2018-12-17 09:49:46,CAT,124.85,6,ASK
2018-12-17 09:49:47,CAT,124.74,3,BID
2018-12-17 09:49:52,CAT,124.85,6,ASK
2018-12-17 09:49:47,CAT,124.74,3,BID
2018-12-17 09:49:52,CAT,124.85,6,ASK
2018-12-17 09:49:55,CAT,124.77,3,BID
2018-12-17 09:49:55,CAT,124.85,3,ASK
2018-12-17 09:49:55,CAT,124.77,3,BID
2018-12-17 09:49:55,CAT,124.85,3,ASK
2018-12-17 09:49:57,CAT,124.77,4,BID
2018-12-17 09:49:57,CAT,124.84,1,ASK
2018-12-17 09:49:57,CAT,124.77,4,BID
2018-12-17 09:49:57,CAT,124.84,1,ASK
2018-12-17 09:49:58,CAT,124.77,1,BID
2018-12-17 09:49:58,CAT,124.84,1,ASK
2018-12-17 09:50:00,CAT,124.77,1,BID
2018-12-17 09:50:00,CAT,124.84,1,ASK
2018-12-17 09:50:00,CAT,124.72,3,BID
2018-12-17 09:50:01,CAT,124.77,1,ASK
2018-12-17 09:50:01,CAT,124.63,1,BID
2018-12-17 09:50:01,CAT,124.77,1,ASK
2018-12-17 09:49:44,CAT,124.57,7,BID
2018-12-17 09:50:03,CAT,124.75,6,ASK
2018-12-17 09:49:44,CAT,124.57,7,BID
2018-12-17 09:50:03,CAT,124.75,6,ASK
2018-12-17 09:50:04,CAT,124.57,10,BID
2018-12-17 09:50:04,CAT,124.72,4,ASK
2018-12-17 09:50:06,CAT,124.57,9,BID
2018-12-17 09:50:06,CAT,124.72,4,ASK
2018-12-17 09:50:06,CAT,124.57,6,BID
2018-12-17 09:50:06,CAT,124.72,5,ASK
2018-12-17 09:50:08,CAT,124.57,6,BID
2018-12-17 09:50:08,CAT,124.71,3,ASK
2018-12-17 09:50:08,CAT,124.57,6,BID
2018-12-17 09:50:08,CAT,124.7,3,ASK
2018-12-17 09:50:08,CAT,124.57,7,BID
2018-12-17 09:50:10,CAT,124.71,5,ASK
2018-12-17 09:50:11,CAT,124.64,1,BID
2018-12-17 09:50:11,CAT,124.74,2,ASK
2018-12-17 09:50:11,CAT,124.64,1,BID
2018-12-17 09:50:11,CAT,124.74,2,ASK
2018-12-17 09:50:11,CAT,124.64,3,BID
2018-12-17 09:50:12,CAT,124.74,2,ASK
2018-12-17 09:50:11,CAT,124.64,4,BID
2018-12-17 09:50:13,CAT,124.74,3,ASK
2018-12-17 09:50:11,CAT,124.64,5,BID
2018-12-17 09:50:15,CAT,124.73,1,ASK
2018-12-17 09:50:11,CAT,124.64,6,BID
2018-12-17 09:50:16,CAT,124.73,1,ASK
2018-12-17 09:50:11,CAT,124.64,5,BID
2018-12-17 09:50:17,CAT,124.73,1,ASK
2018-12-17 09:50:11,CAT,124.64,6,BID
2018-12-17 09:50:18,CAT,124.73,1,ASK
2018-12-17 09:50:11,CAT,124.64,5,BID
2018-12-17 09:50:19,CAT,124.73,1,ASK
2018-12-17 09:50:11,CAT,124.64,4,BID
2018-12-17 09:50:20,CAT,124.73,1,ASK
2018-12-17 09:50:11,CAT,124.64,4,BID
2018-12-17 09:50:20,CAT,124.73,1,ASK
2018-12-17 09:50:22,CAT,124.7,1,BID
2018-12-17 09:50:22,CAT,124.75,2,ASK
2018-12-17 09:50:23,CAT,124.65,1,BID
2018-12-17 09:50:23,CAT,124.74,1,ASK
2018-12-17 09:50:24,CAT,124.65,1,BID
2018-12-17 09:50:24,CAT,124.74,2,ASK
2018-12-17 09:50:24,CAT,124.65,2,BID
2018-12-17 09:50:24,CAT,124.74,2,ASK
2018-12-17 09:50:24,CAT,124.65,2,BID
2018-12-17 09:50:24,CAT,124.74,2,ASK
2018-12-17 09:50:24,CAT,124.65,2,BID
2018-12-17 09:50:24,CAT,124.74,2,ASK
2018-12-17 09:50:24,CAT,124.65,2,BID
2018-12-17 09:50:24,CAT,124.74,2,ASK
2018-12-17 09:50:29,CAT,124.65,4,BID
2018-12-17 09:50:29,CAT,124.74,2,ASK
2018-12-17 09:50:30,CAT,124.65,4,BID
2018-12-17 09:50:30,CAT,124.74,2,ASK
2018-12-17 09:50:31,CAT,124.65,4,BID
2018-12-17 09:50:31,CAT,124.73,2,ASK
2018-12-17 09:50:32,CAT,124.66,2,BID
2018-12-17 09:50:32,CAT,124.73,2,ASK
2018-12-17 09:50:32,CAT,124.66,2,BID
2018-12-17 09:50:32,CAT,124.73,2,ASK
2018-12-17 09:50:34,CAT,124.66,2,BID
2018-12-17 09:50:34,CAT,124.72,1,ASK
2018-12-17 09:50:35,CAT,124.66,1,BID
2018-12-17 09:50:35,CAT,124.72,2,ASK
2018-12-17 09:50:36,CAT,124.73,2,BID
2018-12-17 09:50:36,CAT,124.79,2,ASK
2018-12-17 09:50:37,CAT,124.77,1,BID
2018-12-17 09:50:37,CAT,124.83,6,ASK
2018-12-17 09:50:37,CAT,124.77,1,BID
2018-12-17 09:50:37,CAT,124.83,6,ASK
2018-12-17 09:50:39,CAT,124.77,1,BID
2018-12-17 09:50:37,CAT,124.83,6,ASK
2018-12-17 09:50:40,CAT,124.77,1,BID
2018-12-17 09:50:37,CAT,124.83,7,ASK
2018-12-17 09:50:41,CAT,124.77,1,BID
2018-12-17 09:50:37,CAT,124.83,8,ASK
2018-12-17 09:50:42,CAT,124.77,1,BID
2018-12-17 09:50:42,CAT,124.82,1,ASK
2018-12-17 09:50:42,CAT,124.77,1,BID
2018-12-17 09:50:42,CAT,124.82,1,ASK
2018-12-17 09:50:44,CAT,124.77,1,BID
2018-12-17 09:50:44,CAT,124.82,6,ASK
2018-12-17 09:50:44,CAT,124.77,1,BID
2018-12-17 09:50:44,CAT,124.82,6,ASK
2018-12-17 09:50:46,CAT,124.83,1,BID
2018-12-17 09:49:54,CAT,124.88,2,ASK
2018-12-17 09:50:46,CAT,124.81,1,BID
2018-12-17 09:50:46,CAT,124.86,3,ASK
2018-12-17 09:50:47,CAT,124.73,4,BID
2018-12-17 09:50:47,CAT,124.82,3,ASK
2018-12-17 09:50:49,CAT,124.73,6,BID
2018-12-17 09:50:49,CAT,124.82,3,ASK
2018-12-17 09:50:49,CAT,124.73,7,BID
2018-12-17 09:50:49,CAT,124.82,3,ASK
2018-12-17 09:50:49,CAT,124.73,7,BID
2018-12-17 09:50:50,CAT,124.82,3,ASK
2018-12-17 09:50:52,CAT,124.77,2,BID
2018-12-17 09:50:52,CAT,124.84,4,ASK
2018-12-17 09:50:53,CAT,124.9,1,BID
2018-12-17 09:50:53,CAT,124.96,5,ASK
2018-12-17 09:50:54,CAT,124.84,3,BID
2018-12-17 09:50:54,CAT,124.96,7,ASK
2018-12-17 09:50:54,CAT,124.84,3,BID
2018-12-17 09:50:54,CAT,124.96,7,ASK
2018-12-17 09:50:54,CAT,124.84,3,BID
2018-12-17 09:50:54,CAT,124.96,7,ASK
2018-12-17 09:50:55,CAT,124.84,6,BID
2018-12-17 09:50:55,CAT,124.96,8,ASK
2018-12-17 09:50:55,CAT,124.84,6,BID
2018-12-17 09:50:55,CAT,124.96,8,ASK
2018-12-17 09:50:55,CAT,124.84,6,BID
2018-12-17 09:50:55,CAT,124.96,8,ASK
2018-12-17 09:50:55,CAT,124.84,5,BID
2018-12-17 09:51:00,CAT,124.96,8,ASK
2018-12-17 09:51:01,CAT,124.89,2,BID
2018-12-17 09:51:01,CAT,124.93,2,ASK
2018-12-17 09:50:55,CAT,124.84,7,BID
2018-12-17 09:51:02,CAT,124.93,3,ASK
2018-12-17 09:50:55,CAT,124.84,6,BID
2018-12-17 09:51:03,CAT,124.93,3,ASK
2018-12-17 09:50:55,CAT,124.84,6,BID
2018-12-17 09:51:03,CAT,124.93,3,ASK
2018-12-17 09:50:55,CAT,124.84,6,BID
2018-12-17 09:51:05,CAT,124.93,3,ASK
2018-12-17 09:51:06,CAT,124.8,1,BID
2018-12-17 09:51:06,CAT,124.88,1,ASK
2018-12-17 09:51:06,CAT,124.8,1,BID
2018-12-17 09:51:06,CAT,124.88,1,ASK
2018-12-17 09:51:08,CAT,124.8,1,BID
2018-12-17 09:51:07,CAT,124.88,2,ASK
2018-12-17 09:51:08,CAT,124.76,1,BID
2018-12-17 09:51:08,CAT,124.86,1,ASK
2018-12-17 09:51:08,CAT,124.76,1,BID
2018-12-17 09:51:08,CAT,124.86,1,ASK
2018-12-17 09:51:11,CAT,124.76,3,BID
2018-12-17 09:51:11,CAT,124.86,1,ASK
2018-12-17 09:51:11,CAT,124.76,3,BID
2018-12-17 09:51:11,CAT,124.86,1,ASK
2018-12-17 09:51:11,CAT,124.76,3,BID
2018-12-17 09:51:11,CAT,124.86,1,ASK
2018-12-17 09:51:11,CAT,124.76,3,BID
2018-12-17 09:51:11,CAT,124.86,1,ASK
2018-12-17 09:51:11,CAT,124.76,3,BID
2018-12-17 09:51:11,CAT,124.86,1,ASK
2018-12-17 09:51:15,CAT,124.73,5,BID
2018-12-17 09:51:15,CAT,124.8,1,ASK
2018-12-17 09:51:16,CAT,124.77,1,BID
2018-12-17 09:51:16,CAT,124.84,1,ASK
2018-12-17 09:51:16,CAT,124.8,1,BID
2018-12-17 09:51:16,CAT,124.84,1,ASK
2018-12-17 09:51:18,CAT,124.81,1,BID
2018-12-17 09:51:18,CAT,124.85,3,ASK
2018-12-17 09:51:18,CAT,124.88,1,BID
2018-12-17 09:51:18,CAT,124.91,4,ASK
2018-12-17 09:51:20,CAT,124.8,1,BID
2018-12-17 09:51:20,CAT,124.89,2,ASK
2018-12-17 09:51:22,CAT,124.8,1,BID
2018-12-17 09:51:22,CAT,124.87,3,ASK
2018-12-17 09:51:22,CAT,124.8,1,BID
2018-12-17 09:51:22,CAT,124.87,3,ASK
2018-12-17 09:51:24,CAT,124.8,2,BID
2018-12-17 09:51:24,CAT,124.86,3,ASK
2018-12-17 09:51:25,CAT,124.73,5,BID
2018-12-17 09:51:25,CAT,124.85,6,ASK
2018-12-17 09:51:25,CAT,124.73,5,BID
2018-12-17 09:51:26,CAT,124.84,4,ASK
2018-12-17 09:51:25,CAT,124.73,5,BID
2018-12-17 09:51:26,CAT,124.84,4,ASK
2018-12-17 09:51:25,CAT,124.73,5,BID
2018-12-17 09:51:26,CAT,124.84,4,ASK
2018-12-17 09:51:25,CAT,124.73,5,BID
2018-12-17 09:51:29,CAT,124.84,6,ASK
2018-12-17 09:51:30,CAT,124.74,2,BID
2018-12-17 09:51:30,CAT,124.84,6,ASK
2018-12-17 09:51:31,CAT,124.79,1,BID
2018-12-17 09:51:31,CAT,124.85,2,ASK
2018-12-17 09:51:31,CAT,124.75,4,BID
2018-12-17 09:51:31,CAT,124.85,2,ASK
2018-12-17 09:51:31,CAT,124.75,4,BID
2018-12-17 09:51:31,CAT,124.85,2,ASK
2018-12-17 09:51:31,CAT,124.75,4,BID
2018-12-17 09:51:31,CAT,124.85,2,ASK
2018-12-17 09:51:31,CAT,124.75,3,BID
2018-12-17 09:51:34,CAT,124.85,2,ASK
2018-12-17 09:51:36,CAT,124.75,5,BID
2018-12-17 09:51:36,CAT,124.85,2,ASK
2018-12-17 09:51:36,CAT,124.75,4,BID
2018-12-17 09:51:36,CAT,124.85,2,ASK
2018-12-17 09:51:36,CAT,124.75,4,BID
2018-12-17 09:51:36,CAT,124.85,2,ASK
2018-12-17 09:51:36,CAT,124.75,4,BID
2018-12-17 09:51:39,CAT,124.85,2,ASK
2018-12-17 09:51:40,CAT,124.75,4,BID
2018-12-17 09:51:40,CAT,124.85,4,ASK
2018-12-17 09:51:40,CAT,124.75,4,BID
2018-12-17 09:51:40,CAT,124.85,4,ASK
2018-12-17 09:51:40,CAT,124.75,5,BID
2018-12-17 09:51:40,CAT,124.85,4,ASK
2018-12-17 09:51:43,CAT,124.75,4,BID
2018-12-17 09:51:43,CAT,124.84,2,ASK
2018-12-17 09:51:44,CAT,124.75,1,BID
2018-12-17 09:51:44,CAT,124.83,2,ASK
2018-12-17 09:51:45,CAT,124.75,3,BID
2018-12-17 09:51:45,CAT,124.8,2,ASK
2018-12-17 09:51:46,CAT,124.77,1,BID
2018-12-17 09:51:46,CAT,124.85,6,ASK
2018-12-17 09:51:47,CAT,124.79,2,BID
2018-12-17 09:51:47,CAT,124.79,1,ASK
2018-12-17 09:51:48,CAT,124.75,2,BID
2018-12-17 09:51:48,CAT,124.84,1,ASK
2018-12-17 09:51:48,CAT,124.75,2,BID
2018-12-17 09:51:48,CAT,124.84,1,ASK
2018-12-17 09:51:50,CAT,124.75,1,BID
2018-12-17 09:51:50,CAT,124.84,2,ASK
2018-12-17 09:51:52,CAT,124.77,1,BID
2018-12-17 09:51:52,CAT,124.85,6,ASK
2018-12-17 09:51:52,CAT,124.77,1,BID
2018-12-17 09:51:52,CAT,124.85,8,ASK
2018-12-17 09:51:52,CAT,124.77,1,BID
2018-12-17 09:51:52,CAT,124.85,8,ASK
2018-12-17 09:51:54,CAT,124.77,3,BID
2018-12-17 09:51:52,CAT,124.85,8,ASK
2018-12-17 09:51:55,CAT,124.78,2,BID
2018-12-17 09:51:55,CAT,124.84,3,ASK
2018-12-17 09:51:56,CAT,124.86,2,BID
2018-12-17 09:51:56,CAT,124.94,2,ASK
2018-12-17 09:51:57,CAT,124.85,2,BID
2018-12-17 09:51:57,CAT,124.94,5,ASK
2018-12-17 09:51:58,CAT,124.85,3,BID
2018-12-17 09:51:58,CAT,124.93,2,ASK
2018-12-17 09:52:00,CAT,124.85,3,BID
2018-12-17 09:52:00,CAT,124.93,2,ASK
2018-12-17 09:52:00,CAT,124.85,5,BID
2018-12-17 09:51:57,CAT,124.94,5,ASK
2018-12-17 09:52:00,CAT,124.85,5,BID
2018-12-17 09:51:57,CAT,124.94,5,ASK
2018-12-17 09:52:00,CAT,124.85,5,BID
2018-12-17 09:51:57,CAT,124.94,4,ASK
2018-12-17 09:52:00,CAT,124.85,5,BID
2018-12-17 09:51:57,CAT,124.94,4,ASK
2018-12-17 09:52:00,CAT,124.85,5,BID
2018-12-17 09:51:57,CAT,124.94,4,ASK
2018-12-17 09:52:05,CAT,124.85,4,BID
2018-12-17 09:52:05,CAT,124.9,3,ASK
2018-12-17 09:52:06,CAT,124.91,2,BID
2018-12-17 09:52:06,CAT,125.0,4,ASK
2018-12-17 09:52:06,CAT,124.91,2,BID
2018-12-17 09:52:06,CAT,125.0,4,ASK
2018-12-17 09:52:08,CAT,124.91,3,BID
2018-12-17 09:52:08,CAT,125.0,2,ASK
2018-12-17 09:52:09,CAT,124.91,4,BID
2018-12-17 09:52:09,CAT,124.99,3,ASK
2018-12-17 09:52:10,CAT,124.86,2,BID
2018-12-17 09:52:10,CAT,124.91,3,ASK
2018-12-17 09:52:11,CAT,124.85,3,BID
2018-12-17 09:52:11,CAT,124.91,3,ASK
2018-12-17 09:52:11,CAT,124.85,3,BID
2018-12-17 09:52:12,CAT,124.91,5,ASK
2018-12-17 09:52:13,CAT,124.86,1,BID
2018-12-17 09:52:10,CAT,124.91,6,ASK
2018-12-17 09:52:13,CAT,124.86,1,BID
2018-12-17 09:52:10,CAT,124.91,6,ASK
2018-12-17 09:52:16,CAT,124.81,1,BID
2018-12-17 09:52:16,CAT,124.87,1,ASK
2018-12-17 09:52:16,CAT,124.81,1,BID
2018-12-17 09:52:10,CAT,124.91,6,ASK
2018-12-17 09:52:16,CAT,124.81,1,BID
2018-12-17 09:52:10,CAT,124.91,6,ASK
2018-12-17 09:52:18,CAT,124.81,2,BID
2018-12-17 09:52:18,CAT,124.9,2,ASK
2018-12-17 09:52:19,CAT,124.81,3,BID
2018-12-17 09:52:19,CAT,124.9,2,ASK
2018-12-17 09:52:19,CAT,124.81,3,BID
2018-12-17 09:52:20,CAT,124.9,2,ASK
2018-12-17 09:52:19,CAT,124.81,4,BID
2018-12-17 09:52:21,CAT,124.9,2,ASK
2018-12-17 09:52:19,CAT,124.81,4,BID
2018-12-17 09:52:21,CAT,124.9,2,ASK
2018-12-17 09:52:19,CAT,124.81,4,BID
2018-12-17 09:52:21,CAT,124.9,2,ASK
2018-12-17 09:52:19,CAT,124.81,4,BID
2018-12-17 09:52:21,CAT,124.9,2,ASK
2018-12-17 09:52:19,CAT,124.81,4,BID
2018-12-17 09:52:25,CAT,124.9,3,ASK
2018-12-17 09:52:19,CAT,124.81,4,BID
2018-12-17 09:52:25,CAT,124.9,3,ASK
2018-12-17 09:52:27,CAT,124.86,1,BID
2018-12-17 09:52:27,CAT,124.99,6,ASK
2018-12-17 09:52:28,CAT,124.88,1,BID
2018-12-17 09:52:28,CAT,124.99,6,ASK
2018-12-17 09:52:30,CAT,124.88,3,BID
2018-12-17 09:52:30,CAT,124.99,7,ASK
2018-12-17 09:52:30,CAT,124.88,3,BID
2018-12-17 09:52:30,CAT,124.99,7,ASK
2018-12-17 09:52:30,CAT,124.88,3,BID
2018-12-17 09:52:30,CAT,124.99,7,ASK
2018-12-17 09:52:30,CAT,124.88,3,BID
2018-12-17 09:52:30,CAT,124.99,7,ASK
2018-12-17 09:52:30,CAT,124.88,3,BID
2018-12-17 09:52:30,CAT,124.99,7,ASK
2018-12-17 09:52:30,CAT,124.88,3,BID
2018-12-17 09:52:30,CAT,124.99,7,ASK
2018-12-17 09:52:30,CAT,124.88,3,BID
2018-12-17 09:52:30,CAT,124.99,7,ASK
2018-12-17 09:52:36,CAT,124.88,5,BID
2018-12-17 09:52:36,CAT,124.99,7,ASK
2018-12-17 09:52:37,CAT,124.88,4,BID
2018-12-17 09:52:37,CAT,124.99,7,ASK
2018-12-17 09:52:37,CAT,124.88,4,BID
2018-12-17 09:52:37,CAT,124.99,7,ASK
2018-12-17 09:52:39,CAT,124.88,4,BID
2018-12-17 09:52:39,CAT,124.99,10,ASK
2018-12-17 09:52:39,CAT,124.88,4,BID
2018-12-17 09:52:39,CAT,124.99,10,ASK
2018-12-17 09:52:39,CAT,124.88,4,BID
2018-12-17 09:52:39,CAT,124.99,10,ASK
2018-12-17 09:52:39,CAT,124.88,4,BID
2018-12-17 09:52:39,CAT,124.99,10,ASK
2018-12-17 09:52:39,CAT,124.88,4,BID
2018-12-17 09:52:39,CAT,124.99,10,ASK
2018-12-17 09:52:44,CAT,124.89,1,BID
2018-12-17 09:52:44,CAT,124.99,10,ASK
2018-12-17 09:52:44,CAT,124.89,1,BID
2018-12-17 09:52:44,CAT,124.99,10,ASK
2018-12-17 09:52:46,CAT,124.89,3,BID
2018-12-17 09:52:46,CAT,124.99,10,ASK
2018-12-17 09:52:46,CAT,124.89,3,BID
2018-12-17 09:52:46,CAT,124.99,10,ASK
2018-12-17 09:52:46,CAT,124.89,3,BID
2018-12-17 09:52:46,CAT,124.99,10,ASK
2018-12-17 09:52:46,CAT,124.89,3,BID
2018-12-17 09:52:46,CAT,124.99,10,ASK
2018-12-17 09:52:50,CAT,125.01,2,BID
2018-12-17 09:52:50,CAT,125.1,2,ASK
2018-12-17 09:52:51,CAT,125.01,3,BID
2018-12-17 09:52:51,CAT,125.1,4,ASK
2018-12-17 09:52:52,CAT,125.05,1,BID
2018-12-17 09:52:52,CAT,125.1,4,ASK
2018-12-17 09:52:54,CAT,125.05,2,BID
2018-12-17 09:52:54,CAT,125.1,4,ASK
2018-12-17 09:52:54,CAT,125.05,2,BID
2018-12-17 09:52:54,CAT,125.1,4,ASK
2018-12-17 09:52:56,CAT,125.05,1,BID
2018-12-17 09:52:56,CAT,125.09,2,ASK
2018-12-17 09:52:56,CAT,125.05,1,BID
2018-12-17 09:52:56,CAT,125.09,2,ASK
2018-12-17 09:52:57,CAT,125.05,2,BID
2018-12-17 09:52:57,CAT,125.09,2,ASK
2018-12-17 09:52:57,CAT,125.05,2,BID
2018-12-17 09:52:57,CAT,125.09,2,ASK
2018-12-17 09:53:00,CAT,125.05,2,BID
2018-12-17 09:53:00,CAT,125.09,2,ASK
2018-12-17 09:53:00,CAT,125.05,2,BID
2018-12-17 09:53:00,CAT,125.09,2,ASK
2018-12-17 09:53:00,CAT,125.05,2,BID
2018-12-17 09:53:00,CAT,125.09,2,ASK
2018-12-17 09:53:00,CAT,125.05,2,BID
2018-12-17 09:53:00,CAT,125.09,2,ASK
2018-12-17 09:53:00,CAT,125.05,2,BID
2018-12-17 09:53:00,CAT,125.09,2,ASK
2018-12-17 09:53:05,CAT,125.01,3,BID
2018-12-17 09:53:05,CAT,125.08,2,ASK
2018-12-17 09:53:05,CAT,125.01,3,BID
2018-12-17 09:53:06,CAT,125.08,4,ASK
2018-12-17 09:53:07,CAT,125.01,4,BID
2018-12-17 09:53:07,CAT,125.08,4,ASK
2018-12-17 09:53:07,CAT,124.9,2,BID
2018-12-17 09:53:07,CAT,125.03,1,ASK
2018-12-17 09:53:09,CAT,124.84,5,BID
2018-12-17 09:53:09,CAT,125.0,6,ASK
2018-12-17 09:53:09,CAT,124.84,5,BID
2018-12-17 09:53:09,CAT,125.0,6,ASK
2018-12-17 09:53:10,CAT,124.85,2,BID
2018-12-17 09:53:09,CAT,125.0,7,ASK
2018-12-17 09:53:12,CAT,124.85,2,BID
2018-12-17 09:53:09,CAT,125.0,7,ASK
2018-12-17 09:53:12,CAT,124.85,2,BID
2018-12-17 09:53:09,CAT,125.0,7,ASK
2018-12-17 09:53:12,CAT,124.85,2,BID
2018-12-17 09:53:09,CAT,125.0,7,ASK
2018-12-17 09:53:15,CAT,124.91,1,BID
2018-12-17 09:53:15,CAT,125.01,2,ASK
2018-12-17 09:53:16,CAT,124.92,1,BID
2018-12-17 09:53:16,CAT,125.01,2,ASK
2018-12-17 09:53:17,CAT,124.94,1,BID
2018-12-17 09:53:17,CAT,125.01,2,ASK
2018-12-17 09:53:17,CAT,124.95,1,BID
2018-12-17 09:53:17,CAT,125.07,4,ASK
2018-12-17 09:53:18,CAT,125.02,1,BID
2018-12-17 09:53:18,CAT,125.14,1,ASK
2018-12-17 09:53:18,CAT,125.03,1,BID
2018-12-17 09:53:18,CAT,125.14,1,ASK
2018-12-17 09:53:18,CAT,125.03,1,BID
2018-12-17 09:53:18,CAT,125.14,3,ASK
2018-12-17 09:53:18,CAT,125.03,1,BID
2018-12-17 09:53:18,CAT,125.14,3,ASK
2018-12-17 09:53:21,CAT,125.22,2,BID
2018-12-17 09:53:21,CAT,125.48,7,ASK
2018-12-17 09:53:23,CAT,125.12,3,BID
2018-12-17 09:53:23,CAT,125.22,3,ASK
2018-12-17 09:53:23,CAT,125.12,3,BID
2018-12-17 09:53:23,CAT,125.22,3,ASK
2018-12-17 09:53:23,CAT,125.12,3,BID
2018-12-17 09:53:23,CAT,125.22,3,ASK
2018-12-17 09:53:26,CAT,125.09,1,BID
2018-12-17 09:53:26,CAT,125.22,3,ASK
2018-12-17 09:53:27,CAT,125.09,2,BID
2018-12-17 09:53:27,CAT,125.22,3,ASK
2018-12-17 09:53:28,CAT,125.09,4,BID
2018-12-17 09:53:28,CAT,125.22,3,ASK
2018-12-17 09:53:29,CAT,125.05,1,BID
2018-12-17 09:53:29,CAT,125.19,4,ASK
2018-12-17 09:53:30,CAT,125.05,1,BID
2018-12-17 09:53:30,CAT,125.19,4,ASK
2018-12-17 09:53:31,CAT,124.98,2,BID
2018-12-17 09:53:31,CAT,125.19,7,ASK
2018-12-17 09:53:32,CAT,124.98,5,BID
2018-12-17 09:53:32,CAT,125.18,3,ASK
2018-12-17 09:53:32,CAT,124.99,2,BID
2018-12-17 09:53:32,CAT,125.18,3,ASK
2018-12-17 09:53:34,CAT,124.99,6,BID
2018-12-17 09:53:34,CAT,125.17,5,ASK
2018-12-17 09:53:34,CAT,124.99,6,BID
2018-12-17 09:53:35,CAT,125.17,5,ASK
2018-12-17 09:53:34,CAT,124.99,7,BID
2018-12-17 09:53:35,CAT,125.17,5,ASK
2018-12-17 09:53:36,CAT,125.0,1,BID
2018-12-17 09:53:36,CAT,125.16,1,ASK
2018-12-17 09:53:36,CAT,124.99,9,BID
2018-12-17 09:53:37,CAT,125.16,1,ASK
2018-12-17 09:53:39,CAT,124.99,8,BID
2018-12-17 09:53:39,CAT,125.13,1,ASK
2018-12-17 09:53:40,CAT,124.99,9,BID
2018-12-17 09:53:40,CAT,125.13,2,ASK
2018-12-17 09:53:41,CAT,124.99,9,BID
2018-12-17 09:53:40,CAT,125.13,2,ASK
2018-12-17 09:53:41,CAT,124.99,9,BID
2018-12-17 09:53:40,CAT,125.13,2,ASK
2018-12-17 09:53:44,CAT,124.99,9,BID
2018-12-17 09:53:44,CAT,125.12,1,ASK
2018-12-17 09:53:44,CAT,124.99,9,BID
2018-12-17 09:53:44,CAT,125.11,3,ASK
2018-12-17 09:53:44,CAT,124.99,9,BID
2018-12-17 09:53:44,CAT,125.11,3,ASK
2018-12-17 09:53:46,CAT,124.99,9,BID
2018-12-17 09:53:46,CAT,125.11,3,ASK
2018-12-17 09:53:46,CAT,124.99,9,BID
2018-12-17 09:53:46,CAT,125.11,3,ASK
2018-12-17 09:53:49,CAT,124.99,9,BID
2018-12-17 09:53:49,CAT,125.11,3,ASK
2018-12-17 09:53:49,CAT,124.99,9,BID
2018-12-17 09:53:49,CAT,125.11,3,ASK
2018-12-17 09:53:49,CAT,124.99,9,BID
2018-12-17 09:53:49,CAT,125.11,3,ASK
2018-12-17 09:53:52,CAT,124.99,9,BID
2018-12-17 09:53:52,CAT,125.11,3,ASK
2018-12-17 09:53:52,CAT,124.99,9,BID
2018-12-17 09:53:52,CAT,125.11,3,ASK
2018-12-17 09:53:53,CAT,124.99,10,BID
2018-12-17 09:53:53,CAT,125.11,3,ASK
2018-12-17 09:53:54,CAT,125.07,4,BID
2018-12-17 09:53:54,CAT,125.17,5,ASK
2018-12-17 09:53:54,CAT,125.07,1,BID
2018-12-17 09:53:54,CAT,125.17,6,ASK
2018-12-17 09:53:54,CAT,125.07,1,BID
2018-12-17 09:53:54,CAT,125.17,6,ASK
2018-12-17 09:53:57,CAT,125.07,1,BID
2018-12-17 09:53:57,CAT,125.17,6,ASK
2018-12-17 09:53:57,CAT,125.07,1,BID
2018-12-17 09:53:57,CAT,125.17,6,ASK
2018-12-17 09:54:00,CAT,125.07,1,BID
2018-12-17 09:54:00,CAT,125.17,7,ASK
2018-12-17 09:54:00,CAT,125.07,1,BID
2018-12-17 09:54:00,CAT,125.17,7,ASK
2018-12-17 09:54:00,CAT,125.07,1,BID
2018-12-17 09:54:00,CAT,125.17,7,ASK
2018-12-17 09:54:02,CAT,125.04,2,BID
2018-12-17 09:54:02,CAT,125.15,3,ASK
2018-12-17 09:54:03,CAT,125.04,3,BID
2018-12-17 09:54:03,CAT,125.14,3,ASK
2018-12-17 09:54:03,CAT,125.04,4,BID
2018-12-17 09:54:04,CAT,125.14,3,ASK
2018-12-17 09:54:03,CAT,125.04,5,BID
2018-12-17 09:54:06,CAT,125.14,4,ASK
2018-12-17 09:54:03,CAT,125.04,5,BID
2018-12-17 09:54:06,CAT,125.14,4,ASK
2018-12-17 09:54:03,CAT,125.04,5,BID
2018-12-17 09:54:06,CAT,125.14,4,ASK
2018-12-17 09:54:03,CAT,125.04,5,BID
2018-12-17 09:54:06,CAT,125.14,4,ASK
2018-12-17 09:54:03,CAT,125.04,5,BID
2018-12-17 09:54:09,CAT,125.13,1,ASK
2018-12-17 09:54:03,CAT,125.04,5,BID
2018-12-17 09:54:09,CAT,125.13,2,ASK
2018-12-17 09:54:03,CAT,125.04,5,BID
2018-12-17 09:54:09,CAT,125.13,2,ASK
2018-12-17 09:54:03,CAT,125.04,5,BID
2018-12-17 09:54:09,CAT,125.13,2,ASK
2018-12-17 09:54:12,CAT,125.04,5,BID
2018-12-17 09:54:12,CAT,125.13,3,ASK
2018-12-17 09:54:13,CAT,125.04,5,BID
2018-12-17 09:54:13,CAT,125.12,3,ASK
2018-12-17 09:54:13,CAT,125.04,5,BID
2018-12-17 09:54:13,CAT,125.12,3,ASK
2018-12-17 09:54:13,CAT,125.04,5,BID
2018-12-17 09:54:13,CAT,125.12,3,ASK
2018-12-17 09:54:17,CAT,125.12,3,BID
2018-12-17 09:54:17,CAT,125.13,2,ASK
2018-12-17 09:54:18,CAT,125.2,1,BID
2018-12-17 09:54:18,CAT,125.26,1,ASK
2018-12-17 09:54:18,CAT,125.21,2,BID
2018-12-17 09:54:18,CAT,125.27,5,ASK
2018-12-17 09:54:20,CAT,125.27,4,BID
2018-12-17 09:54:20,CAT,125.34,4,ASK
2018-12-17 09:54:22,CAT,125.27,3,BID
2018-12-17 09:54:22,CAT,125.32,2,ASK
2018-12-17 09:54:23,CAT,125.27,1,BID
2018-12-17 09:54:23,CAT,125.32,2,ASK
2018-12-17 09:54:23,CAT,125.27,1,BID
2018-12-17 09:54:23,CAT,125.32,2,ASK
2018-12-17 09:54:23,CAT,125.27,1,BID
2018-12-17 09:54:23,CAT,125.32,2,ASK
2018-12-17 09:54:23,CAT,125.27,1,BID
2018-12-17 09:54:23,CAT,125.32,2,ASK
2018-12-17 09:54:23,CAT,125.27,1,BID
2018-12-17 09:54:23,CAT,125.32,2,ASK
2018-12-17 09:54:23,CAT,125.27,1,BID
2018-12-17 09:54:23,CAT,125.32,2,ASK
2018-12-17 09:54:28,CAT,125.27,1,BID
2018-12-17 09:54:28,CAT,125.32,2,ASK
2018-12-17 09:54:30,CAT,125.32,1,BID
2018-12-17 09:54:30,CAT,125.37,1,ASK
2018-12-17 09:54:30,CAT,125.32,1,BID
2018-12-17 09:54:30,CAT,125.37,1,ASK
2018-12-17 09:54:30,CAT,125.27,4,BID
2018-12-17 09:54:32,CAT,125.37,1,ASK
2018-12-17 09:54:33,CAT,125.27,5,BID
2018-12-17 09:54:33,CAT,125.37,3,ASK
2018-12-17 09:54:34,CAT,125.27,6,BID
2018-12-17 09:54:34,CAT,125.36,3,ASK
2018-12-17 09:54:34,CAT,125.27,6,BID
2018-12-17 09:54:34,CAT,125.36,6,ASK
2018-12-17 09:54:34,CAT,125.27,6,BID
2018-12-17 09:54:35,CAT,125.36,5,ASK
2018-12-17 09:54:36,CAT,125.27,4,BID
2018-12-17 09:54:36,CAT,125.35,2,ASK
2018-12-17 09:54:38,CAT,125.27,1,BID
2018-12-17 09:54:38,CAT,125.35,3,ASK
2018-12-17 09:54:39,CAT,125.22,1,BID
2018-12-17 09:54:39,CAT,125.3,3,ASK
2018-12-17 09:54:40,CAT,125.22,2,BID
2018-12-17 09:54:39,CAT,125.3,6,ASK
2018-12-17 09:54:41,CAT,125.13,3,BID
2018-12-17 09:54:41,CAT,125.29,6,ASK
2018-12-17 09:54:42,CAT,125.16,1,BID
2018-12-17 09:54:42,CAT,125.28,3,ASK
2018-12-17 09:54:43,CAT,125.16,1,BID
2018-12-17 09:54:43,CAT,125.28,4,ASK
2018-12-17 09:54:44,CAT,125.16,2,BID
2018-12-17 09:54:44,CAT,125.28,4,ASK
2018-12-17 09:54:44,CAT,125.16,2,BID
2018-12-17 09:54:44,CAT,125.28,4,ASK
2018-12-17 09:54:44,CAT,125.16,2,BID
2018-12-17 09:54:44,CAT,125.28,4,ASK
2018-12-17 09:54:47,CAT,125.16,3,BID
2018-12-17 09:54:47,CAT,125.28,6,ASK
2018-12-17 09:54:47,CAT,125.16,3,BID
2018-12-17 09:54:47,CAT,125.28,6,ASK
2018-12-17 09:54:49,CAT,125.16,3,BID
2018-12-17 09:54:47,CAT,125.28,6,ASK
2018-12-17 09:54:49,CAT,125.16,3,BID
2018-12-17 09:54:47,CAT,125.28,6,ASK
2018-12-17 09:54:49,CAT,125.16,3,BID
2018-12-17 09:54:47,CAT,125.28,6,ASK
2018-12-17 09:54:52,CAT,125.16,3,BID
2018-12-17 09:54:52,CAT,125.27,2,ASK
2018-12-17 09:54:53,CAT,125.16,3,BID
2018-12-17 09:54:53,CAT,125.27,5,ASK
2018-12-17 09:54:53,CAT,125.16,3,BID
2018-12-17 09:54:53,CAT,125.27,5,ASK
2018-12-17 09:54:53,CAT,125.16,3,BID
2018-12-17 09:54:53,CAT,125.27,5,ASK
2018-12-17 09:54:56,CAT,125.18,3,BID
2018-12-17 09:54:56,CAT,125.27,5,ASK
2018-12-17 09:54:57,CAT,125.16,4,BID
2018-12-17 09:54:57,CAT,125.22,1,ASK
2018-12-17 09:54:57,CAT,125.16,4,BID
2018-12-17 09:54:57,CAT,125.22,1,ASK
2018-12-17 09:54:57,CAT,125.16,4,BID
2018-12-17 09:54:57,CAT,125.22,1,ASK
2018-12-17 09:54:57,CAT,125.16,4,BID
2018-12-17 09:55:00,CAT,125.22,1,ASK
2018-12-17 09:55:01,CAT,125.18,2,BID
2018-12-17 09:55:01,CAT,125.25,2,ASK
2018-12-17 09:55:01,CAT,125.18,2,BID
2018-12-17 09:55:01,CAT,125.25,2,ASK
2018-12-17 09:55:01,CAT,125.16,4,BID
2018-12-17 09:55:01,CAT,125.25,2,ASK
2018-12-17 09:55:01,CAT,125.16,4,BID
2018-12-17 09:55:02,CAT,125.25,6,ASK
2018-12-17 09:55:01,CAT,125.16,4,BID
2018-12-17 09:55:02,CAT,125.25,6,ASK
2018-12-17 09:55:01,CAT,125.16,4,BID
2018-12-17 09:55:02,CAT,125.25,6,ASK
2018-12-17 09:55:01,CAT,125.16,4,BID
2018-12-17 09:55:02,CAT,125.25,6,ASK
2018-12-17 09:55:01,CAT,125.16,5,BID
2018-12-17 09:55:04,CAT,125.25,6,ASK
2018-12-17 09:55:01,CAT,125.16,5,BID
2018-12-17 09:55:05,CAT,125.25,7,ASK
2018-12-17 09:55:01,CAT,125.16,5,BID
2018-12-17 09:55:05,CAT,125.25,7,ASK
2018-12-17 09:55:08,CAT,125.18,1,BID
2018-12-17 09:55:08,CAT,125.24,2,ASK
2018-12-17 09:55:10,CAT,125.22,1,BID
2018-12-17 09:55:10,CAT,125.3,2,ASK
2018-12-17 09:55:11,CAT,125.24,1,BID
2018-12-17 09:55:11,CAT,125.3,2,ASK
2018-12-17 09:55:13,CAT,125.24,3,BID
2018-12-17 09:55:13,CAT,125.3,2,ASK
2018-12-17 09:55:15,CAT,125.24,4,BID
2018-12-17 09:55:15,CAT,125.32,2,ASK
2018-12-17 09:55:16,CAT,125.26,1,BID
2018-12-17 09:55:16,CAT,125.33,1,ASK
2018-12-17 09:55:16,CAT,125.26,1,BID
2018-12-17 09:55:16,CAT,125.33,1,ASK
2018-12-17 09:55:18,CAT,125.24,3,BID
2018-12-17 09:55:18,CAT,125.32,2,ASK
2018-12-17 09:55:18,CAT,125.25,1,BID
2018-12-17 09:55:18,CAT,125.32,2,ASK
2018-12-17 09:55:18,CAT,125.25,1,BID
2018-12-17 09:55:18,CAT,125.32,2,ASK
2018-12-17 09:55:18,CAT,125.25,1,BID
2018-12-17 09:55:18,CAT,125.32,2,ASK
2018-12-17 09:55:18,CAT,125.25,1,BID
2018-12-17 09:55:18,CAT,125.32,2,ASK
2018-12-17 09:55:23,CAT,125.25,1,BID
2018-12-17 09:55:23,CAT,125.32,4,ASK
2018-12-17 09:55:23,CAT,125.25,1,BID
2018-12-17 09:55:23,CAT,125.32,4,ASK
2018-12-17 09:55:25,CAT,125.19,2,BID
2018-12-17 09:55:25,CAT,125.27,2,ASK
2018-12-17 09:55:25,CAT,125.18,3,BID
2018-12-17 09:55:25,CAT,125.27,2,ASK
2018-12-17 09:55:25,CAT,125.18,3,BID
2018-12-17 09:55:25,CAT,125.27,2,ASK
2018-12-17 09:55:25,CAT,125.18,3,BID
2018-12-17 09:55:28,CAT,125.27,4,ASK
2018-12-17 09:55:30,CAT,125.18,5,BID
2018-12-17 09:55:30,CAT,125.2,5,ASK
2018-12-17 09:55:30,CAT,125.2,2,BID
2018-12-17 09:55:30,CAT,125.25,1,ASK
2018-12-17 09:55:31,CAT,125.19,2,BID
2018-12-17 09:55:31,CAT,125.25,1,ASK
2018-12-17 09:55:31,CAT,125.19,2,BID
2018-12-17 09:55:31,CAT,125.25,1,ASK
2018-12-17 09:55:33,CAT,125.19,3,BID
2018-12-17 09:55:33,CAT,125.25,2,ASK
2018-12-17 09:55:33,CAT,125.19,3,BID
2018-12-17 09:55:33,CAT,125.25,2,ASK
2018-12-17 09:55:33,CAT,125.19,3,BID
2018-12-17 09:55:33,CAT,125.25,2,ASK
2018-12-17 09:55:33,CAT,125.19,3,BID
2018-12-17 09:55:33,CAT,125.25,2,ASK
2018-12-17 09:55:37,CAT,125.12,2,BID
2018-12-17 09:55:37,CAT,125.24,1,ASK
2018-12-17 09:55:38,CAT,125.12,2,BID
2018-12-17 09:55:38,CAT,125.24,1,ASK
2018-12-17 09:55:40,CAT,125.12,1,BID
2018-12-17 09:55:39,CAT,125.24,4,ASK
2018-12-17 09:55:40,CAT,125.12,1,BID
2018-12-17 09:55:39,CAT,125.24,4,ASK
2018-12-17 09:55:40,CAT,125.12,1,BID
2018-12-17 09:55:39,CAT,125.24,4,ASK
2018-12-17 09:55:40,CAT,125.12,1,BID
2018-12-17 09:55:39,CAT,125.24,4,ASK
2018-12-17 09:55:43,CAT,125.12,2,BID
2018-12-17 09:55:39,CAT,125.24,4,ASK
2018-12-17 09:55:43,CAT,125.12,2,BID
2018-12-17 09:55:39,CAT,125.24,4,ASK
2018-12-17 09:55:43,CAT,125.12,2,BID
2018-12-17 09:55:39,CAT,125.24,4,ASK
2018-12-17 09:55:43,CAT,125.12,2,BID
2018-12-17 09:55:39,CAT,125.24,4,ASK
2018-12-17 09:55:43,CAT,125.12,2,BID
2018-12-17 09:55:39,CAT,125.24,4,ASK
2018-12-17 09:55:48,CAT,125.12,3,BID
2018-12-17 09:55:48,CAT,125.23,2,ASK
2018-12-17 09:55:48,CAT,125.12,3,BID
2018-12-17 09:55:48,CAT,125.23,2,ASK
2018-12-17 09:55:48,CAT,125.12,3,BID
2018-12-17 09:55:48,CAT,125.23,2,ASK
2018-12-17 09:55:48,CAT,125.12,3,BID
2018-12-17 09:55:48,CAT,125.23,2,ASK
2018-12-17 09:55:48,CAT,125.12,3,BID
2018-12-17 09:55:52,CAT,125.23,5,ASK
2018-12-17 09:55:48,CAT,125.12,3,BID
2018-12-17 09:55:52,CAT,125.23,5,ASK
2018-12-17 09:55:48,CAT,125.12,3,BID
2018-12-17 09:55:52,CAT,125.23,5,ASK
2018-12-17 09:55:48,CAT,125.12,4,BID
2018-12-17 09:55:55,CAT,125.23,5,ASK
2018-12-17 09:55:56,CAT,125.12,4,BID
2018-12-17 09:55:56,CAT,125.23,5,ASK
2018-12-17 09:55:56,CAT,125.12,4,BID
2018-12-17 09:55:56,CAT,125.23,5,ASK
2018-12-17 09:55:56,CAT,125.12,4,BID
2018-12-17 09:55:56,CAT,125.23,5,ASK
2018-12-17 09:56:00,CAT,125.12,4,BID
2018-12-17 09:56:00,CAT,125.23,5,ASK
2018-12-17 09:56:00,CAT,125.12,4,BID
2018-12-17 09:56:00,CAT,125.23,5,ASK
2018-12-17 09:56:01,CAT,125.04,5,BID
2018-12-17 09:56:01,CAT,125.16,1,ASK
2018-12-17 09:56:03,CAT,125.03,3,BID
2018-12-17 09:56:03,CAT,125.16,3,ASK
2018-12-17 09:56:03,CAT,125.02,1,BID
2018-12-17 09:56:03,CAT,125.16,4,ASK
2018-12-17 09:56:03,CAT,125.02,1,BID
2018-12-17 09:56:03,CAT,125.16,4,ASK
2018-12-17 09:56:03,CAT,125.02,1,BID
2018-12-17 09:56:03,CAT,125.16,4,ASK
2018-12-17 09:56:03,CAT,125.02,1,BID
2018-12-17 09:56:05,CAT,125.16,4,ASK
2018-12-17 09:56:07,CAT,125.04,1,BID
2018-12-17 09:56:07,CAT,125.15,2,ASK
2018-12-17 09:56:08,CAT,125.04,1,BID
2018-12-17 09:56:08,CAT,125.15,3,ASK
2018-12-17 09:56:09,CAT,125.04,1,BID
2018-12-17 09:56:09,CAT,125.15,7,ASK
2018-12-17 09:56:09,CAT,125.04,1,BID
2018-12-17 09:56:09,CAT,125.15,7,ASK
2018-12-17 09:56:12,CAT,125.04,1,BID
2018-12-17 09:56:12,CAT,125.15,7,ASK
2018-12-17 09:56:12,CAT,125.04,1,BID
2018-12-17 09:56:12,CAT,125.15,7,ASK
2018-12-17 09:56:13,CAT,125.04,2,BID
2018-12-17 09:56:13,CAT,125.15,7,ASK
2018-12-17 09:56:14,CAT,125.04,3,BID
2018-12-17 09:56:08,CAT,125.15,7,ASK
2018-12-17 09:56:14,CAT,125.04,3,BID
2018-12-17 09:56:08,CAT,125.15,7,ASK
2018-12-17 09:56:16,CAT,125.07,1,BID
2018-12-17 09:56:08,CAT,125.15,7,ASK
2018-12-17 09:56:16,CAT,125.07,1,BID
2018-12-17 09:56:08,CAT,125.15,7,ASK
2018-12-17 09:56:18,CAT,125.14,3,BID
2018-12-17 09:56:18,CAT,125.18,1,ASK
2018-12-17 09:56:19,CAT,125.14,1,BID
2018-12-17 09:56:19,CAT,125.18,2,ASK
2018-12-17 09:56:21,CAT,125.04,4,BID
2018-12-17 09:56:21,CAT,125.14,3,ASK
2018-12-17 09:56:21,CAT,125.04,4,BID
2018-12-17 09:56:21,CAT,125.14,3,ASK
2018-12-17 09:56:21,CAT,125.04,4,BID
2018-12-17 09:56:22,CAT,125.14,3,ASK
2018-12-17 09:56:23,CAT,125.05,1,BID
2018-12-17 09:56:23,CAT,125.14,3,ASK
2018-12-17 09:56:25,CAT,125.15,2,BID
2018-12-17 09:56:25,CAT,125.2,3,ASK
2018-12-17 09:56:25,CAT,125.15,2,BID
2018-12-17 09:56:25,CAT,125.2,3,ASK
2018-12-17 09:56:25,CAT,125.15,2,BID
2018-12-17 09:56:25,CAT,125.2,3,ASK
2018-12-17 09:56:27,CAT,125.15,2,BID
2018-12-17 09:56:27,CAT,125.22,2,ASK
2018-12-17 09:56:27,CAT,125.15,2,BID
2018-12-17 09:56:27,CAT,125.22,2,ASK
2018-12-17 09:56:27,CAT,125.15,2,BID
2018-12-17 09:56:28,CAT,125.21,3,ASK
2018-12-17 09:56:31,CAT,125.12,2,BID
2018-12-17 09:56:31,CAT,125.17,1,ASK
2018-12-17 09:56:31,CAT,125.12,2,BID
2018-12-17 09:56:31,CAT,125.17,1,ASK
2018-12-17 09:56:33,CAT,125.06,1,BID
2018-12-17 09:56:33,CAT,125.17,1,ASK
2018-12-17 09:56:33,CAT,125.06,1,BID
2018-12-17 09:56:33,CAT,125.15,1,ASK
2018-12-17 09:56:33,CAT,125.06,1,BID
2018-12-17 09:56:33,CAT,125.15,1,ASK
2018-12-17 09:56:36,CAT,125.06,1,BID
2018-12-17 09:56:36,CAT,125.15,2,ASK
2018-12-17 09:56:36,CAT,125.06,1,BID
2018-12-17 09:56:36,CAT,125.15,2,ASK
2018-12-17 09:53:53,CAT,124.99,9,BID
2018-12-17 09:56:37,CAT,125.09,1,ASK
2018-12-17 09:56:38,CAT,124.98,6,BID
2018-12-17 09:56:38,CAT,125.09,1,ASK
2018-12-17 09:56:39,CAT,124.98,6,BID
2018-12-17 09:56:39,CAT,125.08,1,ASK
2018-12-17 09:56:40,CAT,124.98,6,BID
2018-12-17 09:56:40,CAT,125.08,2,ASK
2018-12-17 09:56:40,CAT,124.98,6,BID
2018-12-17 09:56:40,CAT,125.08,2,ASK
2018-12-17 09:56:42,CAT,124.98,7,BID
2018-12-17 09:56:42,CAT,125.08,2,ASK
2018-12-17 09:56:42,CAT,124.98,7,BID
2018-12-17 09:56:42,CAT,125.08,2,ASK
2018-12-17 09:56:44,CAT,124.98,7,BID
2018-12-17 09:56:44,CAT,125.08,4,ASK
2018-12-17 09:56:45,CAT,124.99,1,BID
2018-12-17 09:56:44,CAT,125.08,4,ASK
2018-12-17 09:56:47,CAT,124.99,2,BID
2018-12-17 09:56:44,CAT,125.08,4,ASK
2018-12-17 09:56:47,CAT,124.99,2,BID
2018-12-17 09:56:44,CAT,125.08,4,ASK
2018-12-17 09:56:47,CAT,124.99,2,BID
2018-12-17 09:56:44,CAT,125.08,4,ASK
2018-12-17 09:56:44,CAT,124.98,7,BID
2018-12-17 09:56:44,CAT,125.08,4,ASK
2018-12-17 09:56:44,CAT,124.98,7,BID
2018-12-17 09:56:44,CAT,125.08,4,ASK
2018-12-17 09:56:44,CAT,124.98,7,BID
2018-12-17 09:56:44,CAT,125.08,4,ASK
2018-12-17 09:56:44,CAT,124.98,7,BID
2018-12-17 09:56:44,CAT,125.08,4,ASK
2018-12-17 09:56:44,CAT,124.98,7,BID
2018-12-17 09:56:44,CAT,125.08,4,ASK
2018-12-17 09:56:54,CAT,124.99,1,BID
2018-12-17 09:56:44,CAT,125.08,4,ASK
2018-12-17 09:56:44,CAT,124.98,7,BID
2018-12-17 09:56:44,CAT,125.08,4,ASK
2018-12-17 09:56:44,CAT,124.98,7,BID
2018-12-17 09:56:44,CAT,125.08,4,ASK
2018-12-17 09:56:44,CAT,124.98,7,BID
2018-12-17 09:56:44,CAT,125.08,4,ASK
2018-12-17 09:56:44,CAT,124.98,7,BID
2018-12-17 09:56:44,CAT,125.08,4,ASK
2018-12-17 09:56:59,CAT,125.0,2,BID
2018-12-17 09:56:44,CAT,125.08,4,ASK
2018-12-17 09:57:01,CAT,125.09,2,BID
2018-12-17 09:57:00,CAT,125.14,5,ASK
2018-12-17 09:57:01,CAT,125.09,2,BID
2018-12-17 09:57:00,CAT,125.14,5,ASK
2018-12-17 09:57:01,CAT,125.09,2,BID
2018-12-17 09:57:00,CAT,125.14,5,ASK
2018-12-17 09:57:04,CAT,125.01,1,BID
2018-12-17 09:57:04,CAT,125.05,1,ASK
2018-12-17 09:57:04,CAT,124.95,3,BID
2018-12-17 09:57:04,CAT,125.07,3,ASK
2018-12-17 09:57:05,CAT,124.97,1,BID
2018-12-17 09:57:05,CAT,125.07,3,ASK
2018-12-17 09:57:06,CAT,125.01,2,BID
2018-12-17 09:57:06,CAT,125.07,3,ASK
2018-12-17 09:57:06,CAT,125.01,2,BID
2018-12-17 09:57:06,CAT,125.07,3,ASK
2018-12-17 09:57:06,CAT,125.01,2,BID
2018-12-17 09:57:06,CAT,125.07,3,ASK
2018-12-17 09:57:06,CAT,125.01,2,BID
2018-12-17 09:57:06,CAT,125.07,3,ASK
2018-12-17 09:57:10,CAT,125.01,3,BID
2018-12-17 09:57:10,CAT,125.07,3,ASK
2018-12-17 09:57:11,CAT,124.95,3,BID
2018-12-17 09:57:11,CAT,125.03,1,ASK
2018-12-17 09:57:12,CAT,124.95,3,BID
2018-12-17 09:57:12,CAT,125.03,2,ASK
2018-12-17 09:57:13,CAT,124.95,3,BID
2018-12-17 09:57:13,CAT,125.03,4,ASK
2018-12-17 09:57:14,CAT,124.95,3,BID
2018-12-17 09:57:11,CAT,125.03,4,ASK
2018-12-17 09:57:15,CAT,124.95,3,BID
2018-12-17 09:57:11,CAT,125.03,6,ASK
2018-12-17 09:57:15,CAT,124.95,3,BID
2018-12-17 09:57:11,CAT,125.03,6,ASK
2018-12-17 09:57:15,CAT,124.95,3,BID
2018-12-17 09:57:11,CAT,125.03,6,ASK
2018-12-17 09:57:18,CAT,124.95,3,BID
2018-12-17 09:57:18,CAT,125.01,1,ASK
2018-12-17 09:57:18,CAT,124.95,3,BID
2018-12-17 09:57:18,CAT,125.01,1,ASK
2018-12-17 09:57:21,CAT,124.97,2,BID
2018-12-17 09:57:11,CAT,125.03,6,ASK
2018-12-17 09:57:21,CAT,124.97,2,BID
2018-12-17 09:57:11,CAT,125.03,6,ASK
2018-12-17 09:57:21,CAT,124.97,2,BID
2018-12-17 09:57:11,CAT,125.03,6,ASK
2018-12-17 09:57:21,CAT,124.97,2,BID
2018-12-17 09:57:11,CAT,125.03,6,ASK
2018-12-17 09:57:25,CAT,124.95,4,BID
2018-12-17 09:57:25,CAT,125.02,2,ASK
2018-12-17 09:57:25,CAT,124.98,6,BID
2018-12-17 09:57:11,CAT,125.03,6,ASK
2018-12-17 09:57:27,CAT,125.0,1,BID
2018-12-17 09:57:27,CAT,125.07,3,ASK
2018-12-17 09:57:27,CAT,125.04,2,BID
2018-12-17 09:57:27,CAT,125.15,3,ASK
2018-12-17 09:57:27,CAT,125.06,1,BID
2018-12-17 09:57:27,CAT,125.15,3,ASK
2018-12-17 09:57:30,CAT,125.06,1,BID
2018-12-17 09:57:27,CAT,125.15,3,ASK
2018-12-17 09:57:30,CAT,125.06,1,BID
2018-12-17 09:57:27,CAT,125.15,3,ASK
2018-12-17 09:57:30,CAT,125.06,1,BID
2018-12-17 09:57:27,CAT,125.15,3,ASK
2018-12-17 09:57:33,CAT,125.1,2,BID
2018-12-17 09:57:33,CAT,125.16,2,ASK
2018-12-17 09:57:34,CAT,125.15,1,BID
2018-12-17 09:57:34,CAT,125.21,1,ASK
2018-12-17 09:57:34,CAT,125.16,5,BID
2018-12-17 09:57:34,CAT,125.28,2,ASK
2018-12-17 09:57:34,CAT,125.16,5,BID
2018-12-17 09:57:34,CAT,125.28,2,ASK
2018-12-17 09:57:37,CAT,125.16,4,BID
2018-12-17 09:57:37,CAT,125.28,3,ASK
2018-12-17 09:57:37,CAT,125.16,4,BID
2018-12-17 09:57:37,CAT,125.28,3,ASK
2018-12-17 09:57:39,CAT,125.17,1,BID
2018-12-17 09:57:39,CAT,125.28,3,ASK
2018-12-17 09:57:39,CAT,125.17,1,BID
2018-12-17 09:57:39,CAT,125.28,3,ASK
2018-12-17 09:57:39,CAT,125.17,1,BID
2018-12-17 09:57:39,CAT,125.28,3,ASK
2018-12-17 09:57:39,CAT,125.17,1,BID
2018-12-17 09:57:39,CAT,125.28,3,ASK
2018-12-17 09:57:39,CAT,125.17,1,BID
2018-12-17 09:57:39,CAT,125.28,3,ASK
2018-12-17 09:57:39,CAT,125.17,1,BID
2018-12-17 09:57:39,CAT,125.28,3,ASK
2018-12-17 09:57:39,CAT,125.17,1,BID
2018-12-17 09:57:39,CAT,125.28,3,ASK
2018-12-17 09:57:39,CAT,125.17,1,BID
2018-12-17 09:57:39,CAT,125.28,3,ASK
2018-12-17 09:57:47,CAT,125.17,3,BID
2018-12-17 09:57:47,CAT,125.28,3,ASK
2018-12-17 09:57:47,CAT,125.17,3,BID
2018-12-17 09:57:47,CAT,125.28,3,ASK
2018-12-17 09:57:48,CAT,125.17,3,BID
2018-12-17 09:57:48,CAT,125.27,3,ASK
2018-12-17 09:57:48,CAT,125.17,3,BID
2018-12-17 09:57:48,CAT,125.27,3,ASK
2018-12-17 09:57:48,CAT,125.17,3,BID
2018-12-17 09:57:48,CAT,125.27,3,ASK
2018-12-17 09:57:48,CAT,125.17,3,BID
2018-12-17 09:57:48,CAT,125.27,3,ASK
2018-12-17 09:57:48,CAT,125.17,3,BID
2018-12-17 09:57:48,CAT,125.27,3,ASK
2018-12-17 09:57:54,CAT,125.17,3,BID
2018-12-17 09:57:54,CAT,125.28,5,ASK
2018-12-17 09:57:54,CAT,125.17,3,BID
2018-12-17 09:57:54,CAT,125.27,2,ASK
2018-12-17 09:57:55,CAT,125.17,3,BID
2018-12-17 09:57:55,CAT,125.27,5,ASK
2018-12-17 09:57:55,CAT,125.17,3,BID
2018-12-17 09:57:55,CAT,125.27,5,ASK
2018-12-17 09:57:55,CAT,125.17,3,BID
2018-12-17 09:57:55,CAT,125.27,5,ASK
2018-12-17 09:57:58,CAT,125.17,5,BID
2018-12-17 09:57:58,CAT,125.27,5,ASK
2018-12-17 09:58:00,CAT,125.17,5,BID
2018-12-17 09:58:00,CAT,125.27,5,ASK
2018-12-17 09:58:00,CAT,125.17,5,BID
2018-12-17 09:58:00,CAT,125.27,5,ASK
2018-12-17 09:58:00,CAT,125.17,5,BID
2018-12-17 09:58:00,CAT,125.27,5,ASK
2018-12-17 09:58:02,CAT,125.22,1,BID
2018-12-17 09:58:02,CAT,125.27,5,ASK
2018-12-17 09:58:02,CAT,125.22,1,BID
2018-12-17 09:58:02,CAT,125.27,5,ASK
2018-12-17 09:58:04,CAT,125.18,2,BID
2018-12-17 09:58:04,CAT,125.27,5,ASK
2018-12-17 09:58:04,CAT,125.18,2,BID
2018-12-17 09:58:04,CAT,125.27,5,ASK
2018-12-17 09:58:04,CAT,125.18,2,BID
2018-12-17 09:58:04,CAT,125.27,5,ASK
2018-12-17 09:58:04,CAT,125.18,2,BID
2018-12-17 09:58:04,CAT,125.27,5,ASK
2018-12-17 09:58:04,CAT,125.18,2,BID
2018-12-17 09:58:04,CAT,125.27,5,ASK
2018-12-17 09:58:04,CAT,125.18,2,BID
2018-12-17 09:58:04,CAT,125.27,5,ASK
2018-12-17 09:58:04,CAT,125.18,2,BID
2018-12-17 09:58:04,CAT,125.27,5,ASK
2018-12-17 09:58:11,CAT,125.18,3,BID
2018-12-17 09:58:11,CAT,125.26,2,ASK
2018-12-17 09:58:11,CAT,125.18,3,BID
2018-12-17 09:58:11,CAT,125.26,2,ASK
2018-12-17 09:58:11,CAT,125.18,3,BID
2018-12-17 09:58:11,CAT,125.26,2,ASK
2018-12-17 09:58:02,CAT,125.18,3,BID
2018-12-17 09:58:14,CAT,125.26,3,ASK
2018-12-17 09:58:16,CAT,125.18,3,BID
2018-12-17 09:58:16,CAT,125.26,3,ASK
2018-12-17 09:58:16,CAT,125.18,3,BID
2018-12-17 09:58:16,CAT,125.26,3,ASK
2018-12-17 09:58:17,CAT,125.18,3,BID
2018-12-17 09:58:18,CAT,125.26,3,ASK
2018-12-17 09:58:17,CAT,125.18,3,BID
2018-12-17 09:58:18,CAT,125.26,3,ASK
2018-12-17 09:58:17,CAT,125.18,3,BID
2018-12-17 09:58:20,CAT,125.25,3,ASK
2018-12-17 09:58:21,CAT,125.23,1,BID
2018-12-17 09:57:34,CAT,125.28,3,ASK
2018-12-17 09:58:22,CAT,125.26,1,BID
2018-12-17 09:58:22,CAT,125.34,3,ASK
2018-12-17 09:58:23,CAT,125.26,1,BID
2018-12-17 09:58:23,CAT,125.34,4,ASK
2018-12-17 09:58:24,CAT,125.26,1,BID
2018-12-17 09:58:24,CAT,125.34,5,ASK
2018-12-17 09:58:25,CAT,125.26,1,BID
2018-12-17 09:58:25,CAT,125.35,4,ASK
2018-12-17 09:58:25,CAT,125.32,1,BID
2018-12-17 09:58:25,CAT,125.41,1,ASK
2018-12-17 09:58:26,CAT,125.32,2,BID
2018-12-17 09:58:26,CAT,125.41,1,ASK
2018-12-17 09:58:28,CAT,125.32,2,BID
2018-12-17 09:58:28,CAT,125.41,2,ASK
2018-12-17 09:58:28,CAT,125.32,2,BID
2018-12-17 09:58:28,CAT,125.41,2,ASK
2018-12-17 09:58:30,CAT,125.32,2,BID
2018-12-17 09:58:30,CAT,125.41,2,ASK
2018-12-17 09:58:31,CAT,125.32,2,BID
2018-12-17 09:58:31,CAT,125.41,6,ASK
2018-12-17 09:58:31,CAT,125.32,2,BID
2018-12-17 09:58:31,CAT,125.41,6,ASK
2018-12-17 09:58:31,CAT,125.32,2,BID
2018-12-17 09:58:31,CAT,125.41,6,ASK
2018-12-17 09:58:31,CAT,125.32,2,BID
2018-12-17 09:58:31,CAT,125.41,6,ASK
2018-12-17 09:58:31,CAT,125.32,2,BID
2018-12-17 09:58:31,CAT,125.41,6,ASK
2018-12-17 09:58:35,CAT,125.35,1,BID
2018-12-17 09:58:35,CAT,125.41,6,ASK
2018-12-17 09:58:35,CAT,125.35,1,BID
2018-12-17 09:58:35,CAT,125.41,6,ASK
2018-12-17 09:58:38,CAT,125.36,2,BID
2018-12-17 09:58:38,CAT,125.41,5,ASK
2018-12-17 09:58:39,CAT,125.37,2,BID
2018-12-17 09:58:39,CAT,125.41,5,ASK
2018-12-17 09:58:39,CAT,125.37,2,BID
2018-12-17 09:58:39,CAT,125.41,5,ASK
2018-12-17 09:58:41,CAT,125.4,4,BID
2018-12-17 09:58:41,CAT,125.47,4,ASK
2018-12-17 09:58:41,CAT,125.4,5,BID
2018-12-17 09:58:41,CAT,125.47,4,ASK
2018-12-17 09:58:41,CAT,125.4,5,BID
2018-12-17 09:58:41,CAT,125.47,4,ASK
2018-12-17 09:58:44,CAT,125.36,3,BID
2018-12-17 09:58:44,CAT,125.46,1,ASK
2018-12-17 09:58:44,CAT,125.36,3,BID
2018-12-17 09:58:44,CAT,125.42,3,ASK
2018-12-17 09:58:46,CAT,125.37,2,BID
2018-12-17 09:58:46,CAT,125.42,3,ASK
2018-12-17 09:58:47,CAT,125.38,2,BID
2018-12-17 09:58:47,CAT,125.46,2,ASK
2018-12-17 09:58:48,CAT,125.37,4,BID
2018-12-17 09:58:48,CAT,125.46,2,ASK
2018-12-17 09:58:48,CAT,125.37,4,BID
2018-12-17 09:58:48,CAT,125.46,2,ASK
2018-12-17 09:58:48,CAT,125.37,4,BID
2018-12-17 09:58:48,CAT,125.46,2,ASK
2018-12-17 09:58:48,CAT,125.37,4,BID
2018-12-17 09:58:48,CAT,125.46,2,ASK
2018-12-17 09:58:51,CAT,125.37,4,BID
2018-12-17 09:58:51,CAT,125.46,4,ASK
2018-12-17 09:58:51,CAT,125.37,4,BID
2018-12-17 09:58:51,CAT,125.46,4,ASK
2018-12-17 09:58:51,CAT,125.37,4,BID
2018-12-17 09:58:51,CAT,125.46,4,ASK
2018-12-17 09:58:51,CAT,125.37,4,BID
2018-12-17 09:58:51,CAT,125.46,4,ASK
2018-12-17 09:58:56,CAT,125.37,4,BID
2018-12-17 09:58:56,CAT,125.45,3,ASK
2018-12-17 09:58:57,CAT,125.37,4,BID
2018-12-17 09:58:57,CAT,125.44,2,ASK
2018-12-17 09:58:57,CAT,125.37,4,BID
2018-12-17 09:58:57,CAT,125.44,2,ASK
2018-12-17 09:58:57,CAT,125.37,4,BID
2018-12-17 09:58:57,CAT,125.44,2,ASK
2018-12-17 09:59:00,CAT,125.37,4,BID
2018-12-17 09:59:00,CAT,125.44,2,ASK
2018-12-17 09:59:00,CAT,125.37,4,BID
2018-12-17 09:59:00,CAT,125.44,2,ASK
2018-12-17 09:59:02,CAT,125.38,1,BID
2018-12-17 09:59:02,CAT,125.44,2,ASK
2018-12-17 09:59:02,CAT,125.38,1,BID
2018-12-17 09:59:02,CAT,125.44,2,ASK
2018-12-17 09:59:02,CAT,125.38,1,BID
2018-12-17 09:59:02,CAT,125.44,2,ASK
2018-12-17 09:59:02,CAT,125.38,1,BID
2018-12-17 09:59:02,CAT,125.44,2,ASK
2018-12-17 09:59:05,CAT,125.38,3,BID
2018-12-17 09:59:05,CAT,125.44,4,ASK
2018-12-17 09:59:07,CAT,125.38,3,BID
2018-12-17 09:59:05,CAT,125.44,4,ASK
2018-12-17 09:59:07,CAT,125.38,3,BID
2018-12-17 09:59:05,CAT,125.44,4,ASK
2018-12-17 09:59:09,CAT,125.37,4,BID
2018-12-17 09:59:05,CAT,125.44,4,ASK
2018-12-17 09:59:10,CAT,125.37,4,BID
2018-12-17 09:59:05,CAT,125.44,4,ASK
2018-12-17 09:59:10,CAT,125.37,4,BID
2018-12-17 09:59:05,CAT,125.44,4,ASK
2018-12-17 09:59:12,CAT,125.37,5,BID
2018-12-17 09:59:12,CAT,125.44,4,ASK
2018-12-17 09:59:13,CAT,125.37,5,BID
2018-12-17 09:59:13,CAT,125.44,6,ASK
2018-12-17 09:59:05,CAT,125.37,5,BID
2018-12-17 09:59:13,CAT,125.44,6,ASK
2018-12-17 09:59:05,CAT,125.37,5,BID
2018-12-17 09:59:13,CAT,125.44,6,ASK
2018-12-17 09:59:16,CAT,125.38,4,BID
2018-12-17 09:59:16,CAT,125.47,6,ASK
2018-12-17 09:59:16,CAT,125.38,4,BID
2018-12-17 09:59:17,CAT,125.47,7,ASK
2018-12-17 09:59:05,CAT,125.37,6,BID
2018-12-17 09:59:18,CAT,125.45,1,ASK
2018-12-17 09:59:05,CAT,125.37,6,BID
2018-12-17 09:59:18,CAT,125.45,1,ASK
2018-12-17 09:59:20,CAT,125.39,1,BID
2018-12-17 09:59:20,CAT,125.45,1,ASK
2018-12-17 09:59:21,CAT,125.39,1,BID
2018-12-17 09:59:21,CAT,125.45,4,ASK
2018-12-17 09:59:22,CAT,125.36,3,BID
2018-12-17 09:59:22,CAT,125.43,3,ASK
2018-12-17 09:59:22,CAT,125.36,3,BID
2018-12-17 09:59:22,CAT,125.43,3,ASK
2018-12-17 09:59:22,CAT,125.36,3,BID
2018-12-17 09:59:22,CAT,125.43,3,ASK
2018-12-17 09:59:22,CAT,125.36,3,BID
2018-12-17 09:59:22,CAT,125.43,3,ASK
2018-12-17 09:59:26,CAT,125.36,3,BID
2018-12-17 09:59:26,CAT,125.44,3,ASK
2018-12-17 09:59:26,CAT,125.36,3,BID
2018-12-17 09:59:26,CAT,125.44,3,ASK
2018-12-17 09:59:26,CAT,125.36,3,BID
2018-12-17 09:59:26,CAT,125.44,3,ASK
2018-12-17 09:59:26,CAT,125.36,3,BID
2018-12-17 09:59:26,CAT,125.44,3,ASK
2018-12-17 09:59:30,CAT,125.29,1,BID
2018-12-17 09:59:30,CAT,125.38,2,ASK
2018-12-17 09:59:31,CAT,125.28,1,BID
2018-12-17 09:59:31,CAT,125.38,2,ASK
2018-12-17 09:59:32,CAT,125.29,1,BID
2018-12-17 09:59:32,CAT,125.38,2,ASK
2018-12-17 09:59:32,CAT,125.29,1,BID
2018-12-17 09:59:32,CAT,125.38,2,ASK
2018-12-17 09:59:32,CAT,125.29,1,BID
2018-12-17 09:59:32,CAT,125.38,2,ASK
2018-12-17 09:59:35,CAT,125.29,2,BID
2018-12-17 09:59:35,CAT,125.38,2,ASK
2018-12-17 09:59:36,CAT,125.34,1,BID
2018-12-17 09:59:36,CAT,125.41,2,ASK
2018-12-17 09:59:36,CAT,125.34,1,BID
2018-12-17 09:59:36,CAT,125.41,2,ASK
2018-12-17 09:59:36,CAT,125.34,1,BID
2018-12-17 09:59:36,CAT,125.41,2,ASK
2018-12-17 09:59:36,CAT,125.34,1,BID
2018-12-17 09:59:36,CAT,125.41,2,ASK
2018-12-17 09:59:38,CAT,125.39,1,BID
2018-12-17 09:59:38,CAT,125.45,5,ASK
2018-12-17 09:59:38,CAT,125.39,1,BID
2018-12-17 09:59:38,CAT,125.45,5,ASK
2018-12-17 09:59:42,CAT,125.35,3,BID
2018-12-17 09:59:42,CAT,125.45,4,ASK
2018-12-17 09:59:43,CAT,125.35,1,BID
2018-12-17 09:59:42,CAT,125.45,4,ASK
2018-12-17 09:59:44,CAT,125.35,1,BID
2018-12-17 09:59:44,CAT,125.44,2,ASK
2018-12-17 09:59:44,CAT,125.35,1,BID
2018-12-17 09:59:44,CAT,125.44,2,ASK
2018-12-17 09:59:44,CAT,125.35,1,BID
2018-12-17 09:59:44,CAT,125.44,2,ASK
2018-12-17 09:59:44,CAT,125.35,1,BID
2018-12-17 09:59:44,CAT,125.44,2,ASK
2018-12-17 09:59:44,CAT,125.35,1,BID
2018-12-17 09:59:44,CAT,125.44,2,ASK
2018-12-17 09:59:44,CAT,125.35,1,BID
2018-12-17 09:59:44,CAT,125.44,2,ASK
2018-12-17 09:59:50,CAT,125.46,2,BID
2018-12-17 09:53:21,CAT,125.48,4,ASK
2018-12-17 09:59:51,CAT,125.47,1,BID
2018-12-17 09:59:51,CAT,125.5,6,ASK
2018-12-17 09:59:51,CAT,125.4,3,BID
2018-12-17 09:59:51,CAT,125.5,6,ASK
2018-12-17 09:59:53,CAT,125.4,4,BID
2018-12-17 09:59:51,CAT,125.5,6,ASK
2018-12-17 09:59:53,CAT,125.4,5,BID
2018-12-17 09:59:51,CAT,125.5,6,ASK
2018-12-17 09:59:54,CAT,125.4,1,BID
2018-12-17 09:59:54,CAT,125.5,7,ASK
2018-12-17 09:59:55,CAT,125.4,1,BID
2018-12-17 09:59:55,CAT,125.5,7,ASK
2018-12-17 09:59:55,CAT,125.4,1,BID
2018-12-17 09:59:55,CAT,125.5,7,ASK
2018-12-17 09:59:55,CAT,125.4,1,BID
2018-12-17 09:59:55,CAT,125.5,7,ASK
2018-12-17 09:59:59,CAT,125.4,1,BID
2018-12-17 09:59:59,CAT,125.49,1,ASK
2018-12-17 10:00:00,CAT,125.4,1,BID
2018-12-17 10:00:00,CAT,125.49,1,ASK
2018-12-17 10:00:00,CAT,125.31,1,BID
2018-12-17 10:00:00,CAT,125.48,5,ASK
2018-12-17 10:00:01,CAT,125.27,4,BID
2018-12-17 10:00:01,CAT,125.4,1,ASK
2018-12-17 10:00:01,CAT,125.28,3,BID
2018-12-17 10:00:01,CAT,125.41,6,ASK
2018-12-17 10:00:02,CAT,125.28,3,BID
2018-12-17 10:00:01,CAT,125.41,6,ASK
2018-12-17 10:00:02,CAT,125.28,5,BID
2018-12-17 10:00:01,CAT,125.41,6,ASK
2018-12-17 10:00:03,CAT,125.28,5,BID
2018-12-17 10:00:01,CAT,125.41,8,ASK
2018-12-17 10:00:03,CAT,125.28,5,BID
2018-12-17 10:00:01,CAT,125.41,8,ASK
2018-12-17 10:00:07,CAT,125.23,2,BID
2018-12-17 10:00:07,CAT,125.34,3,ASK
2018-12-17 10:00:07,CAT,125.23,2,BID
2018-12-17 10:00:07,CAT,125.34,3,ASK
2018-12-17 10:00:07,CAT,125.22,2,BID
2018-12-17 10:00:07,CAT,125.35,2,ASK
2018-12-17 10:00:08,CAT,125.22,2,BID
2018-12-17 10:00:08,CAT,125.34,3,ASK
2018-12-17 10:00:08,CAT,125.22,2,BID
2018-12-17 10:00:08,CAT,125.34,3,ASK
2018-12-17 10:00:10,CAT,125.19,1,BID
2018-12-17 10:00:10,CAT,125.23,3,ASK
2018-12-17 10:00:10,CAT,125.19,1,BID
2018-12-17 10:00:10,CAT,125.29,3,ASK
2018-12-17 10:00:12,CAT,125.2,1,BID
2018-12-17 10:00:12,CAT,125.29,3,ASK
2018-12-17 10:00:13,CAT,125.11,2,BID
2018-12-17 10:00:14,CAT,125.23,2,ASK
2018-12-17 10:00:15,CAT,125.16,2,BID
2018-12-17 10:00:15,CAT,125.24,4,ASK
2018-12-17 10:00:15,CAT,125.16,2,BID
2018-12-17 10:00:15,CAT,125.24,4,ASK
2018-12-17 10:00:17,CAT,125.18,1,BID
2018-12-17 10:00:12,CAT,125.27,3,ASK
2018-12-17 10:00:17,CAT,125.18,1,BID
2018-12-17 10:00:12,CAT,125.27,5,ASK
2018-12-17 10:00:20,CAT,125.18,2,BID
2018-12-17 10:00:12,CAT,125.27,5,ASK
2018-12-17 10:00:22,CAT,125.08,3,BID
2018-12-17 10:00:22,CAT,125.15,3,ASK
2018-12-17 10:00:23,CAT,125.05,6,BID
2018-12-17 10:00:23,CAT,125.11,1,ASK
2018-12-17 10:00:23,CAT,125.05,6,BID
2018-12-17 10:00:23,CAT,125.11,1,ASK
2018-12-17 10:00:25,CAT,125.1,2,BID
2018-12-17 10:00:25,CAT,125.17,3,ASK
2018-12-17 10:00:26,CAT,125.01,1,BID
2018-12-17 10:00:26,CAT,125.07,5,ASK
2018-12-17 10:00:27,CAT,125.03,1,BID
2018-12-17 10:00:27,CAT,125.16,2,ASK
2018-12-17 10:00:27,CAT,125.03,1,BID
2018-12-17 10:00:27,CAT,125.16,2,ASK
2018-12-17 10:00:30,CAT,125.03,3,BID
2018-12-17 10:00:30,CAT,125.16,2,ASK
2018-12-17 10:00:30,CAT,125.03,4,BID
2018-12-17 10:00:30,CAT,125.16,2,ASK
2018-12-17 10:00:31,CAT,125.04,1,BID
2018-12-17 10:00:31,CAT,125.16,2,ASK
2018-12-17 10:00:31,CAT,125.04,1,BID
2018-12-17 10:00:31,CAT,125.16,2,ASK
2018-12-17 10:00:33,CAT,125.04,1,BID
2018-12-17 10:00:33,CAT,125.16,4,ASK
2018-12-17 10:00:34,CAT,125.04,1,BID
2018-12-17 10:00:34,CAT,125.16,8,ASK
2018-12-17 10:00:35,CAT,125.04,3,BID
2018-12-17 10:00:35,CAT,125.13,4,ASK
2018-12-17 10:00:37,CAT,125.04,3,BID
2018-12-17 10:00:37,CAT,125.13,4,ASK
2018-12-17 10:00:37,CAT,125.04,3,BID
2018-12-17 10:00:37,CAT,125.13,4,ASK
2018-12-17 10:00:38,CAT,125.04,3,BID
2018-12-17 10:00:38,CAT,125.13,4,ASK
2018-12-17 10:00:38,CAT,125.04,3,BID
2018-12-17 10:00:40,CAT,125.13,4,ASK
2018-12-17 10:00:40,CAT,125.04,4,BID
2018-12-17 10:00:40,CAT,125.13,4,ASK
2018-12-17 10:00:41,CAT,125.04,4,BID
2018-12-17 10:00:41,CAT,125.13,4,ASK
2018-12-17 10:00:41,CAT,125.04,4,BID
2018-12-17 10:00:41,CAT,125.13,4,ASK
2018-12-17 10:00:41,CAT,125.04,4,BID
2018-12-17 10:00:41,CAT,125.13,4,ASK
2018-12-17 10:00:44,CAT,125.04,4,BID
2018-12-17 10:00:44,CAT,125.12,4,ASK
2018-12-17 10:00:45,CAT,125.04,4,BID
2018-12-17 10:00:45,CAT,125.12,4,ASK
2018-12-17 09:57:27,CAT,125.0,3,BID
2018-12-17 10:00:46,CAT,125.11,3,ASK
2018-12-17 09:57:27,CAT,125.0,4,BID
2018-12-17 10:00:47,CAT,125.11,3,ASK
2018-12-17 10:00:49,CAT,125.02,1,BID
2018-12-17 10:00:49,CAT,125.11,3,ASK
2018-12-17 10:00:49,CAT,125.03,1,BID
2018-12-17 10:00:49,CAT,125.11,3,ASK
2018-12-17 10:00:49,CAT,125.03,1,BID
2018-12-17 10:00:49,CAT,125.11,3,ASK
2018-12-17 10:00:51,CAT,124.95,5,BID
2018-12-17 10:00:51,CAT,125.03,4,ASK
2018-12-17 10:00:51,CAT,124.95,5,BID
2018-12-17 10:00:53,CAT,125.03,4,ASK
2018-12-17 10:00:53,CAT,124.95,5,BID
2018-12-17 10:00:53,CAT,125.03,3,ASK
2018-12-17 10:00:54,CAT,125.11,1,BID
2018-12-17 10:00:54,CAT,125.13,5,ASK
2018-12-17 10:00:55,CAT,125.15,2,BID
2018-12-17 10:00:55,CAT,125.21,3,ASK
2018-12-17 10:00:55,CAT,125.15,2,BID
2018-12-17 10:00:55,CAT,125.21,3,ASK
2018-12-17 10:00:58,CAT,125.15,3,BID
2018-12-17 10:00:57,CAT,125.21,7,ASK
2018-12-17 10:00:58,CAT,125.16,1,BID
2018-12-17 10:00:58,CAT,125.21,8,ASK
2018-12-17 10:01:00,CAT,125.16,2,BID
2018-12-17 10:01:00,CAT,125.25,3,ASK
2018-12-17 10:01:00,CAT,125.16,4,BID
2018-12-17 10:01:00,CAT,125.25,3,ASK
2018-12-17 10:01:00,CAT,125.16,4,BID
2018-12-17 10:01:00,CAT,125.25,3,ASK
2018-12-17 10:01:00,CAT,125.16,4,BID
2018-12-17 10:01:00,CAT,125.25,3,ASK
2018-12-17 10:01:03,CAT,125.16,6,BID
2018-12-17 10:01:03,CAT,125.25,3,ASK
2018-12-17 10:01:05,CAT,125.19,3,BID
2018-12-17 10:01:05,CAT,125.27,6,ASK
2018-12-17 10:01:05,CAT,125.19,3,BID
2018-12-17 10:01:05,CAT,125.27,6,ASK
2018-12-17 10:01:05,CAT,125.19,3,BID
2018-12-17 10:01:05,CAT,125.27,6,ASK
2018-12-17 10:01:05,CAT,125.19,6,BID
2018-12-17 10:01:08,CAT,125.27,6,ASK
2018-12-17 10:01:05,CAT,125.19,6,BID
2018-12-17 10:01:08,CAT,125.27,5,ASK
2018-12-17 10:01:10,CAT,125.21,1,BID
2018-12-17 10:01:08,CAT,125.27,5,ASK
2018-12-17 10:01:10,CAT,125.26,4,BID
2018-12-17 10:01:10,CAT,125.35,5,ASK
2018-12-17 10:01:10,CAT,125.26,4,BID
2018-12-17 10:01:10,CAT,125.35,5,ASK
2018-12-17 10:01:12,CAT,125.27,1,BID
2018-12-17 10:01:12,CAT,125.35,6,ASK
2018-12-17 10:01:14,CAT,125.33,2,BID
2018-12-17 10:01:14,CAT,125.43,2,ASK
2018-12-17 10:01:14,CAT,125.33,4,BID
2018-12-17 10:01:13,CAT,125.43,4,ASK
2018-12-17 10:01:16,CAT,125.26,7,BID
2018-12-17 10:01:16,CAT,125.34,2,ASK
2018-12-17 10:01:16,CAT,125.25,2,BID
2018-12-17 10:01:16,CAT,125.34,2,ASK
2018-12-17 10:01:18,CAT,125.32,1,BID
2018-12-17 10:01:18,CAT,125.42,1,ASK
2018-12-17 10:01:19,CAT,125.34,1,BID
2018-12-17 10:01:18,CAT,125.43,5,ASK
2018-12-17 10:01:19,CAT,125.34,1,BID
2018-12-17 10:01:18,CAT,125.43,5,ASK
2018-12-17 10:01:20,CAT,125.34,2,BID
2018-12-17 10:01:18,CAT,125.43,4,ASK
2018-12-17 10:01:20,CAT,125.34,2,BID
2018-12-17 10:01:18,CAT,125.43,4,ASK
2018-12-17 10:01:20,CAT,125.34,2,BID
2018-12-17 10:01:18,CAT,125.43,4,ASK
2018-12-17 10:01:20,CAT,125.34,2,BID
2018-12-17 10:01:18,CAT,125.43,4,ASK
2018-12-17 10:01:20,CAT,125.34,2,BID
2018-12-17 10:01:24,CAT,125.42,3,ASK
2018-12-17 10:01:20,CAT,125.34,2,BID
2018-12-17 10:01:24,CAT,125.42,3,ASK
2018-12-17 10:01:27,CAT,125.27,4,BID
2018-12-17 10:01:27,CAT,125.38,5,ASK
2018-12-17 10:01:27,CAT,125.27,4,BID
2018-12-17 10:01:27,CAT,125.38,5,ASK
2018-12-17 10:01:27,CAT,125.27,4,BID
2018-12-17 10:01:28,CAT,125.38,5,ASK
2018-12-17 10:01:27,CAT,125.27,5,BID
2018-12-17 10:01:28,CAT,125.38,5,ASK
2018-12-17 10:01:27,CAT,125.27,5,BID
2018-12-17 10:01:28,CAT,125.38,5,ASK
2018-12-17 10:01:27,CAT,125.27,5,BID
2018-12-17 10:01:32,CAT,125.38,5,ASK
2018-12-17 10:01:27,CAT,125.27,6,BID
2018-12-17 10:01:32,CAT,125.37,3,ASK
2018-12-17 10:01:34,CAT,125.4,4,BID
2018-12-17 10:01:34,CAT,125.5,6,ASK
2018-12-17 10:01:34,CAT,125.4,4,BID
2018-12-17 10:01:34,CAT,125.5,6,ASK
2018-12-17 10:01:34,CAT,125.4,4,BID
2018-12-17 10:01:34,CAT,125.5,6,ASK
2018-12-17 10:01:34,CAT,125.4,4,BID
2018-12-17 10:01:34,CAT,125.5,6,ASK
2018-12-17 10:01:37,CAT,125.4,4,BID
2018-12-17 10:01:37,CAT,125.5,7,ASK
2018-12-17 10:01:38,CAT,125.4,5,BID
2018-12-17 10:01:38,CAT,125.49,3,ASK
2018-12-17 10:01:39,CAT,125.4,4,BID
2018-12-17 10:01:39,CAT,125.49,3,ASK
2018-12-17 10:01:40,CAT,125.4,3,BID
2018-12-17 10:01:41,CAT,125.44,1,ASK
2018-12-17 10:01:40,CAT,125.4,3,BID
2018-12-17 10:01:42,CAT,125.44,1,ASK
2018-12-17 10:01:40,CAT,125.4,3,BID
2018-12-17 10:01:43,CAT,125.44,1,ASK
2018-12-17 10:01:40,CAT,125.4,3,BID
2018-12-17 10:01:43,CAT,125.44,1,ASK
2018-12-17 10:01:44,CAT,125.32,1,BID
2018-12-17 10:01:44,CAT,125.4,3,ASK
2018-12-17 10:01:45,CAT,125.32,3,BID
2018-12-17 10:01:45,CAT,125.4,4,ASK
2018-12-17 10:01:46,CAT,125.32,3,BID
2018-12-17 10:01:46,CAT,125.4,4,ASK
2018-12-17 10:01:47,CAT,125.32,4,BID
2018-12-17 10:01:47,CAT,125.4,4,ASK
2018-12-17 10:01:49,CAT,125.38,2,BID
2018-12-17 10:01:49,CAT,125.5,9,ASK
2018-12-17 10:01:50,CAT,125.39,3,BID
2018-12-17 10:01:50,CAT,125.46,1,ASK
2018-12-17 10:01:51,CAT,125.4,2,BID
2018-12-17 10:01:51,CAT,125.49,2,ASK
2018-12-17 10:01:51,CAT,125.4,2,BID
2018-12-17 10:01:51,CAT,125.49,2,ASK
2018-12-17 10:01:52,CAT,125.4,3,BID
2018-12-17 10:01:52,CAT,125.49,5,ASK
2018-12-17 10:01:54,CAT,125.33,3,BID
2018-12-17 10:01:54,CAT,125.4,4,ASK
2018-12-17 10:01:54,CAT,125.33,3,BID
2018-12-17 10:01:54,CAT,125.4,4,ASK
2018-12-17 10:01:55,CAT,125.37,3,BID
2018-12-17 10:01:55,CAT,125.42,2,ASK
2018-12-17 10:01:56,CAT,125.39,1,BID
2018-12-17 10:01:56,CAT,125.46,2,ASK
2018-12-17 10:01:56,CAT,125.39,1,BID
2018-12-17 10:01:56,CAT,125.46,2,ASK
2018-12-17 10:01:56,CAT,125.39,1,BID
2018-12-17 10:01:56,CAT,125.46,2,ASK
2018-12-17 10:02:00,CAT,125.37,6,BID
2018-12-17 10:02:00,CAT,125.45,1,ASK
2018-12-17 10:02:01,CAT,125.37,6,BID
2018-12-17 10:02:01,CAT,125.44,3,ASK
2018-12-17 10:02:01,CAT,125.37,6,BID
2018-12-17 10:02:01,CAT,125.44,3,ASK
2018-12-17 10:02:03,CAT,125.32,3,BID
2018-12-17 10:02:03,CAT,125.39,3,ASK
2018-12-17 10:02:04,CAT,125.31,2,BID
2018-12-17 10:02:04,CAT,125.39,3,ASK
2018-12-17 10:02:04,CAT,125.32,1,BID
2018-12-17 10:02:04,CAT,125.4,4,ASK
2018-12-17 10:02:04,CAT,125.32,1,BID
2018-12-17 10:02:04,CAT,125.4,4,ASK
2018-12-17 10:02:04,CAT,125.32,1,BID
2018-12-17 10:02:04,CAT,125.4,4,ASK
2018-12-17 10:02:08,CAT,125.33,2,BID
2018-12-17 10:02:08,CAT,125.4,4,ASK
2018-12-17 10:02:08,CAT,125.3,2,BID
2018-12-17 10:02:08,CAT,125.35,19,ASK
2018-12-17 10:02:08,CAT,125.3,2,BID
2018-12-17 10:02:08,CAT,125.35,19,ASK
2018-12-17 10:02:11,CAT,125.23,4,BID
2018-12-17 10:02:11,CAT,125.33,2,ASK
2018-12-17 10:02:11,CAT,125.23,5,BID
2018-12-17 10:02:11,CAT,125.34,1,ASK
2018-12-17 10:02:11,CAT,125.23,5,BID
2018-12-17 10:02:13,CAT,125.34,1,ASK
2018-12-17 10:02:11,CAT,125.23,5,BID
2018-12-17 10:02:13,CAT,125.34,3,ASK
2018-12-17 10:01:10,CAT,125.23,5,BID
2018-12-17 10:02:13,CAT,125.34,4,ASK
2018-12-17 10:01:10,CAT,125.23,5,BID
2018-12-17 10:02:13,CAT,125.34,4,ASK
2018-12-17 10:01:10,CAT,125.23,5,BID
2018-12-17 10:02:13,CAT,125.34,4,ASK
2018-12-17 10:01:10,CAT,125.23,5,BID
2018-12-17 10:02:13,CAT,125.34,4,ASK
2018-12-17 10:01:10,CAT,125.23,5,BID
2018-12-17 10:02:19,CAT,125.33,2,ASK
2018-12-17 10:01:10,CAT,125.23,5,BID
2018-12-17 10:02:19,CAT,125.33,2,ASK
2018-12-17 10:01:10,CAT,125.23,5,BID
2018-12-17 10:02:19,CAT,125.33,2,ASK
2018-12-17 10:01:10,CAT,125.23,5,BID
2018-12-17 10:02:19,CAT,125.33,2,ASK
2018-12-17 10:02:23,CAT,125.23,6,BID
2018-12-17 10:02:23,CAT,125.33,6,ASK
2018-12-17 10:02:23,CAT,125.23,6,BID
2018-12-17 10:02:23,CAT,125.33,6,ASK
2018-12-17 10:02:25,CAT,125.2,1,BID
2018-12-17 10:02:25,CAT,125.28,4,ASK
2018-12-17 10:02:25,CAT,125.2,1,BID
2018-12-17 10:02:25,CAT,125.28,4,ASK
2018-12-17 10:02:26,CAT,125.19,5,BID
2018-12-17 10:02:26,CAT,125.28,4,ASK
2018-12-17 10:02:27,CAT,125.16,6,BID
2018-12-17 10:02:27,CAT,125.28,4,ASK
2018-12-17 10:02:29,CAT,125.16,7,BID
2018-12-17 10:02:29,CAT,125.27,2,ASK
2018-12-17 10:02:30,CAT,125.12,1,BID
2018-12-17 10:02:30,CAT,125.22,1,ASK
2018-12-17 10:02:31,CAT,125.12,2,BID
2018-12-17 10:02:31,CAT,125.22,1,ASK
2018-12-17 10:02:31,CAT,125.12,2,BID
2018-12-17 10:02:31,CAT,125.22,3,ASK
2018-12-17 10:02:33,CAT,125.13,1,BID
2018-12-17 10:02:33,CAT,125.22,3,ASK
2018-12-17 10:02:33,CAT,125.13,1,BID
2018-12-17 10:02:33,CAT,125.22,3,ASK
2018-12-17 10:02:35,CAT,125.2,1,BID
2018-12-17 10:02:35,CAT,125.26,3,ASK
2018-12-17 10:02:35,CAT,125.2,1,BID
2018-12-17 10:02:35,CAT,125.26,3,ASK
2018-12-17 10:02:35,CAT,125.2,1,BID
2018-12-17 10:02:35,CAT,125.26,3,ASK
2018-12-17 10:02:38,CAT,125.2,4,BID
2018-12-17 10:02:37,CAT,125.26,8,ASK
2018-12-17 10:02:38,CAT,125.2,4,BID
2018-12-17 10:02:37,CAT,125.26,8,ASK
2018-12-17 10:02:40,CAT,125.17,1,BID
2018-12-17 10:02:40,CAT,125.23,3,ASK
2018-12-17 10:02:40,CAT,125.17,1,BID
2018-12-17 10:02:40,CAT,125.23,3,ASK
2018-12-17 10:02:40,CAT,125.17,1,BID
2018-12-17 10:02:40,CAT,125.23,3,ASK
2018-12-17 10:02:40,CAT,125.17,1,BID
2018-12-17 10:02:40,CAT,125.23,3,ASK
2018-12-17 10:02:40,CAT,125.17,1,BID
2018-12-17 10:02:40,CAT,125.23,3,ASK
2018-12-17 10:02:40,CAT,125.17,1,BID
2018-12-17 10:02:40,CAT,125.23,3,ASK
2018-12-17 10:02:45,CAT,125.17,2,BID
2018-12-17 10:02:45,CAT,125.23,3,ASK
2018-12-17 10:02:45,CAT,125.17,2,BID
2018-12-17 10:02:45,CAT,125.23,3,ASK
2018-12-17 10:02:48,CAT,125.17,4,BID
2018-12-17 10:02:48,CAT,125.23,3,ASK
2018-12-17 10:02:48,CAT,125.17,4,BID
2018-12-17 10:02:48,CAT,125.23,3,ASK
2018-12-17 10:02:50,CAT,125.17,4,BID
2018-12-17 10:02:50,CAT,125.23,4,ASK
2018-12-17 10:02:50,CAT,125.17,4,BID
2018-12-17 10:02:50,CAT,125.23,4,ASK
2018-12-17 10:02:50,CAT,125.17,4,BID
2018-12-17 10:02:50,CAT,125.23,4,ASK
2018-12-17 10:02:50,CAT,125.17,4,BID
2018-12-17 10:02:50,CAT,125.23,4,ASK
2018-12-17 10:02:50,CAT,125.17,4,BID
2018-12-17 10:02:50,CAT,125.23,4,ASK
2018-12-17 10:02:50,CAT,125.17,4,BID
2018-12-17 10:02:50,CAT,125.23,4,ASK
2018-12-17 10:02:56,CAT,125.17,4,BID
2018-12-17 10:02:56,CAT,125.23,5,ASK
2018-12-17 10:02:56,CAT,125.17,6,BID
2018-12-17 10:02:56,CAT,125.23,5,ASK
2018-12-17 10:02:56,CAT,125.17,6,BID
2018-12-17 10:02:56,CAT,125.23,5,ASK
2018-12-17 10:02:59,CAT,125.24,1,BID
2018-12-17 10:02:29,CAT,125.28,6,ASK
2018-12-17 10:03:00,CAT,125.25,2,BID
2018-12-17 10:03:00,CAT,125.29,2,ASK
2018-12-17 10:03:01,CAT,125.27,2,BID
2018-12-17 10:03:01,CAT,125.33,6,ASK
2018-12-17 10:03:01,CAT,125.27,2,BID
2018-12-17 10:03:02,CAT,125.33,6,ASK
2018-12-17 10:03:03,CAT,125.27,3,BID
2018-12-17 10:03:02,CAT,125.33,6,ASK
2018-12-17 10:03:04,CAT,125.27,1,BID
2018-12-17 10:03:04,CAT,125.32,2,ASK
2018-12-17 10:03:05,CAT,125.21,1,BID
2018-12-17 10:03:05,CAT,125.28,3,ASK
2018-12-17 10:03:05,CAT,125.21,2,BID
2018-12-17 10:03:05,CAT,125.28,3,ASK
2018-12-17 10:03:05,CAT,125.21,2,BID
2018-12-17 10:03:05,CAT,125.28,3,ASK
2018-12-17 10:03:08,CAT,125.22,3,BID
2018-12-17 10:03:08,CAT,125.28,4,ASK
2018-12-17 10:03:08,CAT,125.22,3,BID
2018-12-17 10:03:08,CAT,125.28,4,ASK
2018-12-17 10:03:10,CAT,125.23,1,BID
2018-12-17 10:03:10,CAT,125.29,1,ASK
2018-12-17 10:03:10,CAT,125.25,1,BID
2018-12-17 10:03:10,CAT,125.29,2,ASK
2018-12-17 10:03:11,CAT,125.23,5,BID
2018-12-17 10:03:11,CAT,125.29,4,ASK
2018-12-17 10:03:11,CAT,125.23,5,BID
2018-12-17 10:03:11,CAT,125.29,4,ASK
2018-12-17 10:03:14,CAT,125.24,1,BID
2018-12-17 10:03:14,CAT,125.29,6,ASK
2018-12-17 10:03:15,CAT,125.24,3,BID
