timestamp,ticker,price,volume,bid_ask
2018-12-17 09:40:14,CSCO,45.49,27,BID
2018-12-17 09:40:34,CSCO,45.5,29,ASK
2018-12-17 09:40:36,CSCO,45.49,28,BID
2018-12-17 09:40:34,CSCO,45.5,31,ASK
2018-12-17 09:40:38,CSCO,45.49,27,BID
2018-12-17 09:40:34,CSCO,45.5,34,ASK
2018-12-17 09:40:38,CSCO,45.49,29,BID
2018-12-17 09:40:34,CSCO,45.5,30,ASK
2018-12-17 09:40:39,CSCO,45.49,31,BID
2018-12-17 09:40:34,CSCO,45.5,30,ASK
2018-12-17 09:40:39,CSCO,45.49,29,BID
2018-12-17 09:40:34,CSCO,45.5,40,ASK
2018-12-17 09:40:39,CSCO,45.49,37,BID
2018-12-17 09:40:34,CSCO,45.5,30,ASK
2018-12-17 09:40:39,CSCO,45.49,37,BID
2018-12-17 09:40:34,CSCO,45.5,30,ASK
2018-12-17 09:40:39,CSCO,45.49,37,BID
2018-12-17 09:40:34,CSCO,45.5,30,ASK
2018-12-17 09:40:39,CSCO,45.49,41,BID
2018-12-17 09:40:34,CSCO,45.5,31,ASK
2018-12-17 09:40:39,CSCO,45.49,41,BID
2018-12-17 09:40:34,CSCO,45.5,112,ASK
2018-12-17 09:40:39,CSCO,45.49,66,BID
2018-12-17 09:40:34,CSCO,45.5,109,ASK
2018-12-17 09:40:39,CSCO,45.49,63,BID
2018-12-17 09:40:47,CSCO,45.5,15,ASK
2018-12-17 09:40:39,CSCO,45.49,56,BID
2018-12-17 09:40:48,CSCO,45.5,15,ASK
2018-12-17 09:40:39,CSCO,45.49,55,BID
2018-12-17 09:40:49,CSCO,45.5,18,ASK
2018-12-17 09:40:51,CSCO,45.5,8,BID
2018-12-17 09:40:50,CSCO,45.51,29,ASK
2018-12-17 09:40:51,CSCO,45.5,9,BID
2018-12-17 09:40:51,CSCO,45.51,32,ASK
2018-12-17 09:40:52,CSCO,45.5,11,BID
2018-12-17 09:40:52,CSCO,45.51,42,ASK
2018-12-17 09:40:52,CSCO,45.5,17,BID
2018-12-17 09:40:53,CSCO,45.51,30,ASK
2018-12-17 09:40:52,CSCO,45.5,18,BID
2018-12-17 09:40:53,CSCO,45.51,29,ASK
2018-12-17 09:40:55,CSCO,45.52,27,BID
2018-12-17 09:40:55,CSCO,45.53,29,ASK
2018-12-17 09:40:55,CSCO,45.51,10,BID
2018-12-17 09:40:57,CSCO,45.52,18,ASK
2018-12-17 09:40:55,CSCO,45.51,10,BID
2018-12-17 09:40:57,CSCO,45.52,8,ASK
2018-12-17 09:40:59,CSCO,45.51,20,BID
2018-12-17 09:40:59,CSCO,45.51,39,ASK
2018-12-17 09:41:00,CSCO,45.51,70,BID
2018-12-17 09:40:59,CSCO,45.52,38,ASK
2018-12-17 09:41:01,CSCO,45.52,53,BID
2018-12-17 09:40:55,CSCO,45.53,31,ASK
2018-12-17 09:41:01,CSCO,45.52,53,BID
2018-12-17 09:40:55,CSCO,45.53,24,ASK
2018-12-17 09:41:01,CSCO,45.52,53,BID
2018-12-17 09:40:55,CSCO,45.53,24,ASK
2018-12-17 09:41:01,CSCO,45.52,52,BID
2018-12-17 09:40:55,CSCO,45.53,36,ASK
2018-12-17 09:40:52,CSCO,45.5,33,BID
2018-12-17 09:41:04,CSCO,45.51,39,ASK
2018-12-17 09:40:52,CSCO,45.5,24,BID
2018-12-17 09:41:04,CSCO,45.51,54,ASK
2018-12-17 09:40:39,CSCO,45.49,57,BID
2018-12-17 09:41:06,CSCO,45.5,37,ASK
2018-12-17 09:40:39,CSCO,45.49,50,BID
2018-12-17 09:41:06,CSCO,45.5,21,ASK
2018-12-17 09:40:39,CSCO,45.49,52,BID
2018-12-17 09:41:06,CSCO,45.5,55,ASK
2018-12-17 09:40:39,CSCO,45.49,36,BID
2018-12-17 09:41:06,CSCO,45.5,24,ASK
2018-12-17 09:40:39,CSCO,45.49,35,BID
2018-12-17 09:41:10,CSCO,45.49,14,ASK
2018-12-17 09:41:11,CSCO,45.47,11,BID
2018-12-17 09:41:11,CSCO,45.48,34,ASK
2018-12-17 09:41:12,CSCO,45.47,9,BID
2018-12-17 09:41:11,CSCO,45.48,37,ASK
2018-12-17 09:41:13,CSCO,45.46,22,BID
2018-12-17 09:41:13,CSCO,45.47,17,ASK
2018-12-17 09:41:14,CSCO,45.45,16,BID
2018-12-17 09:41:14,CSCO,45.46,9,ASK
2018-12-17 09:41:15,CSCO,45.45,27,BID
2018-12-17 09:41:15,CSCO,45.46,16,ASK
2018-12-17 09:41:16,CSCO,45.44,36,BID
2018-12-17 09:41:16,CSCO,45.45,8,ASK
2018-12-17 09:41:16,CSCO,45.44,40,BID
2018-12-17 09:41:16,CSCO,45.45,13,ASK
2018-12-17 09:41:17,CSCO,45.44,24,BID
2018-12-17 09:41:16,CSCO,45.45,15,ASK
2018-12-17 09:41:20,CSCO,45.44,9,BID
2018-12-17 09:41:16,CSCO,45.45,17,ASK
2018-12-17 09:41:21,CSCO,45.44,13,BID
2018-12-17 09:41:16,CSCO,45.45,19,ASK
2018-12-17 09:41:22,CSCO,45.43,26,BID
2018-12-17 09:41:22,CSCO,45.44,12,ASK
2018-12-17 09:41:23,CSCO,45.43,31,BID
2018-12-17 09:41:22,CSCO,45.44,13,ASK
2018-12-17 09:41:23,CSCO,45.43,31,BID
2018-12-17 09:41:22,CSCO,45.44,14,ASK
2018-12-17 09:41:23,CSCO,45.43,36,BID
2018-12-17 09:41:22,CSCO,45.44,14,ASK
2018-12-17 09:41:23,CSCO,45.43,36,BID
2018-12-17 09:41:22,CSCO,45.44,14,ASK
2018-12-17 09:41:23,CSCO,45.43,36,BID
2018-12-17 09:41:22,CSCO,45.44,14,ASK
2018-12-17 09:41:28,CSCO,45.43,21,BID
2018-12-17 09:41:22,CSCO,45.44,15,ASK
2018-12-17 09:41:28,CSCO,45.43,31,BID
2018-12-17 09:41:22,CSCO,45.44,13,ASK
2018-12-17 09:41:28,CSCO,45.43,40,BID
2018-12-17 09:41:30,CSCO,45.44,17,ASK
2018-12-17 09:41:30,CSCO,45.42,32,BID
2018-12-17 09:41:30,CSCO,45.43,21,ASK
2018-12-17 09:41:31,CSCO,45.41,7,BID
2018-12-17 09:41:31,CSCO,45.42,17,ASK
2018-12-17 09:41:32,CSCO,45.41,15,BID
2018-12-17 09:41:32,CSCO,45.42,17,ASK
2018-12-17 09:41:34,CSCO,45.4,17,BID
2018-12-17 09:41:33,CSCO,45.41,26,ASK
2018-12-17 09:41:34,CSCO,45.39,11,BID
2018-12-17 09:41:34,CSCO,45.4,13,ASK
2018-12-17 09:41:36,CSCO,45.38,23,BID
2018-12-17 09:41:35,CSCO,45.39,14,ASK
2018-12-17 09:41:37,CSCO,45.39,53,BID
2018-12-17 09:41:36,CSCO,45.4,32,ASK
2018-12-17 09:41:36,CSCO,45.38,26,BID
2018-12-17 09:41:37,CSCO,45.39,10,ASK
2018-12-17 09:41:39,CSCO,45.39,44,BID
2018-12-17 09:41:36,CSCO,45.4,46,ASK
2018-12-17 09:41:39,CSCO,45.39,27,BID
2018-12-17 09:41:36,CSCO,45.4,37,ASK
2018-12-17 09:41:38,CSCO,45.38,28,BID
2018-12-17 09:41:41,CSCO,45.39,13,ASK
2018-12-17 09:41:38,CSCO,45.38,25,BID
2018-12-17 09:41:41,CSCO,45.39,14,ASK
2018-12-17 09:41:38,CSCO,45.38,25,BID
2018-12-17 09:41:41,CSCO,45.39,26,ASK
2018-12-17 09:41:38,CSCO,45.38,25,BID
2018-12-17 09:41:41,CSCO,45.39,20,ASK
2018-12-17 09:41:38,CSCO,45.38,25,BID
2018-12-17 09:41:41,CSCO,45.39,14,ASK
2018-12-17 09:41:38,CSCO,45.38,29,BID
2018-12-17 09:41:41,CSCO,45.39,14,ASK
2018-12-17 09:41:47,CSCO,45.38,8,BID
2018-12-17 09:41:47,CSCO,45.39,36,ASK
2018-12-17 09:41:47,CSCO,45.38,26,BID
2018-12-17 09:41:48,CSCO,45.39,32,ASK
2018-12-17 09:41:49,CSCO,45.38,3,BID
2018-12-17 09:41:49,CSCO,45.38,8,ASK
2018-12-17 09:41:49,CSCO,45.38,49,BID
2018-12-17 09:41:49,CSCO,45.39,13,ASK
2018-12-17 09:41:51,CSCO,45.39,14,BID
2018-12-17 09:41:36,CSCO,45.4,78,ASK
2018-12-17 09:41:51,CSCO,45.38,28,BID
2018-12-17 09:41:52,CSCO,45.39,19,ASK
2018-12-17 09:41:52,CSCO,45.39,33,BID
2018-12-17 09:41:36,CSCO,45.4,76,ASK
2018-12-17 09:41:53,CSCO,45.4,20,BID
2018-12-17 09:41:53,CSCO,45.41,23,ASK
2018-12-17 09:41:53,CSCO,45.41,31,BID
2018-12-17 09:41:53,CSCO,45.42,16,ASK
2018-12-17 09:41:53,CSCO,45.41,29,BID
2018-12-17 09:41:54,CSCO,45.42,18,ASK
2018-12-17 09:41:56,CSCO,45.4,12,BID
2018-12-17 09:41:56,CSCO,45.41,21,ASK
2018-12-17 09:41:52,CSCO,45.39,24,BID
2018-12-17 09:41:58,CSCO,45.4,10,ASK
2018-12-17 09:41:58,CSCO,45.38,31,BID
2018-12-17 09:41:58,CSCO,45.39,12,ASK
2018-12-17 09:41:58,CSCO,45.38,35,BID
2018-12-17 09:41:59,CSCO,45.39,12,ASK
2018-12-17 09:42:01,CSCO,45.38,27,BID
2018-12-17 09:42:01,CSCO,45.39,24,ASK
2018-12-17 09:42:02,CSCO,45.38,26,BID
2018-12-17 09:42:02,CSCO,45.39,25,ASK
2018-12-17 09:42:03,CSCO,45.38,26,BID
2018-12-17 09:42:02,CSCO,45.39,37,ASK
2018-12-17 09:42:03,CSCO,45.37,20,BID
2018-12-17 09:42:03,CSCO,45.38,32,ASK
2018-12-17 09:42:03,CSCO,45.37,20,BID
2018-12-17 09:42:03,CSCO,45.38,34,ASK
2018-12-17 09:42:06,CSCO,45.36,12,BID
2018-12-17 09:42:06,CSCO,45.37,35,ASK
2018-12-17 09:42:06,CSCO,45.36,19,BID
2018-12-17 09:42:06,CSCO,45.37,11,ASK
2018-12-17 09:42:06,CSCO,45.36,27,BID
2018-12-17 09:42:06,CSCO,45.37,16,ASK
2018-12-17 09:42:06,CSCO,45.36,26,BID
2018-12-17 09:42:06,CSCO,45.37,17,ASK
2018-12-17 09:42:10,CSCO,45.38,20,BID
2018-12-17 09:42:02,CSCO,45.39,29,ASK
2018-12-17 09:42:10,CSCO,45.38,33,BID
2018-12-17 09:42:10,CSCO,45.39,35,ASK
2018-12-17 09:42:12,CSCO,45.38,33,BID
2018-12-17 09:42:11,CSCO,45.39,26,ASK
2018-12-17 09:42:13,CSCO,45.37,23,BID
2018-12-17 09:42:13,CSCO,45.38,29,ASK
2018-12-17 09:42:06,CSCO,45.36,21,BID
2018-12-17 09:42:14,CSCO,45.37,12,ASK
2018-12-17 09:42:06,CSCO,45.36,18,BID
2018-12-17 09:42:14,CSCO,45.37,13,ASK
2018-12-17 09:42:06,CSCO,45.36,18,BID
2018-12-17 09:42:14,CSCO,45.37,13,ASK
2018-12-17 09:42:17,CSCO,45.35,13,BID
2018-12-17 09:42:17,CSCO,45.36,6,ASK
2018-12-17 09:42:18,CSCO,45.36,13,BID
2018-12-17 09:42:18,CSCO,45.37,21,ASK
2018-12-17 09:42:19,CSCO,45.35,13,BID
2018-12-17 09:42:19,CSCO,45.36,2,ASK
2018-12-17 09:42:19,CSCO,45.36,13,BID
2018-12-17 09:42:19,CSCO,45.37,18,ASK
2018-12-17 09:42:21,CSCO,45.35,20,BID
2018-12-17 09:42:21,CSCO,45.36,17,ASK
2018-12-17 09:42:21,CSCO,45.35,30,BID
2018-12-17 09:42:22,CSCO,45.36,26,ASK
2018-12-17 09:42:21,CSCO,45.35,30,BID
2018-12-17 09:42:22,CSCO,45.36,23,ASK
2018-12-17 09:42:21,CSCO,45.35,30,BID
2018-12-17 09:42:22,CSCO,45.36,23,ASK
2018-12-17 09:42:21,CSCO,45.35,30,BID
2018-12-17 09:42:24,CSCO,45.36,17,ASK
2018-12-17 09:42:26,CSCO,45.35,27,BID
2018-12-17 09:42:26,CSCO,45.36,14,ASK
2018-12-17 09:42:27,CSCO,45.36,49,BID
2018-12-17 09:42:27,CSCO,45.37,21,ASK
2018-12-17 09:42:27,CSCO,45.36,34,BID
2018-12-17 09:42:28,CSCO,45.37,17,ASK
2018-12-17 09:42:27,CSCO,45.36,34,BID
2018-12-17 09:42:28,CSCO,45.37,14,ASK
2018-12-17 09:42:27,CSCO,45.36,34,BID
2018-12-17 09:42:29,CSCO,45.37,22,ASK
2018-12-17 09:42:31,CSCO,45.36,16,BID
2018-12-17 09:42:30,CSCO,45.37,25,ASK
2018-12-17 09:42:26,CSCO,45.35,37,BID
2018-12-17 09:42:32,CSCO,45.36,8,ASK
2018-12-17 09:42:33,CSCO,45.36,13,BID
2018-12-17 09:42:31,CSCO,45.37,18,ASK
2018-12-17 09:42:34,CSCO,45.36,3,BID
2018-12-17 09:42:31,CSCO,45.37,25,ASK
2018-12-17 09:42:26,CSCO,45.35,44,BID
2018-12-17 09:42:35,CSCO,45.36,4,ASK
2018-12-17 09:42:26,CSCO,45.35,33,BID
2018-12-17 09:42:36,CSCO,45.36,10,ASK
2018-12-17 09:42:26,CSCO,45.35,26,BID
2018-12-17 09:42:36,CSCO,45.36,18,ASK
2018-12-17 09:42:38,CSCO,45.35,26,BID
2018-12-17 09:42:36,CSCO,45.36,30,ASK
2018-12-17 09:42:39,CSCO,45.34,9,BID
2018-12-17 09:42:38,CSCO,45.35,18,ASK
2018-12-17 09:42:40,CSCO,45.34,6,BID
2018-12-17 09:42:40,CSCO,45.34,10,ASK
2018-12-17 09:42:40,CSCO,45.33,22,BID
2018-12-17 09:42:40,CSCO,45.34,14,ASK
2018-12-17 09:42:41,CSCO,45.34,30,BID
2018-12-17 09:42:41,CSCO,45.35,18,ASK
2018-12-17 09:42:43,CSCO,45.34,12,BID
2018-12-17 09:42:41,CSCO,45.35,17,ASK
2018-12-17 09:42:44,CSCO,45.36,27,BID
2018-12-17 09:42:13,CSCO,45.38,39,ASK
2018-12-17 09:42:44,CSCO,45.37,28,BID
2018-12-17 09:42:44,CSCO,45.38,36,ASK
2018-12-17 09:42:46,CSCO,45.37,15,BID
2018-12-17 09:42:46,CSCO,45.38,30,ASK
2018-12-17 09:42:46,CSCO,45.37,16,BID
2018-12-17 09:42:46,CSCO,45.38,30,ASK
2018-12-17 09:42:48,CSCO,45.36,26,BID
2018-12-17 09:42:48,CSCO,45.37,19,ASK
2018-12-17 09:42:48,CSCO,45.36,20,BID
2018-12-17 09:42:49,CSCO,45.37,42,ASK
2018-12-17 09:42:48,CSCO,45.36,20,BID
2018-12-17 09:42:49,CSCO,45.37,42,ASK
2018-12-17 09:42:51,CSCO,45.35,15,BID
2018-12-17 09:42:51,CSCO,45.36,19,ASK
2018-12-17 09:42:52,CSCO,45.35,15,BID
2018-12-17 09:42:51,CSCO,45.36,26,ASK
2018-12-17 09:42:53,CSCO,45.35,12,BID
2018-12-17 09:42:51,CSCO,45.36,28,ASK
2018-12-17 09:42:54,CSCO,45.36,33,BID
2018-12-17 09:42:49,CSCO,45.37,40,ASK
2018-12-17 09:42:54,CSCO,45.36,34,BID
2018-12-17 09:42:49,CSCO,45.37,46,ASK
2018-12-17 09:42:55,CSCO,45.36,44,BID
2018-12-17 09:42:56,CSCO,45.37,20,ASK
2018-12-17 09:42:54,CSCO,45.35,33,BID
2018-12-17 09:42:57,CSCO,45.36,16,ASK
2018-12-17 09:42:54,CSCO,45.35,33,BID
2018-12-17 09:42:58,CSCO,45.36,16,ASK
2018-12-17 09:42:54,CSCO,45.35,24,BID
2018-12-17 09:42:59,CSCO,45.36,19,ASK
2018-12-17 09:43:00,CSCO,45.34,49,BID
2018-12-17 09:43:00,CSCO,45.35,43,ASK
2018-12-17 09:43:00,CSCO,45.34,47,BID
2018-12-17 09:43:01,CSCO,45.35,52,ASK
2018-12-17 09:43:02,CSCO,45.34,23,BID
2018-12-17 09:43:01,CSCO,45.35,52,ASK
2018-12-17 09:43:03,CSCO,45.34,29,BID
2018-12-17 09:43:01,CSCO,45.35,44,ASK
2018-12-17 09:43:03,CSCO,45.34,27,BID
2018-12-17 09:43:01,CSCO,45.35,47,ASK
2018-12-17 09:43:05,CSCO,45.34,25,BID
2018-12-17 09:43:05,CSCO,45.35,45,ASK
2018-12-17 09:43:05,CSCO,45.34,33,BID
2018-12-17 09:43:06,CSCO,45.35,44,ASK
2018-12-17 09:43:05,CSCO,45.34,32,BID
2018-12-17 09:43:06,CSCO,45.35,45,ASK
2018-12-17 09:43:05,CSCO,45.34,32,BID
2018-12-17 09:43:06,CSCO,45.35,44,ASK
2018-12-17 09:43:05,CSCO,45.34,27,BID
2018-12-17 09:43:09,CSCO,45.35,46,ASK
2018-12-17 09:43:05,CSCO,45.34,28,BID
2018-12-17 09:43:09,CSCO,45.35,49,ASK
2018-12-17 09:42:40,CSCO,45.33,31,BID
2018-12-17 09:43:11,CSCO,45.34,12,ASK
2018-12-17 09:43:01,CSCO,45.33,41,BID
2018-12-17 09:43:12,CSCO,45.34,19,ASK
2018-12-17 09:43:01,CSCO,45.33,35,BID
2018-12-17 09:43:12,CSCO,45.34,15,ASK
2018-12-17 09:43:01,CSCO,45.33,35,BID
2018-12-17 09:43:12,CSCO,45.34,16,ASK
2018-12-17 09:43:01,CSCO,45.33,35,BID
2018-12-17 09:43:12,CSCO,45.34,16,ASK
2018-12-17 09:43:16,CSCO,45.32,12,BID
2018-12-17 09:43:16,CSCO,45.33,21,ASK
2018-12-17 09:43:16,CSCO,45.32,12,BID
2018-12-17 09:43:16,CSCO,45.33,21,ASK
2018-12-17 09:43:18,CSCO,45.31,10,BID
2018-12-17 09:43:18,CSCO,45.32,26,ASK
2018-12-17 09:43:19,CSCO,45.31,15,BID
2018-12-17 09:43:19,CSCO,45.31,35,ASK
2018-12-17 09:43:19,CSCO,45.29,13,BID
2018-12-17 09:43:19,CSCO,45.3,11,ASK
2018-12-17 09:43:20,CSCO,45.28,12,BID
2018-12-17 09:43:19,CSCO,45.29,11,ASK
2018-12-17 09:43:20,CSCO,45.27,13,BID
2018-12-17 09:43:20,CSCO,45.28,24,ASK
2018-12-17 09:43:21,CSCO,45.26,220,BID
2018-12-17 09:43:21,CSCO,45.27,5,ASK
2018-12-17 09:43:21,CSCO,45.26,205,BID
2018-12-17 09:43:21,CSCO,45.27,5,ASK
2018-12-17 09:43:21,CSCO,45.26,204,BID
2018-12-17 09:43:21,CSCO,45.27,13,ASK
2018-12-17 09:43:22,CSCO,45.27,7,BID
2018-12-17 09:43:22,CSCO,45.28,40,ASK
2018-12-17 09:43:22,CSCO,45.27,10,BID
2018-12-17 09:43:22,CSCO,45.28,31,ASK
2018-12-17 09:43:23,CSCO,45.26,205,BID
2018-12-17 09:43:23,CSCO,45.27,17,ASK
2018-12-17 09:43:24,CSCO,45.26,204,BID
2018-12-17 09:43:24,CSCO,45.27,9,ASK
2018-12-17 09:43:25,CSCO,45.26,212,BID
2018-12-17 09:43:25,CSCO,45.27,5,ASK
2018-12-17 09:43:26,CSCO,45.26,210,BID
2018-12-17 09:43:26,CSCO,45.27,12,ASK
2018-12-17 09:43:28,CSCO,45.26,212,BID
2018-12-17 09:43:27,CSCO,45.27,18,ASK
2018-12-17 09:43:29,CSCO,45.26,212,BID
2018-12-17 09:43:29,CSCO,45.27,16,ASK
2018-12-17 09:43:30,CSCO,45.26,219,BID
2018-12-17 09:43:30,CSCO,45.27,8,ASK
2018-12-17 09:43:31,CSCO,45.26,205,BID
2018-12-17 09:43:31,CSCO,45.27,19,ASK
2018-12-17 09:43:33,CSCO,45.26,205,BID
2018-12-17 09:43:31,CSCO,45.27,15,ASK
2018-12-17 09:43:34,CSCO,45.26,204,BID
2018-12-17 09:43:31,CSCO,45.27,17,ASK
2018-12-17 09:43:36,CSCO,45.26,204,BID
2018-12-17 09:43:31,CSCO,45.27,18,ASK
2018-12-17 09:43:38,CSCO,45.26,205,BID
2018-12-17 09:43:31,CSCO,45.27,17,ASK
2018-12-17 09:43:38,CSCO,45.26,175,BID
2018-12-17 09:43:31,CSCO,45.27,25,ASK
2018-12-17 09:43:39,CSCO,45.25,18,BID
2018-12-17 09:43:38,CSCO,45.26,40,ASK
2018-12-17 09:43:39,CSCO,45.24,37,BID
2018-12-17 09:43:39,CSCO,45.25,26,ASK
2018-12-17 09:43:39,CSCO,45.24,37,BID
2018-12-17 09:43:41,CSCO,45.25,26,ASK
2018-12-17 09:43:42,CSCO,45.25,40,BID
2018-12-17 09:43:42,CSCO,45.26,20,ASK
2018-12-17 09:43:42,CSCO,45.26,34,BID
2018-12-17 09:43:43,CSCO,45.27,36,ASK
2018-12-17 09:43:46,CSCO,45.25,28,BID
2018-12-17 09:43:46,CSCO,45.26,42,ASK
2018-12-17 09:43:47,CSCO,45.25,26,BID
2018-12-17 09:43:47,CSCO,45.26,39,ASK
2018-12-17 09:43:48,CSCO,45.26,8,BID
2018-12-17 09:43:46,CSCO,45.27,51,ASK
2018-12-17 09:43:48,CSCO,45.26,15,BID
2018-12-17 09:43:46,CSCO,45.27,36,ASK
2018-12-17 09:43:48,CSCO,45.26,24,BID
2018-12-17 09:43:46,CSCO,45.27,34,ASK
2018-12-17 09:43:48,CSCO,45.26,10,BID
2018-12-17 09:43:46,CSCO,45.27,36,ASK
2018-12-17 09:43:52,CSCO,45.26,19,BID
2018-12-17 09:43:46,CSCO,45.27,35,ASK
2018-12-17 09:43:53,CSCO,45.27,8,BID
2018-12-17 09:43:46,CSCO,45.27,24,ASK
2018-12-17 09:43:54,CSCO,45.27,21,BID
2018-12-17 09:43:54,CSCO,45.28,40,ASK
2018-12-17 09:43:54,CSCO,45.27,18,BID
2018-12-17 09:43:54,CSCO,45.28,25,ASK
2018-12-17 09:43:54,CSCO,45.27,16,BID
2018-12-17 09:43:54,CSCO,45.28,30,ASK
2018-12-17 09:43:54,CSCO,45.27,16,BID
2018-12-17 09:43:54,CSCO,45.28,32,ASK
2018-12-17 09:43:54,CSCO,45.27,16,BID
2018-12-17 09:43:54,CSCO,45.28,36,ASK
2018-12-17 09:43:59,CSCO,45.26,28,BID
2018-12-17 09:43:59,CSCO,45.27,34,ASK
2018-12-17 09:44:00,CSCO,45.26,28,BID
2018-12-17 09:43:59,CSCO,45.27,41,ASK
2018-12-17 09:44:01,CSCO,45.26,34,BID
2018-12-17 09:44:01,CSCO,45.27,21,ASK
2018-12-17 09:44:02,CSCO,45.26,24,BID
2018-12-17 09:44:02,CSCO,45.27,28,ASK
2018-12-17 09:44:03,CSCO,45.27,6,BID
2018-12-17 09:43:54,CSCO,45.28,37,ASK
2018-12-17 09:44:04,CSCO,45.27,7,BID
2018-12-17 09:43:54,CSCO,45.28,39,ASK
2018-12-17 09:44:05,CSCO,45.27,33,BID
2018-12-17 09:43:54,CSCO,45.28,22,ASK
2018-12-17 09:44:06,CSCO,45.28,21,BID
2018-12-17 09:44:06,CSCO,45.29,15,ASK
2018-12-17 09:44:06,CSCO,45.29,12,BID
2018-12-17 09:44:06,CSCO,45.3,23,ASK
2018-12-17 09:44:07,CSCO,45.29,17,BID
2018-12-17 09:44:07,CSCO,45.3,23,ASK
2018-12-17 09:44:08,CSCO,45.28,25,BID
2018-12-17 09:44:09,CSCO,45.29,8,ASK
2018-12-17 09:44:09,CSCO,45.29,19,BID
2018-12-17 09:44:10,CSCO,45.3,23,ASK
2018-12-17 09:44:10,CSCO,45.29,37,BID
2018-12-17 09:44:10,CSCO,45.3,18,ASK
2018-12-17 09:44:11,CSCO,45.3,55,BID
2018-12-17 09:44:11,CSCO,45.31,29,ASK
2018-12-17 09:44:12,CSCO,45.3,40,BID
2018-12-17 09:44:12,CSCO,45.31,16,ASK
2018-12-17 09:44:13,CSCO,45.31,48,BID
2018-12-17 09:44:14,CSCO,45.32,12,ASK
2018-12-17 09:44:12,CSCO,45.3,36,BID
2018-12-17 09:44:15,CSCO,45.31,5,ASK
2018-12-17 09:44:16,CSCO,45.3,21,BID
2018-12-17 09:44:15,CSCO,45.31,26,ASK
2018-12-17 09:44:16,CSCO,45.3,20,BID
2018-12-17 09:44:17,CSCO,45.31,30,ASK
2018-12-17 09:44:18,CSCO,45.29,35,BID
2018-12-17 09:44:18,CSCO,45.3,62,ASK
2018-12-17 09:44:20,CSCO,45.3,26,BID
2018-12-17 09:44:18,CSCO,45.31,32,ASK
2018-12-17 09:44:19,CSCO,45.29,34,BID
2018-12-17 09:44:21,CSCO,45.3,50,ASK
2018-12-17 09:44:19,CSCO,45.29,39,BID
2018-12-17 09:44:21,CSCO,45.3,34,ASK
2018-12-17 09:44:22,CSCO,45.31,24,BID
2018-12-17 09:44:14,CSCO,45.32,52,ASK
2018-12-17 09:44:22,CSCO,45.31,36,BID
2018-12-17 09:44:14,CSCO,45.32,40,ASK
2018-12-17 09:44:22,CSCO,45.31,32,BID
2018-12-17 09:44:14,CSCO,45.32,47,ASK
2018-12-17 09:44:26,CSCO,45.3,19,BID
2018-12-17 09:44:25,CSCO,45.31,19,ASK
2018-12-17 09:44:26,CSCO,45.3,22,BID
2018-12-17 09:44:26,CSCO,45.31,49,ASK
2018-12-17 09:44:27,CSCO,45.3,22,BID
2018-12-17 09:44:26,CSCO,45.31,53,ASK
2018-12-17 09:44:29,CSCO,45.3,27,BID
2018-12-17 09:44:26,CSCO,45.31,46,ASK
2018-12-17 09:44:29,CSCO,45.3,27,BID
2018-12-17 09:44:26,CSCO,45.31,46,ASK
2018-12-17 09:44:29,CSCO,45.3,27,BID
2018-12-17 09:44:26,CSCO,45.31,48,ASK
2018-12-17 09:44:29,CSCO,45.3,27,BID
2018-12-17 09:44:26,CSCO,45.31,48,ASK
2018-12-17 09:44:29,CSCO,45.3,21,BID
2018-12-17 09:44:26,CSCO,45.31,61,ASK
2018-12-17 09:44:19,CSCO,45.29,48,BID
2018-12-17 09:44:33,CSCO,45.3,70,ASK
2018-12-17 09:44:19,CSCO,45.29,56,BID
2018-12-17 09:44:33,CSCO,45.3,77,ASK
2018-12-17 09:44:19,CSCO,45.29,78,BID
2018-12-17 09:44:33,CSCO,45.3,61,ASK
2018-12-17 09:44:19,CSCO,45.29,66,BID
2018-12-17 09:44:33,CSCO,45.3,52,ASK
2018-12-17 09:44:37,CSCO,45.3,4,BID
2018-12-17 09:44:26,CSCO,45.31,68,ASK
2018-12-17 09:44:19,CSCO,45.29,56,BID
2018-12-17 09:44:39,CSCO,45.3,69,ASK
2018-12-17 09:44:19,CSCO,45.29,56,BID
2018-12-17 09:44:39,CSCO,45.3,69,ASK
2018-12-17 09:44:19,CSCO,45.29,56,BID
2018-12-17 09:44:39,CSCO,45.3,53,ASK
2018-12-17 09:44:09,CSCO,45.28,62,BID
2018-12-17 09:44:41,CSCO,45.29,29,ASK
2018-12-17 09:44:43,CSCO,45.29,34,BID
2018-12-17 09:44:43,CSCO,45.3,23,ASK
2018-12-17 09:44:44,CSCO,45.29,25,BID
2018-12-17 09:44:44,CSCO,45.3,36,ASK
2018-12-17 09:44:09,CSCO,45.28,54,BID
2018-12-17 09:44:44,CSCO,45.29,38,ASK
2018-12-17 09:44:09,CSCO,45.28,54,BID
2018-12-17 09:44:44,CSCO,45.29,36,ASK
2018-12-17 09:44:09,CSCO,45.28,54,BID
2018-12-17 09:44:47,CSCO,45.29,45,ASK
2018-12-17 09:44:09,CSCO,45.28,54,BID
2018-12-17 09:44:47,CSCO,45.29,64,ASK
2018-12-17 09:44:09,CSCO,45.28,56,BID
2018-12-17 09:44:48,CSCO,45.29,62,ASK
2018-12-17 09:44:49,CSCO,45.29,64,BID
2018-12-17 09:44:49,CSCO,45.29,62,ASK
2018-12-17 09:44:50,CSCO,45.29,32,BID
2018-12-17 09:44:50,CSCO,45.3,40,ASK
2018-12-17 09:44:52,CSCO,45.29,32,BID
2018-12-17 09:44:50,CSCO,45.3,40,ASK
2018-12-17 09:44:53,CSCO,45.29,29,BID
2018-12-17 09:44:53,CSCO,45.3,27,ASK
2018-12-17 09:44:54,CSCO,45.29,26,BID
2018-12-17 09:44:54,CSCO,45.3,27,ASK
2018-12-17 09:44:55,CSCO,45.29,33,BID
2018-12-17 09:44:54,CSCO,45.3,50,ASK
2018-12-17 09:44:56,CSCO,45.29,27,BID
2018-12-17 09:44:55,CSCO,45.3,31,ASK
2018-12-17 09:44:57,CSCO,45.29,26,BID
2018-12-17 09:44:55,CSCO,45.3,43,ASK
2018-12-17 09:44:57,CSCO,45.29,27,BID
2018-12-17 09:44:55,CSCO,45.3,34,ASK
2018-12-17 09:44:58,CSCO,45.29,35,BID
2018-12-17 09:44:55,CSCO,45.3,35,ASK
2018-12-17 09:45:00,CSCO,45.29,35,BID
2018-12-17 09:44:55,CSCO,45.3,40,ASK
2018-12-17 09:45:00,CSCO,45.29,35,BID
2018-12-17 09:44:55,CSCO,45.3,39,ASK
2018-12-17 09:45:01,CSCO,45.28,29,BID
2018-12-17 09:45:01,CSCO,45.29,21,ASK
2018-12-17 09:45:02,CSCO,45.28,27,BID
2018-12-17 09:45:02,CSCO,45.29,29,ASK
2018-12-17 09:43:48,CSCO,45.26,26,BID
2018-12-17 09:45:02,CSCO,45.27,28,ASK
2018-12-17 09:45:03,CSCO,45.26,29,BID
2018-12-17 09:45:03,CSCO,45.27,25,ASK
2018-12-17 09:45:06,CSCO,45.26,29,BID
2018-12-17 09:45:03,CSCO,45.27,28,ASK
2018-12-17 09:45:06,CSCO,45.25,16,BID
2018-12-17 09:45:06,CSCO,45.26,44,ASK
2018-12-17 09:43:39,CSCO,45.24,18,BID
2018-12-17 09:45:08,CSCO,45.25,27,ASK
2018-12-17 09:45:08,CSCO,45.24,16,BID
2018-12-17 09:45:08,CSCO,45.25,37,ASK
2018-12-17 09:45:09,CSCO,45.22,17,BID
2018-12-17 09:45:09,CSCO,45.23,20,ASK
2018-12-17 09:45:10,CSCO,45.22,12,BID
2018-12-17 09:45:11,CSCO,45.23,33,ASK
2018-12-17 09:45:11,CSCO,45.22,34,BID
2018-12-17 09:45:11,CSCO,45.23,41,ASK
2018-12-17 09:45:12,CSCO,45.22,9,BID
2018-12-17 09:45:09,CSCO,45.23,31,ASK
2018-12-17 09:45:14,CSCO,45.21,18,BID
2018-12-17 09:45:13,CSCO,45.22,29,ASK
2018-12-17 09:45:15,CSCO,45.2,17,BID
2018-12-17 09:45:15,CSCO,45.21,31,ASK
2018-12-17 09:45:16,CSCO,45.2,17,BID
2018-12-17 09:45:15,CSCO,45.21,34,ASK
2018-12-17 09:45:16,CSCO,45.21,23,BID
2018-12-17 09:45:16,CSCO,45.22,24,ASK
2018-12-17 09:45:17,CSCO,45.21,20,BID
2018-12-17 09:45:17,CSCO,45.22,24,ASK
2018-12-17 09:45:18,CSCO,45.21,29,BID
2018-12-17 09:45:18,CSCO,45.22,27,ASK
2018-12-17 09:45:19,CSCO,45.24,18,BID
2018-12-17 09:45:08,CSCO,45.25,22,ASK
2018-12-17 09:45:20,CSCO,45.24,15,BID
2018-12-17 09:45:08,CSCO,45.25,20,ASK
2018-12-17 09:45:21,CSCO,45.25,11,BID
2018-12-17 09:45:06,CSCO,45.26,54,ASK
2018-12-17 09:45:21,CSCO,45.25,5,BID
2018-12-17 09:45:06,CSCO,45.26,44,ASK
2018-12-17 09:45:22,CSCO,45.25,29,BID
2018-12-17 09:45:22,CSCO,45.26,36,ASK
2018-12-17 09:45:23,CSCO,45.26,33,BID
2018-12-17 09:45:23,CSCO,45.27,14,ASK
2018-12-17 09:45:24,CSCO,45.26,40,BID
2018-12-17 09:45:24,CSCO,45.27,14,ASK
2018-12-17 09:45:25,CSCO,45.27,19,BID
2018-12-17 09:45:25,CSCO,45.28,29,ASK
2018-12-17 09:45:26,CSCO,45.27,14,BID
2018-12-17 09:45:26,CSCO,45.28,21,ASK
2018-12-17 09:45:27,CSCO,45.28,19,BID
2018-12-17 09:45:27,CSCO,45.29,15,ASK
2018-12-17 09:45:30,CSCO,45.29,14,BID
2018-12-17 09:44:58,CSCO,45.3,33,ASK
2018-12-17 09:45:31,CSCO,45.29,10,BID
2018-12-17 09:45:31,CSCO,45.3,39,ASK
2018-12-17 09:45:31,CSCO,45.29,10,BID
2018-12-17 09:45:32,CSCO,45.3,38,ASK
2018-12-17 09:45:31,CSCO,45.29,10,BID
2018-12-17 09:45:32,CSCO,45.3,38,ASK
2018-12-17 09:45:27,CSCO,45.28,16,BID
2018-12-17 09:45:34,CSCO,45.29,21,ASK
2018-12-17 09:45:34,CSCO,45.29,21,BID
2018-12-17 09:45:32,CSCO,45.3,36,ASK
2018-12-17 09:45:35,CSCO,45.29,15,BID
2018-12-17 09:45:35,CSCO,45.3,37,ASK
2018-12-17 09:45:35,CSCO,45.29,25,BID
2018-12-17 09:45:36,CSCO,45.3,24,ASK
2018-12-17 09:45:27,CSCO,45.28,15,BID
2018-12-17 09:45:37,CSCO,45.29,24,ASK
2018-12-17 09:45:39,CSCO,45.27,19,BID
2018-12-17 09:45:39,CSCO,45.27,37,ASK
2018-12-17 09:45:39,CSCO,45.27,54,BID
2018-12-17 09:45:39,CSCO,45.28,55,ASK
2018-12-17 09:45:40,CSCO,45.28,45,BID
2018-12-17 09:45:41,CSCO,45.29,3,ASK
2018-12-17 09:45:41,CSCO,45.29,24,BID
2018-12-17 09:45:42,CSCO,45.3,13,ASK
2018-12-17 09:45:41,CSCO,45.29,16,BID
2018-12-17 09:45:43,CSCO,45.3,34,ASK
2018-12-17 09:45:41,CSCO,45.29,19,BID
2018-12-17 09:45:43,CSCO,45.3,36,ASK
2018-12-17 09:45:41,CSCO,45.29,23,BID
2018-12-17 09:45:43,CSCO,45.3,34,ASK
2018-12-17 09:45:39,CSCO,45.27,37,BID
2018-12-17 09:45:46,CSCO,45.28,44,ASK
2018-12-17 09:45:46,CSCO,45.27,11,BID
2018-12-17 09:45:46,CSCO,45.28,28,ASK
2018-12-17 09:45:48,CSCO,45.27,30,BID
2018-12-17 09:45:48,CSCO,45.28,12,ASK
2018-12-17 09:45:49,CSCO,45.26,39,BID
2018-12-17 09:45:49,CSCO,45.27,12,ASK
2018-12-17 09:45:49,CSCO,45.27,26,BID
2018-12-17 09:45:48,CSCO,45.28,36,ASK
2018-12-17 09:45:49,CSCO,45.26,46,BID
2018-12-17 09:45:51,CSCO,45.27,2,ASK
2018-12-17 09:45:49,CSCO,45.26,50,BID
2018-12-17 09:45:52,CSCO,45.27,4,ASK
2018-12-17 09:45:49,CSCO,45.26,50,BID
2018-12-17 09:45:53,CSCO,45.27,9,ASK
2018-12-17 09:45:54,CSCO,45.25,18,BID
2018-12-17 09:45:54,CSCO,45.26,24,ASK
2018-12-17 09:45:55,CSCO,45.24,7,BID
2018-12-17 09:45:55,CSCO,45.25,44,ASK
2018-12-17 09:45:55,CSCO,45.24,14,BID
2018-12-17 09:45:56,CSCO,45.25,29,ASK
2018-12-17 09:45:56,CSCO,45.25,28,BID
2018-12-17 09:45:57,CSCO,45.26,36,ASK
2018-12-17 09:45:58,CSCO,45.26,11,BID
2018-12-17 09:45:58,CSCO,45.27,13,ASK
2018-12-17 09:45:58,CSCO,45.26,24,BID
2018-12-17 09:45:58,CSCO,45.27,11,ASK
2018-12-17 09:46:00,CSCO,45.26,32,BID
2018-12-17 09:45:58,CSCO,45.27,10,ASK
2018-12-17 09:46:01,CSCO,45.27,30,BID
2018-12-17 09:46:00,CSCO,45.28,17,ASK
2018-12-17 09:46:02,CSCO,45.27,31,BID
2018-12-17 09:46:00,CSCO,45.28,19,ASK
2018-12-17 09:46:03,CSCO,45.27,25,BID
2018-12-17 09:46:03,CSCO,45.28,45,ASK
2018-12-17 09:46:04,CSCO,45.27,42,BID
2018-12-17 09:46:04,CSCO,45.28,29,ASK
2018-12-17 09:46:04,CSCO,45.27,42,BID
2018-12-17 09:46:04,CSCO,45.28,45,ASK
2018-12-17 09:46:04,CSCO,45.27,42,BID
2018-12-17 09:46:04,CSCO,45.28,45,ASK
2018-12-17 09:46:04,CSCO,45.27,41,BID
2018-12-17 09:46:04,CSCO,45.28,46,ASK
2018-12-17 09:46:04,CSCO,45.27,26,BID
2018-12-17 09:46:04,CSCO,45.28,39,ASK
2018-12-17 09:46:08,CSCO,45.27,27,BID
2018-12-17 09:46:04,CSCO,45.28,39,ASK
2018-12-17 09:46:08,CSCO,45.27,29,BID
2018-12-17 09:46:04,CSCO,45.28,45,ASK
2018-12-17 09:46:08,CSCO,45.27,26,BID
2018-12-17 09:46:04,CSCO,45.28,48,ASK
2018-12-17 09:46:08,CSCO,45.27,27,BID
2018-12-17 09:46:04,CSCO,45.28,46,ASK
2018-12-17 09:46:13,CSCO,45.27,26,BID
2018-12-17 09:46:13,CSCO,45.28,48,ASK
2018-12-17 09:46:13,CSCO,45.27,36,BID
2018-12-17 09:46:14,CSCO,45.28,47,ASK
2018-12-17 09:46:14,CSCO,45.28,39,BID
2018-12-17 09:46:15,CSCO,45.29,55,ASK
2018-12-17 09:46:14,CSCO,45.27,49,BID
2018-12-17 09:46:16,CSCO,45.28,24,ASK
2018-12-17 09:46:14,CSCO,45.27,40,BID
2018-12-17 09:46:16,CSCO,45.28,27,ASK
2018-12-17 09:46:14,CSCO,45.27,40,BID
2018-12-17 09:46:16,CSCO,45.28,21,ASK
2018-12-17 09:46:19,CSCO,45.28,16,BID
2018-12-17 09:46:19,CSCO,45.29,50,ASK
2018-12-17 09:46:20,CSCO,45.27,32,BID
2018-12-17 09:46:20,CSCO,45.28,39,ASK
2018-12-17 09:46:20,CSCO,45.27,33,BID
2018-12-17 09:46:21,CSCO,45.28,46,ASK
2018-12-17 09:46:20,CSCO,45.27,41,BID
2018-12-17 09:46:21,CSCO,45.28,46,ASK
2018-12-17 09:46:20,CSCO,45.27,41,BID
2018-12-17 09:46:23,CSCO,45.28,19,ASK
2018-12-17 09:46:20,CSCO,45.27,47,BID
2018-12-17 09:46:24,CSCO,45.28,15,ASK
2018-12-17 09:46:20,CSCO,45.27,41,BID
2018-12-17 09:46:24,CSCO,45.28,50,ASK
2018-12-17 09:46:20,CSCO,45.27,41,BID
2018-12-17 09:46:24,CSCO,45.28,50,ASK
2018-12-17 09:46:27,CSCO,45.26,14,BID
2018-12-17 09:46:27,CSCO,45.27,22,ASK
2018-12-17 09:45:56,CSCO,45.25,43,BID
2018-12-17 09:46:28,CSCO,45.26,18,ASK
2018-12-17 09:46:29,CSCO,45.25,41,BID
2018-12-17 09:46:29,CSCO,45.26,18,ASK
2018-12-17 09:46:30,CSCO,45.25,39,BID
2018-12-17 09:46:30,CSCO,45.26,22,ASK
2018-12-17 09:45:19,CSCO,45.23,38,BID
2018-12-17 09:46:31,CSCO,45.24,23,ASK
2018-12-17 09:46:31,CSCO,45.24,67,BID
2018-12-17 09:46:31,CSCO,45.25,24,ASK
2018-12-17 09:46:32,CSCO,45.26,9,BID
2018-12-17 09:46:32,CSCO,45.27,17,ASK
2018-12-17 09:46:32,CSCO,45.27,14,BID
2018-12-17 09:46:24,CSCO,45.28,43,ASK
2018-12-17 09:46:32,CSCO,45.27,13,BID
2018-12-17 09:46:24,CSCO,45.28,41,ASK
2018-12-17 09:46:34,CSCO,45.27,7,BID
2018-12-17 09:46:24,CSCO,45.28,42,ASK
2018-12-17 09:46:36,CSCO,45.27,14,BID
2018-12-17 09:46:24,CSCO,45.28,40,ASK
2018-12-17 09:46:37,CSCO,45.28,36,BID
2018-12-17 09:46:37,CSCO,45.29,57,ASK
2018-12-17 09:46:37,CSCO,45.28,36,BID
2018-12-17 09:46:39,CSCO,45.29,56,ASK
2018-12-17 09:46:37,CSCO,45.28,36,BID
2018-12-17 09:46:39,CSCO,45.29,50,ASK
2018-12-17 09:46:41,CSCO,45.28,21,BID
2018-12-17 09:46:39,CSCO,45.29,57,ASK
2018-12-17 09:46:42,CSCO,45.28,20,BID
2018-12-17 09:46:39,CSCO,45.29,57,ASK
2018-12-17 09:46:43,CSCO,45.28,18,BID
2018-12-17 09:46:39,CSCO,45.29,61,ASK
2018-12-17 09:46:44,CSCO,45.27,20,BID
2018-12-17 09:46:44,CSCO,45.28,27,ASK
2018-12-17 09:46:45,CSCO,45.27,22,BID
2018-12-17 09:46:45,CSCO,45.28,27,ASK
2018-12-17 09:46:46,CSCO,45.27,30,BID
2018-12-17 09:46:45,CSCO,45.28,32,ASK
2018-12-17 09:46:46,CSCO,45.27,28,BID
2018-12-17 09:46:45,CSCO,45.28,39,ASK
2018-12-17 09:46:48,CSCO,45.25,65,BID
2018-12-17 09:46:48,CSCO,45.26,2,ASK
2018-12-17 09:46:48,CSCO,45.26,17,BID
2018-12-17 09:46:49,CSCO,45.27,35,ASK
2018-12-17 09:46:50,CSCO,45.25,50,BID
2018-12-17 09:46:50,CSCO,45.26,52,ASK
2018-12-17 09:46:51,CSCO,45.25,49,BID
2018-12-17 09:46:51,CSCO,45.26,60,ASK
2018-12-17 09:46:51,CSCO,45.25,49,BID
2018-12-17 09:46:51,CSCO,45.26,60,ASK
2018-12-17 09:46:31,CSCO,45.24,97,BID
2018-12-17 09:46:53,CSCO,45.25,38,ASK
2018-12-17 09:46:31,CSCO,45.24,56,BID
2018-12-17 09:46:53,CSCO,45.25,34,ASK
2018-12-17 09:46:31,CSCO,45.24,53,BID
2018-12-17 09:46:53,CSCO,45.25,41,ASK
2018-12-17 09:46:31,CSCO,45.24,53,BID
2018-12-17 09:46:53,CSCO,45.25,44,ASK
2018-12-17 09:46:31,CSCO,45.24,53,BID
2018-12-17 09:46:53,CSCO,45.25,43,ASK
2018-12-17 09:46:31,CSCO,45.24,53,BID
2018-12-17 09:46:53,CSCO,45.25,43,ASK
2018-12-17 09:46:31,CSCO,45.24,53,BID
2018-12-17 09:46:53,CSCO,45.25,43,ASK
2018-12-17 09:46:31,CSCO,45.24,51,BID
2018-12-17 09:46:53,CSCO,45.25,38,ASK
2018-12-17 09:46:31,CSCO,45.24,51,BID
2018-12-17 09:46:53,CSCO,45.25,38,ASK
2018-12-17 09:46:31,CSCO,45.24,33,BID
2018-12-17 09:46:53,CSCO,45.25,66,ASK
2018-12-17 09:47:03,CSCO,45.24,43,BID
2018-12-17 09:46:53,CSCO,45.25,50,ASK
2018-12-17 09:47:03,CSCO,45.24,38,BID
2018-12-17 09:47:03,CSCO,45.25,29,ASK
2018-12-17 09:47:03,CSCO,45.24,29,BID
2018-12-17 09:47:03,CSCO,45.25,33,ASK
2018-12-17 09:47:05,CSCO,45.24,27,BID
2018-12-17 09:47:06,CSCO,45.25,42,ASK
2018-12-17 09:47:07,CSCO,45.24,40,BID
2018-12-17 09:47:07,CSCO,45.25,42,ASK
2018-12-17 09:47:08,CSCO,45.24,47,BID
2018-12-17 09:47:08,CSCO,45.25,38,ASK
2018-12-17 09:47:09,CSCO,45.23,29,BID
2018-12-17 09:47:09,CSCO,45.24,58,ASK
2018-12-17 09:45:19,CSCO,45.22,62,BID
2018-12-17 09:47:10,CSCO,45.23,40,ASK
2018-12-17 09:47:11,CSCO,45.22,60,BID
2018-12-17 09:47:11,CSCO,45.23,37,ASK
2018-12-17 09:47:12,CSCO,45.21,44,BID
2018-12-17 09:47:12,CSCO,45.22,17,ASK
2018-12-17 09:47:13,CSCO,45.22,62,BID
2018-12-17 09:47:13,CSCO,45.23,32,ASK
2018-12-17 09:47:14,CSCO,45.23,12,BID
2018-12-17 09:47:09,CSCO,45.24,63,ASK
2018-12-17 09:47:13,CSCO,45.22,73,BID
2018-12-17 09:47:15,CSCO,45.23,37,ASK
2018-12-17 09:47:13,CSCO,45.22,72,BID
2018-12-17 09:47:15,CSCO,45.23,52,ASK
2018-12-17 09:47:13,CSCO,45.22,62,BID
2018-12-17 09:47:15,CSCO,45.23,53,ASK
2018-12-17 09:47:18,CSCO,45.22,16,BID
2018-12-17 09:47:15,CSCO,45.23,54,ASK
2018-12-17 09:47:19,CSCO,45.22,3,BID
2018-12-17 09:47:15,CSCO,45.23,61,ASK
2018-12-17 09:47:20,CSCO,45.21,44,BID
2018-12-17 09:47:19,CSCO,45.22,62,ASK
2018-12-17 09:47:20,CSCO,45.21,46,BID
2018-12-17 09:47:19,CSCO,45.22,60,ASK
2018-12-17 09:47:20,CSCO,45.21,54,BID
2018-12-17 09:47:19,CSCO,45.22,58,ASK
2018-12-17 09:47:22,CSCO,45.21,50,BID
2018-12-17 09:47:19,CSCO,45.22,58,ASK
2018-12-17 09:47:22,CSCO,45.21,55,BID
2018-12-17 09:47:19,CSCO,45.22,58,ASK
2018-12-17 09:47:22,CSCO,45.21,51,BID
2018-12-17 09:47:19,CSCO,45.22,58,ASK
2018-12-17 09:47:22,CSCO,45.21,50,BID
2018-12-17 09:47:19,CSCO,45.22,59,ASK
2018-12-17 09:47:22,CSCO,45.21,51,BID
2018-12-17 09:47:19,CSCO,45.22,60,ASK
2018-12-17 09:47:28,CSCO,45.2,11,BID
2018-12-17 09:47:28,CSCO,45.21,32,ASK
2018-12-17 09:47:29,CSCO,45.2,11,BID
2018-12-17 09:47:28,CSCO,45.21,27,ASK
2018-12-17 09:47:30,CSCO,45.2,11,BID
2018-12-17 09:47:28,CSCO,45.21,28,ASK
2018-12-17 09:47:31,CSCO,45.18,19,BID
2018-12-17 09:47:31,CSCO,45.19,39,ASK
2018-12-17 09:47:32,CSCO,45.18,21,BID
2018-12-17 09:47:31,CSCO,45.19,45,ASK
2018-12-17 09:47:32,CSCO,45.19,36,BID
2018-12-17 09:47:33,CSCO,45.2,28,ASK
2018-12-17 09:47:34,CSCO,45.2,36,BID
2018-12-17 09:47:28,CSCO,45.21,28,ASK
2018-12-17 09:47:34,CSCO,45.2,16,BID
2018-12-17 09:47:34,CSCO,45.21,27,ASK
2018-12-17 09:47:36,CSCO,45.2,16,BID
2018-12-17 09:47:34,CSCO,45.21,28,ASK
2018-12-17 09:47:32,CSCO,45.19,47,BID
2018-12-17 09:47:37,CSCO,45.2,30,ASK
2018-12-17 09:47:32,CSCO,45.19,46,BID
2018-12-17 09:47:37,CSCO,45.2,29,ASK
2018-12-17 09:47:32,CSCO,45.19,46,BID
2018-12-17 09:47:37,CSCO,45.2,30,ASK
2018-12-17 09:47:32,CSCO,45.18,20,BID
2018-12-17 09:47:40,CSCO,45.19,39,ASK
2018-12-17 09:47:41,CSCO,45.18,16,BID
2018-12-17 09:47:41,CSCO,45.19,21,ASK
2018-12-17 09:47:42,CSCO,45.18,18,BID
2018-12-17 09:47:42,CSCO,45.19,33,ASK
2018-12-17 09:47:43,CSCO,45.17,12,BID
2018-12-17 09:47:43,CSCO,45.18,69,ASK
2018-12-17 09:47:44,CSCO,45.16,28,BID
2018-12-17 09:47:44,CSCO,45.17,18,ASK
2018-12-17 09:47:44,CSCO,45.16,27,BID
2018-12-17 09:47:45,CSCO,45.17,20,ASK
2018-12-17 09:47:44,CSCO,45.16,32,BID
2018-12-17 09:47:45,CSCO,45.17,21,ASK
2018-12-17 09:47:44,CSCO,45.16,31,BID
2018-12-17 09:47:45,CSCO,45.17,21,ASK
2018-12-17 09:47:44,CSCO,45.16,31,BID
2018-12-17 09:47:48,CSCO,45.17,26,ASK
2018-12-17 09:47:49,CSCO,45.17,17,BID
2018-12-17 09:47:43,CSCO,45.18,71,ASK
2018-12-17 09:47:50,CSCO,45.17,21,BID
2018-12-17 09:47:43,CSCO,45.18,73,ASK
2018-12-17 09:47:44,CSCO,45.16,28,BID
2018-12-17 09:47:51,CSCO,45.17,8,ASK
2018-12-17 09:47:53,CSCO,45.17,26,BID
2018-12-17 09:47:43,CSCO,45.18,74,ASK
2018-12-17 09:47:44,CSCO,45.16,31,BID
2018-12-17 09:47:53,CSCO,45.17,14,ASK
2018-12-17 09:47:44,CSCO,45.16,25,BID
2018-12-17 09:47:53,CSCO,45.17,19,ASK
2018-12-17 09:47:44,CSCO,45.16,27,BID
2018-12-17 09:47:55,CSCO,45.17,19,ASK
2018-12-17 09:47:56,CSCO,45.17,5,BID
2018-12-17 09:47:43,CSCO,45.18,69,ASK
2018-12-17 09:47:57,CSCO,45.17,28,BID
2018-12-17 09:47:57,CSCO,45.18,54,ASK
2018-12-17 09:47:58,CSCO,45.17,33,BID
2018-12-17 09:47:57,CSCO,45.18,55,ASK
2018-12-17 09:47:58,CSCO,45.18,28,BID
2018-12-17 09:47:59,CSCO,45.19,44,ASK
2018-12-17 09:48:00,CSCO,45.17,11,BID
2018-12-17 09:48:00,CSCO,45.18,28,ASK
2018-12-17 09:48:01,CSCO,45.16,29,BID
2018-12-17 09:48:01,CSCO,45.17,32,ASK
2018-12-17 09:48:01,CSCO,45.16,34,BID
2018-12-17 09:48:01,CSCO,45.17,32,ASK
2018-12-17 09:48:01,CSCO,45.16,34,BID
2018-12-17 09:48:01,CSCO,45.17,32,ASK
2018-12-17 09:48:01,CSCO,45.16,34,BID
2018-12-17 09:48:01,CSCO,45.17,40,ASK
2018-12-17 09:48:01,CSCO,45.16,37,BID
2018-12-17 09:48:01,CSCO,45.17,38,ASK
2018-12-17 09:48:07,CSCO,45.17,12,BID
2018-12-17 09:48:07,CSCO,45.18,14,ASK
2018-12-17 09:48:07,CSCO,45.17,20,BID
2018-12-17 09:48:08,CSCO,45.18,23,ASK
2018-12-17 09:48:07,CSCO,45.17,20,BID
2018-12-17 09:48:08,CSCO,45.18,21,ASK
2018-12-17 09:48:09,CSCO,45.17,15,BID
2018-12-17 09:48:09,CSCO,45.18,24,ASK
2018-12-17 09:48:09,CSCO,45.17,35,BID
2018-12-17 09:48:11,CSCO,45.18,21,ASK
2018-12-17 09:48:09,CSCO,45.17,31,BID
2018-12-17 09:48:11,CSCO,45.18,32,ASK
2018-12-17 09:48:09,CSCO,45.17,36,BID
2018-12-17 09:48:12,CSCO,45.18,30,ASK
2018-12-17 09:48:13,CSCO,45.17,30,BID
2018-12-17 09:48:11,CSCO,45.18,31,ASK
2018-12-17 09:48:14,CSCO,45.17,32,BID
2018-12-17 09:48:11,CSCO,45.18,30,ASK
2018-12-17 09:48:15,CSCO,45.16,34,BID
2018-12-17 09:48:15,CSCO,45.17,40,ASK
2018-12-17 09:48:17,CSCO,45.15,15,BID
2018-12-17 09:48:16,CSCO,45.16,38,ASK
2018-12-17 09:48:17,CSCO,45.15,22,BID
2018-12-17 09:48:16,CSCO,45.16,37,ASK
2018-12-17 09:48:19,CSCO,45.14,25,BID
2018-12-17 09:48:18,CSCO,45.15,37,ASK
2018-12-17 09:48:20,CSCO,45.12,51,BID
2018-12-17 09:48:20,CSCO,45.13,3,ASK
2018-12-17 09:48:20,CSCO,45.12,50,BID
2018-12-17 09:48:20,CSCO,45.13,20,ASK
2018-12-17 09:48:21,CSCO,45.12,50,BID
2018-12-17 09:48:20,CSCO,45.13,20,ASK
2018-12-17 09:48:22,CSCO,45.13,47,BID
2018-12-17 09:48:22,CSCO,45.14,28,ASK
2018-12-17 09:48:22,CSCO,45.12,101,BID
2018-12-17 09:48:23,CSCO,45.13,26,ASK
2018-12-17 09:48:22,CSCO,45.12,101,BID
2018-12-17 09:48:23,CSCO,45.13,20,ASK
2018-12-17 09:48:22,CSCO,45.12,101,BID
2018-12-17 09:48:23,CSCO,45.13,21,ASK
2018-12-17 09:48:22,CSCO,45.12,101,BID
2018-12-17 09:48:23,CSCO,45.13,23,ASK
2018-12-17 09:48:22,CSCO,45.12,101,BID
2018-12-17 09:48:23,CSCO,45.13,23,ASK
2018-12-17 09:48:22,CSCO,45.12,90,BID
2018-12-17 09:48:28,CSCO,45.13,43,ASK
2018-12-17 09:48:22,CSCO,45.12,90,BID
2018-12-17 09:48:28,CSCO,45.13,54,ASK
2018-12-17 09:48:31,CSCO,45.1,22,BID
2018-12-17 09:48:31,CSCO,45.11,28,ASK
2018-12-17 09:48:32,CSCO,45.08,10,BID
2018-12-17 09:48:32,CSCO,45.09,10,ASK
2018-12-17 09:48:33,CSCO,45.1,12,BID
2018-12-17 09:48:33,CSCO,45.11,25,ASK
2018-12-17 09:48:33,CSCO,45.1,4,BID
2018-12-17 09:48:33,CSCO,45.11,27,ASK
2018-12-17 09:48:34,CSCO,45.1,14,BID
2018-12-17 09:48:34,CSCO,45.11,23,ASK
2018-12-17 09:48:35,CSCO,45.09,15,BID
2018-12-17 09:48:35,CSCO,45.1,30,ASK
2018-12-17 09:48:37,CSCO,45.09,13,BID
2018-12-17 09:48:35,CSCO,45.1,34,ASK
2018-12-17 09:48:38,CSCO,45.09,11,BID
2018-12-17 09:48:35,CSCO,45.1,36,ASK
2018-12-17 09:48:38,CSCO,45.09,42,BID
2018-12-17 09:48:39,CSCO,45.1,13,ASK
2018-12-17 09:48:38,CSCO,45.09,33,BID
2018-12-17 09:48:40,CSCO,45.1,27,ASK
2018-12-17 09:48:38,CSCO,45.09,41,BID
2018-12-17 09:48:41,CSCO,45.1,30,ASK
2018-12-17 09:48:38,CSCO,45.09,41,BID
2018-12-17 09:48:41,CSCO,45.1,30,ASK
2018-12-17 09:48:38,CSCO,45.09,46,BID
2018-12-17 09:48:43,CSCO,45.1,30,ASK
2018-12-17 09:48:43,CSCO,45.1,41,BID
2018-12-17 09:48:44,CSCO,45.11,23,ASK
2018-12-17 09:48:44,CSCO,45.11,35,BID
2018-12-17 09:48:30,CSCO,45.12,67,ASK
2018-12-17 09:48:44,CSCO,45.1,41,BID
2018-12-17 09:48:45,CSCO,45.11,12,ASK
2018-12-17 09:48:38,CSCO,45.09,47,BID
2018-12-17 09:48:46,CSCO,45.1,16,ASK
2018-12-17 09:48:38,CSCO,45.09,43,BID
2018-12-17 09:48:46,CSCO,45.1,28,ASK
2018-12-17 09:48:38,CSCO,45.09,44,BID
2018-12-17 09:48:46,CSCO,45.1,24,ASK
2018-12-17 09:48:38,CSCO,45.09,44,BID
2018-12-17 09:48:46,CSCO,45.1,23,ASK
2018-12-17 09:48:38,CSCO,45.09,44,BID
2018-12-17 09:48:46,CSCO,45.1,24,ASK
2018-12-17 09:48:38,CSCO,45.09,44,BID
2018-12-17 09:48:46,CSCO,45.1,22,ASK
2018-12-17 09:48:52,CSCO,45.1,70,BID
2018-12-17 09:48:53,CSCO,45.11,33,ASK
2018-12-17 09:48:38,CSCO,45.09,48,BID
2018-12-17 09:48:53,CSCO,45.1,12,ASK
2018-12-17 09:48:38,CSCO,45.09,48,BID
2018-12-17 09:48:54,CSCO,45.1,20,ASK
2018-12-17 09:48:38,CSCO,45.09,54,BID
2018-12-17 09:48:54,CSCO,45.1,25,ASK
2018-12-17 09:48:56,CSCO,45.1,14,BID
2018-12-17 09:48:56,CSCO,45.11,25,ASK
2018-12-17 09:48:57,CSCO,45.1,9,BID
2018-12-17 09:48:57,CSCO,45.11,43,ASK
2018-12-17 09:48:58,CSCO,45.1,11,BID
2018-12-17 09:48:57,CSCO,45.11,38,ASK
2018-12-17 09:48:58,CSCO,45.1,11,BID
2018-12-17 09:48:57,CSCO,45.11,38,ASK
2018-12-17 09:49:00,CSCO,45.1,16,BID
2018-12-17 09:48:57,CSCO,45.11,32,ASK
2018-12-17 09:49:01,CSCO,45.12,20,BID
2018-12-17 09:48:28,CSCO,45.13,47,ASK
2018-12-17 09:49:02,CSCO,45.13,37,BID
2018-12-17 09:49:02,CSCO,45.14,21,ASK
2018-12-17 09:49:02,CSCO,45.13,15,BID
2018-12-17 09:49:02,CSCO,45.14,28,ASK
2018-12-17 09:49:03,CSCO,45.14,7,BID
2018-12-17 09:48:18,CSCO,45.15,39,ASK
2018-12-17 09:49:04,CSCO,45.14,66,BID
2018-12-17 09:48:16,CSCO,45.16,51,ASK
2018-12-17 09:49:04,CSCO,45.15,18,BID
2018-12-17 09:48:16,CSCO,45.16,45,ASK
2018-12-17 09:49:06,CSCO,45.16,9,BID
2018-12-17 09:49:06,CSCO,45.17,33,ASK
2018-12-17 09:49:07,CSCO,45.16,16,BID
2018-12-17 09:49:07,CSCO,45.17,39,ASK
2018-12-17 09:49:08,CSCO,45.15,39,BID
2018-12-17 09:49:07,CSCO,45.16,20,ASK
2018-12-17 09:49:08,CSCO,45.15,33,BID
2018-12-17 09:49:07,CSCO,45.16,20,ASK
2018-12-17 09:49:04,CSCO,45.14,53,BID
2018-12-17 09:49:10,CSCO,45.15,10,ASK
2018-12-17 09:49:03,CSCO,45.14,35,BID
2018-12-17 09:49:11,CSCO,45.15,41,ASK
2018-12-17 09:49:03,CSCO,45.13,31,BID
2018-12-17 09:49:12,CSCO,45.14,45,ASK
2018-12-17 09:49:14,CSCO,45.13,18,BID
2018-12-17 09:49:13,CSCO,45.14,30,ASK
2018-12-17 09:49:15,CSCO,45.13,17,BID
2018-12-17 09:49:15,CSCO,45.14,53,ASK
2018-12-17 09:49:16,CSCO,45.12,33,BID
2018-12-17 09:49:16,CSCO,45.13,35,ASK
2018-12-17 09:49:18,CSCO,45.12,30,BID
2018-12-17 09:49:17,CSCO,45.13,31,ASK
2018-12-17 09:49:18,CSCO,45.12,30,BID
2018-12-17 09:49:17,CSCO,45.13,31,ASK
2018-12-17 09:49:19,CSCO,45.12,13,BID
2018-12-17 09:49:17,CSCO,45.13,51,ASK
2018-12-17 09:49:20,CSCO,45.11,76,BID
2018-12-17 09:49:20,CSCO,45.12,39,ASK
2018-12-17 09:49:20,CSCO,45.12,38,BID
2018-12-17 09:49:17,CSCO,45.13,71,ASK
2018-12-17 09:49:00,CSCO,45.1,25,BID
2018-12-17 09:49:21,CSCO,45.11,8,ASK
2018-12-17 09:49:00,CSCO,45.1,14,BID
2018-12-17 09:49:21,CSCO,45.11,38,ASK
2018-12-17 09:48:40,CSCO,45.09,63,BID
2018-12-17 09:49:22,CSCO,45.1,34,ASK
2018-12-17 09:49:23,CSCO,45.1,19,BID
2018-12-17 09:49:21,CSCO,45.11,33,ASK
2018-12-17 09:49:23,CSCO,45.11,31,BID
2018-12-17 09:49:20,CSCO,45.12,44,ASK
2018-12-17 09:49:23,CSCO,45.1,27,BID
2018-12-17 09:49:25,CSCO,45.11,52,ASK
2018-12-17 09:49:23,CSCO,45.1,28,BID
2018-12-17 09:49:25,CSCO,45.11,49,ASK
2018-12-17 09:49:26,CSCO,45.11,9,BID
2018-12-17 09:49:26,CSCO,45.11,19,ASK
2018-12-17 09:49:26,CSCO,45.12,79,BID
2018-12-17 09:49:27,CSCO,45.13,8,ASK
2018-12-17 09:49:27,CSCO,45.14,20,BID
2018-12-17 09:49:27,CSCO,45.14,3,ASK
2018-12-17 09:49:27,CSCO,45.13,28,BID
2018-12-17 09:49:27,CSCO,45.14,20,ASK
2018-12-17 09:49:28,CSCO,45.12,12,BID
2018-12-17 09:49:28,CSCO,45.13,40,ASK
2018-12-17 09:49:28,CSCO,45.11,26,BID
2018-12-17 09:49:28,CSCO,45.12,65,ASK
2018-12-17 09:49:28,CSCO,45.11,15,BID
2018-12-17 09:49:28,CSCO,45.12,53,ASK
2018-12-17 09:49:28,CSCO,45.11,15,BID
2018-12-17 09:49:28,CSCO,45.12,53,ASK
2018-12-17 09:49:28,CSCO,45.11,16,BID
2018-12-17 09:49:28,CSCO,45.12,52,ASK
2018-12-17 09:49:28,CSCO,45.11,18,BID
2018-12-17 09:49:28,CSCO,45.12,55,ASK
2018-12-17 09:49:28,CSCO,45.11,19,BID
2018-12-17 09:49:28,CSCO,45.12,62,ASK
2018-12-17 09:49:28,CSCO,45.11,17,BID
2018-12-17 09:49:28,CSCO,45.12,60,ASK
2018-12-17 09:49:23,CSCO,45.1,24,BID
2018-12-17 09:49:34,CSCO,45.11,45,ASK
2018-12-17 09:49:35,CSCO,45.11,32,BID
2018-12-17 09:49:28,CSCO,45.12,60,ASK
2018-12-17 09:49:35,CSCO,45.11,30,BID
2018-12-17 09:49:28,CSCO,45.12,60,ASK
2018-12-17 09:49:23,CSCO,45.1,24,BID
2018-12-17 09:49:39,CSCO,45.11,22,ASK
2018-12-17 09:49:41,CSCO,45.11,38,BID
2018-12-17 09:49:28,CSCO,45.12,36,ASK
2018-12-17 09:49:41,CSCO,45.11,33,BID
2018-12-17 09:49:28,CSCO,45.12,45,ASK
2018-12-17 09:49:45,CSCO,45.11,30,BID
2018-12-17 09:49:45,CSCO,45.12,24,ASK
2018-12-17 09:49:45,CSCO,45.11,30,BID
2018-12-17 09:49:45,CSCO,45.12,25,ASK
2018-12-17 09:49:45,CSCO,45.11,37,BID
2018-12-17 09:49:45,CSCO,45.12,29,ASK
2018-12-17 09:49:45,CSCO,45.11,32,BID
2018-12-17 09:49:45,CSCO,45.12,30,ASK
2018-12-17 09:49:45,CSCO,45.11,43,BID
2018-12-17 09:49:45,CSCO,45.12,30,ASK
2018-12-17 09:49:45,CSCO,45.11,39,BID
2018-12-17 09:49:45,CSCO,45.12,21,ASK
2018-12-17 09:49:54,CSCO,45.14,33,BID
2018-12-17 09:49:53,CSCO,45.14,7,ASK
2018-12-17 09:49:55,CSCO,45.15,22,BID
2018-12-17 09:49:55,CSCO,45.15,17,ASK
2018-12-17 09:49:56,CSCO,45.16,13,BID
2018-12-17 09:49:07,CSCO,45.17,43,ASK
2018-12-17 09:49:55,CSCO,45.15,24,BID
2018-12-17 09:49:56,CSCO,45.16,27,ASK
2018-12-17 09:49:58,CSCO,45.15,30,BID
2018-12-17 09:49:56,CSCO,45.16,34,ASK
2018-12-17 09:49:54,CSCO,45.14,44,BID
2018-12-17 09:49:59,CSCO,45.15,22,ASK
2018-12-17 09:49:54,CSCO,45.14,35,BID
2018-12-17 09:50:00,CSCO,45.15,27,ASK
2018-12-17 09:50:00,CSCO,45.13,41,BID
2018-12-17 09:50:00,CSCO,45.14,33,ASK
2018-12-17 09:50:00,CSCO,45.13,46,BID
2018-12-17 09:50:02,CSCO,45.14,27,ASK
2018-12-17 09:50:00,CSCO,45.13,44,BID
2018-12-17 09:50:02,CSCO,45.14,27,ASK
2018-12-17 09:50:00,CSCO,45.13,44,BID
2018-12-17 09:50:04,CSCO,45.14,44,ASK
2018-12-17 09:49:53,CSCO,45.12,40,BID
2018-12-17 09:50:05,CSCO,45.13,44,ASK
2018-12-17 09:49:45,CSCO,45.11,37,BID
2018-12-17 09:50:06,CSCO,45.13,50,ASK
2018-12-17 09:49:45,CSCO,45.11,58,BID
2018-12-17 09:50:07,CSCO,45.12,21,ASK
2018-12-17 09:49:45,CSCO,45.11,40,BID
2018-12-17 09:50:07,CSCO,45.12,39,ASK
2018-12-17 09:49:45,CSCO,45.11,40,BID
2018-12-17 09:50:07,CSCO,45.12,42,ASK
2018-12-17 09:49:45,CSCO,45.11,40,BID
2018-12-17 09:50:07,CSCO,45.12,41,ASK
2018-12-17 09:49:45,CSCO,45.11,41,BID
2018-12-17 09:50:07,CSCO,45.12,37,ASK
2018-12-17 09:49:45,CSCO,45.11,40,BID
2018-12-17 09:50:07,CSCO,45.12,47,ASK
2018-12-17 09:50:07,CSCO,45.11,42,BID
2018-12-17 09:50:12,CSCO,45.12,36,ASK
2018-12-17 09:50:07,CSCO,45.11,63,BID
2018-12-17 09:50:14,CSCO,45.12,35,ASK
2018-12-17 09:50:07,CSCO,45.11,43,BID
2018-12-17 09:50:14,CSCO,45.12,36,ASK
2018-12-17 09:50:07,CSCO,45.11,42,BID
2018-12-17 09:50:14,CSCO,45.12,54,ASK
2018-12-17 09:50:07,CSCO,45.11,41,BID
2018-12-17 09:50:14,CSCO,45.12,66,ASK
2018-12-17 09:50:07,CSCO,45.11,47,BID
2018-12-17 09:50:14,CSCO,45.12,66,ASK
2018-12-17 09:50:19,CSCO,45.1,11,BID
2018-12-17 09:50:19,CSCO,45.11,39,ASK
2018-12-17 09:50:20,CSCO,45.09,67,BID
2018-12-17 09:50:20,CSCO,45.1,30,ASK
2018-12-17 09:50:21,CSCO,45.09,48,BID
2018-12-17 09:50:21,CSCO,45.1,31,ASK
2018-12-17 09:50:22,CSCO,45.09,9,BID
2018-12-17 09:50:22,CSCO,45.1,33,ASK
2018-12-17 09:50:23,CSCO,45.09,8,BID
2018-12-17 09:50:23,CSCO,45.1,39,ASK
2018-12-17 09:50:24,CSCO,45.08,16,BID
2018-12-17 09:50:24,CSCO,45.09,22,ASK
2018-12-17 09:50:25,CSCO,45.08,28,BID
2018-12-17 09:50:25,CSCO,45.09,27,ASK
2018-12-17 09:50:25,CSCO,45.08,28,BID
2018-12-17 09:50:25,CSCO,45.09,27,ASK
2018-12-17 09:50:27,CSCO,45.08,28,BID
2018-12-17 09:50:27,CSCO,45.09,30,ASK
2018-12-17 09:50:28,CSCO,45.08,25,BID
2018-12-17 09:50:28,CSCO,45.09,32,ASK
2018-12-17 09:50:29,CSCO,45.08,21,BID
2018-12-17 09:50:29,CSCO,45.09,34,ASK
2018-12-17 09:50:30,CSCO,45.08,61,BID
2018-12-17 09:50:30,CSCO,45.09,30,ASK
2018-12-17 09:50:31,CSCO,45.06,26,BID
2018-12-17 09:50:31,CSCO,45.07,15,ASK
2018-12-17 09:50:32,CSCO,45.06,14,BID
2018-12-17 09:50:32,CSCO,45.07,20,ASK
2018-12-17 09:50:33,CSCO,45.06,22,BID
2018-12-17 09:50:32,CSCO,45.07,19,ASK
2018-12-17 09:50:34,CSCO,45.06,22,BID
2018-12-17 09:50:33,CSCO,45.07,53,ASK
2018-12-17 09:50:34,CSCO,45.06,22,BID
2018-12-17 09:50:33,CSCO,45.07,36,ASK
2018-12-17 09:50:36,CSCO,45.05,46,BID
2018-12-17 09:50:36,CSCO,45.06,13,ASK
2018-12-17 09:50:37,CSCO,45.05,31,BID
2018-12-17 09:50:37,CSCO,45.06,16,ASK
2018-12-17 09:50:38,CSCO,45.06,42,BID
2018-12-17 09:50:38,CSCO,45.07,52,ASK
2018-12-17 09:50:38,CSCO,45.06,41,BID
2018-12-17 09:50:39,CSCO,45.07,45,ASK
2018-12-17 09:50:38,CSCO,45.06,41,BID
2018-12-17 09:50:39,CSCO,45.07,46,ASK
2018-12-17 09:50:38,CSCO,45.06,43,BID
2018-12-17 09:50:39,CSCO,45.07,47,ASK
2018-12-17 09:50:42,CSCO,45.07,28,BID
2018-12-17 09:50:42,CSCO,45.08,26,ASK
2018-12-17 09:50:43,CSCO,45.07,35,BID
2018-12-17 09:50:43,CSCO,45.08,19,ASK
2018-12-17 09:50:43,CSCO,45.07,54,BID
2018-12-17 09:50:43,CSCO,45.08,32,ASK
2018-12-17 09:50:43,CSCO,45.07,54,BID
2018-12-17 09:50:43,CSCO,45.08,36,ASK
2018-12-17 09:50:46,CSCO,45.08,34,BID
2018-12-17 09:50:30,CSCO,45.09,26,ASK
2018-12-17 09:50:47,CSCO,45.08,10,BID
2018-12-17 09:50:46,CSCO,45.09,33,ASK
2018-12-17 09:50:47,CSCO,45.09,24,BID
2018-12-17 09:50:48,CSCO,45.1,30,ASK
2018-12-17 09:50:47,CSCO,45.09,10,BID
2018-12-17 09:50:48,CSCO,45.1,43,ASK
2018-12-17 09:50:47,CSCO,45.09,18,BID
2018-12-17 09:50:48,CSCO,45.1,24,ASK
2018-12-17 09:50:47,CSCO,45.09,18,BID
2018-12-17 09:50:51,CSCO,45.1,22,ASK
2018-12-17 09:50:52,CSCO,45.1,15,BID
2018-12-17 09:50:52,CSCO,45.11,24,ASK
2018-12-17 09:50:53,CSCO,45.11,17,BID
2018-12-17 09:50:14,CSCO,45.12,52,ASK
2018-12-17 09:50:54,CSCO,45.1,18,BID
2018-12-17 09:50:54,CSCO,45.11,35,ASK
2018-12-17 09:50:54,CSCO,45.1,23,BID
2018-12-17 09:50:54,CSCO,45.11,33,ASK
2018-12-17 09:50:54,CSCO,45.1,23,BID
2018-12-17 09:50:54,CSCO,45.11,33,ASK
2018-12-17 09:50:47,CSCO,45.09,13,BID
2018-12-17 09:50:55,CSCO,45.1,14,ASK
2018-12-17 09:50:58,CSCO,45.1,28,BID
2018-12-17 09:50:58,CSCO,45.11,34,ASK
2018-12-17 09:50:58,CSCO,45.1,27,BID
2018-12-17 09:50:58,CSCO,45.11,32,ASK
2018-12-17 09:50:59,CSCO,45.1,30,BID
2018-12-17 09:51:00,CSCO,45.11,46,ASK
2018-12-17 09:51:01,CSCO,45.09,32,BID
2018-12-17 09:51:01,CSCO,45.1,31,ASK
2018-12-17 09:51:01,CSCO,45.09,32,BID
2018-12-17 09:51:01,CSCO,45.1,31,ASK
2018-12-17 09:51:03,CSCO,45.09,32,BID
2018-12-17 09:51:03,CSCO,45.1,46,ASK
2018-12-17 09:51:04,CSCO,45.09,26,BID
2018-12-17 09:51:04,CSCO,45.1,64,ASK
2018-12-17 09:51:05,CSCO,45.08,21,BID
2018-12-17 09:51:05,CSCO,45.09,42,ASK
2018-12-17 09:50:43,CSCO,45.07,50,BID
2018-12-17 09:51:06,CSCO,45.08,24,ASK
2018-12-17 09:50:43,CSCO,45.07,51,BID
2018-12-17 09:51:07,CSCO,45.08,24,ASK
2018-12-17 09:50:43,CSCO,45.07,49,BID
2018-12-17 09:51:07,CSCO,45.08,27,ASK
2018-12-17 09:50:43,CSCO,45.07,49,BID
2018-12-17 09:51:07,CSCO,45.08,27,ASK
2018-12-17 09:50:38,CSCO,45.06,49,BID
2018-12-17 09:51:10,CSCO,45.07,78,ASK
2018-12-17 09:50:38,CSCO,45.06,46,BID
2018-12-17 09:51:10,CSCO,45.07,99,ASK
2018-12-17 09:51:12,CSCO,45.05,31,BID
2018-12-17 09:51:12,CSCO,45.06,38,ASK
2018-12-17 09:51:12,CSCO,45.05,15,BID
2018-12-17 09:51:13,CSCO,45.06,31,ASK
2018-12-17 09:51:14,CSCO,45.05,52,BID
2018-12-17 09:51:14,CSCO,45.06,4,ASK
2018-12-17 09:51:14,CSCO,45.06,27,BID
2018-12-17 09:51:10,CSCO,45.07,98,ASK
2018-12-17 09:51:15,CSCO,45.06,25,BID
2018-12-17 09:51:15,CSCO,45.06,15,ASK
2018-12-17 09:51:16,CSCO,45.05,29,BID
2018-12-17 09:51:16,CSCO,45.06,22,ASK
2018-12-17 09:51:17,CSCO,45.05,26,BID
2018-12-17 09:51:16,CSCO,45.06,28,ASK
2018-12-17 09:51:18,CSCO,45.05,26,BID
2018-12-17 09:51:18,CSCO,45.06,28,ASK
2018-12-17 09:51:19,CSCO,45.05,32,BID
2018-12-17 09:51:19,CSCO,45.06,28,ASK
2018-12-17 09:51:20,CSCO,45.05,35,BID
2018-12-17 09:51:20,CSCO,45.06,28,ASK
2018-12-17 09:51:22,CSCO,45.06,20,BID
2018-12-17 09:51:22,CSCO,45.06,22,ASK
2018-12-17 09:51:23,CSCO,45.05,36,BID
2018-12-17 09:51:23,CSCO,45.06,35,ASK
2018-12-17 09:51:24,CSCO,45.05,35,BID
2018-12-17 09:51:23,CSCO,45.06,36,ASK
2018-12-17 09:51:25,CSCO,45.05,41,BID
2018-12-17 09:51:23,CSCO,45.06,33,ASK
2018-12-17 09:51:26,CSCO,45.06,26,BID
2018-12-17 09:51:10,CSCO,45.07,99,ASK
2018-12-17 09:51:27,CSCO,45.06,11,BID
2018-12-17 09:51:10,CSCO,45.07,99,ASK
2018-12-17 09:51:28,CSCO,45.06,10,BID
2018-12-17 09:51:10,CSCO,45.07,99,ASK
2018-12-17 09:51:29,CSCO,45.06,6,BID
2018-12-17 09:51:10,CSCO,45.07,93,ASK
2018-12-17 09:51:30,CSCO,45.06,16,BID
2018-12-17 09:51:10,CSCO,45.07,93,ASK
2018-12-17 09:51:31,CSCO,45.07,69,BID
2018-12-17 09:51:10,CSCO,45.08,16,ASK
2018-12-17 09:51:31,CSCO,45.07,71,BID
2018-12-17 09:51:31,CSCO,45.08,21,ASK
2018-12-17 09:51:32,CSCO,45.07,49,BID
2018-12-17 09:51:32,CSCO,45.08,62,ASK
2018-12-17 09:51:33,CSCO,45.07,57,BID
2018-12-17 09:51:32,CSCO,45.08,14,ASK
2018-12-17 09:51:34,CSCO,45.07,49,BID
2018-12-17 09:51:33,CSCO,45.08,19,ASK
2018-12-17 09:51:36,CSCO,45.07,44,BID
2018-12-17 09:51:33,CSCO,45.08,37,ASK
2018-12-17 09:51:37,CSCO,45.06,20,BID
2018-12-17 09:51:37,CSCO,45.07,55,ASK
2018-12-17 09:51:38,CSCO,45.06,19,BID
2018-12-17 09:51:38,CSCO,45.07,42,ASK
2018-12-17 09:51:38,CSCO,45.06,21,BID
2018-12-17 09:51:38,CSCO,45.07,42,ASK
2018-12-17 09:51:38,CSCO,45.06,27,BID
2018-12-17 09:51:40,CSCO,45.07,42,ASK
2018-12-17 09:51:38,CSCO,45.06,27,BID
2018-12-17 09:51:40,CSCO,45.07,41,ASK
2018-12-17 09:51:38,CSCO,45.06,33,BID
2018-12-17 09:51:40,CSCO,45.07,15,ASK
2018-12-17 09:51:38,CSCO,45.06,27,BID
2018-12-17 09:51:43,CSCO,45.07,19,ASK
2018-12-17 09:51:38,CSCO,45.06,28,BID
2018-12-17 09:51:44,CSCO,45.07,22,ASK
2018-12-17 09:51:38,CSCO,45.06,27,BID
2018-12-17 09:51:45,CSCO,45.07,17,ASK
2018-12-17 09:51:38,CSCO,45.06,26,BID
2018-12-17 09:51:45,CSCO,45.07,23,ASK
2018-12-17 09:51:38,CSCO,45.06,28,BID
2018-12-17 09:51:45,CSCO,45.07,42,ASK
2018-12-17 09:51:38,CSCO,45.06,33,BID
2018-12-17 09:51:45,CSCO,45.07,35,ASK
2018-12-17 09:51:38,CSCO,45.06,32,BID
2018-12-17 09:51:45,CSCO,45.07,39,ASK
2018-12-17 09:51:38,CSCO,45.06,24,BID
2018-12-17 09:51:45,CSCO,45.07,54,ASK
2018-12-17 09:51:38,CSCO,45.06,26,BID
2018-12-17 09:51:45,CSCO,45.07,44,ASK
2018-12-17 09:51:38,CSCO,45.06,25,BID
2018-12-17 09:51:45,CSCO,45.07,44,ASK
2018-12-17 09:51:53,CSCO,45.07,3,BID
2018-12-17 09:51:33,CSCO,45.08,39,ASK
2018-12-17 09:51:55,CSCO,45.06,35,BID
2018-12-17 09:51:54,CSCO,45.07,23,ASK
2018-12-17 09:51:55,CSCO,45.06,33,BID
2018-12-17 09:51:54,CSCO,45.07,23,ASK
2018-12-17 09:51:56,CSCO,45.06,43,BID
2018-12-17 09:51:56,CSCO,45.07,27,ASK
2018-12-17 09:51:56,CSCO,45.06,51,BID
2018-12-17 09:51:56,CSCO,45.07,22,ASK
2018-12-17 09:51:56,CSCO,45.06,46,BID
2018-12-17 09:51:56,CSCO,45.07,9,ASK
2018-12-17 09:52:00,CSCO,45.06,26,BID
2018-12-17 09:51:59,CSCO,45.07,17,ASK
2018-12-17 09:52:00,CSCO,45.06,22,BID
2018-12-17 09:51:59,CSCO,45.07,18,ASK
2018-12-17 09:52:01,CSCO,45.08,12,BID
2018-12-17 09:51:31,CSCO,45.09,41,ASK
2018-12-17 09:52:00,CSCO,45.07,36,BID
2018-12-17 09:52:01,CSCO,45.08,29,ASK
2018-12-17 09:52:03,CSCO,45.08,49,BID
2018-12-17 09:52:03,CSCO,45.09,20,ASK
2018-12-17 09:52:04,CSCO,45.08,55,BID
2018-12-17 09:52:03,CSCO,45.09,27,ASK
2018-12-17 09:52:00,CSCO,45.07,35,BID
2018-12-17 09:52:06,CSCO,45.08,25,ASK
2018-12-17 09:52:06,CSCO,45.08,43,BID
2018-12-17 09:52:03,CSCO,45.09,40,ASK
2018-12-17 09:52:07,CSCO,45.09,15,BID
2018-12-17 09:51:04,CSCO,45.1,51,ASK
2018-12-17 09:52:08,CSCO,45.09,4,BID
2018-12-17 09:52:08,CSCO,45.1,47,ASK
2018-12-17 09:52:09,CSCO,45.09,4,BID
2018-12-17 09:52:08,CSCO,45.1,46,ASK
2018-12-17 09:52:10,CSCO,45.08,17,BID
2018-12-17 09:52:10,CSCO,45.09,35,ASK
2018-12-17 09:52:11,CSCO,45.08,17,BID
2018-12-17 09:52:11,CSCO,45.09,22,ASK
2018-12-17 09:52:12,CSCO,45.07,38,BID
2018-12-17 09:52:12,CSCO,45.08,6,ASK
2018-12-17 09:52:13,CSCO,45.07,37,BID
2018-12-17 09:52:13,CSCO,45.08,14,ASK
2018-12-17 09:52:14,CSCO,45.06,36,BID
2018-12-17 09:52:14,CSCO,45.07,12,ASK
2018-12-17 09:52:15,CSCO,45.06,18,BID
2018-12-17 09:52:15,CSCO,45.07,39,ASK
2018-12-17 09:52:16,CSCO,45.06,28,BID
2018-12-17 09:52:16,CSCO,45.07,30,ASK
2018-12-17 09:52:17,CSCO,45.05,27,BID
2018-12-17 09:52:17,CSCO,45.06,41,ASK
2018-12-17 09:52:18,CSCO,45.05,27,BID
2018-12-17 09:52:18,CSCO,45.06,29,ASK
2018-12-17 09:52:19,CSCO,45.05,26,BID
2018-12-17 09:52:18,CSCO,45.06,31,ASK
2018-12-17 09:52:20,CSCO,45.05,22,BID
2018-12-17 09:52:18,CSCO,45.06,21,ASK
2018-12-17 09:52:21,CSCO,45.05,22,BID
2018-12-17 09:52:18,CSCO,45.06,24,ASK
2018-12-17 09:52:22,CSCO,45.06,13,BID
2018-12-17 09:52:22,CSCO,45.07,39,ASK
2018-12-17 09:52:24,CSCO,45.06,29,BID
2018-12-17 09:52:22,CSCO,45.07,39,ASK
2018-12-17 09:52:24,CSCO,45.06,25,BID
2018-12-17 09:52:25,CSCO,45.07,40,ASK
2018-12-17 09:52:24,CSCO,45.06,24,BID
2018-12-17 09:52:25,CSCO,45.07,43,ASK
2018-12-17 09:52:24,CSCO,45.06,27,BID
2018-12-17 09:52:25,CSCO,45.07,34,ASK
2018-12-17 09:52:24,CSCO,45.06,34,BID
2018-12-17 09:52:25,CSCO,45.07,32,ASK
2018-12-17 09:52:28,CSCO,45.07,19,BID
2018-12-17 09:52:13,CSCO,45.08,30,ASK
2018-12-17 09:52:24,CSCO,45.06,39,BID
2018-12-17 09:52:30,CSCO,45.07,15,ASK
2018-12-17 09:52:24,CSCO,45.06,31,BID
2018-12-17 09:52:30,CSCO,45.07,24,ASK
2018-12-17 09:52:24,CSCO,45.06,30,BID
2018-12-17 09:52:30,CSCO,45.07,39,ASK
2018-12-17 09:52:24,CSCO,45.06,38,BID
2018-12-17 09:52:33,CSCO,45.07,30,ASK
2018-12-17 09:52:24,CSCO,45.06,28,BID
2018-12-17 09:52:33,CSCO,45.07,39,ASK
2018-12-17 09:52:24,CSCO,45.06,29,BID
2018-12-17 09:52:34,CSCO,45.07,37,ASK
2018-12-17 09:52:24,CSCO,45.06,28,BID
2018-12-17 09:52:34,CSCO,45.07,47,ASK
2018-12-17 09:52:24,CSCO,45.06,26,BID
2018-12-17 09:52:34,CSCO,45.07,45,ASK
2018-12-17 09:52:37,CSCO,45.05,37,BID
2018-12-17 09:52:37,CSCO,45.06,19,ASK
2018-12-17 09:52:37,CSCO,45.05,35,BID
2018-12-17 09:52:38,CSCO,45.06,36,ASK
2018-12-17 09:52:37,CSCO,45.05,35,BID
2018-12-17 09:52:38,CSCO,45.06,41,ASK
2018-12-17 09:52:37,CSCO,45.05,34,BID
2018-12-17 09:52:38,CSCO,45.06,47,ASK
2018-12-17 09:52:37,CSCO,45.05,35,BID
2018-12-17 09:52:38,CSCO,45.06,48,ASK
2018-12-17 09:52:42,CSCO,45.06,32,BID
2018-12-17 09:52:34,CSCO,45.07,45,ASK
2018-12-17 09:52:43,CSCO,45.06,25,BID
2018-12-17 09:52:43,CSCO,45.07,31,ASK
2018-12-17 09:52:45,CSCO,45.06,8,BID
2018-12-17 09:52:43,CSCO,45.07,40,ASK
2018-12-17 09:52:46,CSCO,45.06,3,BID
2018-12-17 09:52:43,CSCO,45.07,41,ASK
2018-12-17 09:52:37,CSCO,45.05,37,BID
2018-12-17 09:52:46,CSCO,45.06,19,ASK
2018-12-17 09:52:47,CSCO,45.06,13,BID
2018-12-17 09:52:43,CSCO,45.07,34,ASK
2018-12-17 09:52:48,CSCO,45.06,22,BID
2018-12-17 09:52:43,CSCO,45.07,34,ASK
2018-12-17 09:52:48,CSCO,45.06,22,BID
2018-12-17 09:52:43,CSCO,45.07,34,ASK
2018-12-17 09:52:48,CSCO,45.06,30,BID
2018-12-17 09:52:43,CSCO,45.07,33,ASK
2018-12-17 09:52:48,CSCO,45.06,31,BID
2018-12-17 09:52:51,CSCO,45.07,43,ASK
2018-12-17 09:52:48,CSCO,45.06,31,BID
2018-12-17 09:52:51,CSCO,45.07,43,ASK
2018-12-17 09:52:48,CSCO,45.06,31,BID
2018-12-17 09:52:54,CSCO,45.07,42,ASK
2018-12-17 09:52:48,CSCO,45.06,27,BID
2018-12-17 09:52:54,CSCO,45.07,57,ASK
2018-12-17 09:52:37,CSCO,45.05,36,BID
2018-12-17 09:52:56,CSCO,45.06,35,ASK
2018-12-17 09:52:56,CSCO,45.06,39,BID
2018-12-17 09:52:54,CSCO,45.07,46,ASK
2018-12-17 09:52:57,CSCO,45.06,23,BID
2018-12-17 09:52:54,CSCO,45.07,42,ASK
2018-12-17 09:52:37,CSCO,45.05,36,BID
2018-12-17 09:52:58,CSCO,45.06,24,ASK
2018-12-17 09:52:59,CSCO,45.05,45,BID
2018-12-17 09:53:00,CSCO,45.06,55,ASK
2018-12-17 09:52:59,CSCO,45.05,41,BID
2018-12-17 09:53:01,CSCO,45.06,55,ASK
2018-12-17 09:52:59,CSCO,45.05,51,BID
2018-12-17 09:53:01,CSCO,45.06,52,ASK
2018-12-17 09:52:59,CSCO,45.05,36,BID
2018-12-17 09:53:01,CSCO,45.06,53,ASK
2018-12-17 09:52:59,CSCO,45.05,41,BID
2018-12-17 09:53:01,CSCO,45.06,53,ASK
2018-12-17 09:52:59,CSCO,45.05,35,BID
2018-12-17 09:53:01,CSCO,45.06,53,ASK
2018-12-17 09:53:06,CSCO,45.04,33,BID
2018-12-17 09:53:05,CSCO,45.05,63,ASK
2018-12-17 09:53:07,CSCO,45.04,33,BID
2018-12-17 09:53:05,CSCO,45.05,71,ASK
2018-12-17 09:53:07,CSCO,45.04,31,BID
2018-12-17 09:53:07,CSCO,45.05,59,ASK
2018-12-17 09:53:09,CSCO,45.04,34,BID
2018-12-17 09:53:07,CSCO,45.05,72,ASK
2018-12-17 09:53:09,CSCO,45.04,35,BID
2018-12-17 09:53:07,CSCO,45.05,69,ASK
2018-12-17 09:53:11,CSCO,45.04,35,BID
2018-12-17 09:53:07,CSCO,45.05,69,ASK
2018-12-17 09:53:11,CSCO,45.04,35,BID
2018-12-17 09:53:07,CSCO,45.05,70,ASK
2018-12-17 09:53:13,CSCO,45.05,38,BID
2018-12-17 09:53:01,CSCO,45.06,53,ASK
2018-12-17 09:53:14,CSCO,45.05,30,BID
2018-12-17 09:53:01,CSCO,45.06,58,ASK
2018-12-17 09:53:14,CSCO,45.05,31,BID
2018-12-17 09:53:01,CSCO,45.06,57,ASK
2018-12-17 09:53:16,CSCO,45.05,31,BID
2018-12-17 09:53:01,CSCO,45.06,57,ASK
2018-12-17 09:53:17,CSCO,45.05,48,BID
2018-12-17 09:53:01,CSCO,45.06,51,ASK
2018-12-17 09:53:17,CSCO,45.06,36,BID
2018-12-17 09:53:17,CSCO,45.07,18,ASK
2018-12-17 09:53:18,CSCO,45.08,17,BID
2018-12-17 09:52:11,CSCO,45.09,34,ASK
2018-12-17 09:53:18,CSCO,45.08,11,BID
2018-12-17 09:53:18,CSCO,45.09,29,ASK
2018-12-17 09:53:18,CSCO,45.08,11,BID
2018-12-17 09:53:18,CSCO,45.09,29,ASK
2018-12-17 09:53:17,CSCO,45.07,41,BID
2018-12-17 09:53:19,CSCO,45.08,31,ASK
2018-12-17 09:53:21,CSCO,45.07,16,BID
2018-12-17 09:53:21,CSCO,45.08,37,ASK
2018-12-17 09:53:23,CSCO,45.06,44,BID
2018-12-17 09:53:24,CSCO,45.07,39,ASK
2018-12-17 09:53:24,CSCO,45.06,41,BID
2018-12-17 09:53:24,CSCO,45.07,27,ASK
2018-12-17 09:53:24,CSCO,45.06,38,BID
2018-12-17 09:53:24,CSCO,45.07,26,ASK
2018-12-17 09:53:27,CSCO,45.05,30,BID
2018-12-17 09:53:27,CSCO,45.06,68,ASK
2018-12-17 09:53:28,CSCO,45.05,25,BID
2018-12-17 09:53:27,CSCO,45.06,54,ASK
2018-12-17 09:53:29,CSCO,45.05,24,BID
2018-12-17 09:53:27,CSCO,45.06,59,ASK
2018-12-17 09:53:30,CSCO,45.04,12,BID
2018-12-17 09:53:29,CSCO,45.05,18,ASK
2018-12-17 09:53:30,CSCO,45.04,23,BID
2018-12-17 09:53:30,CSCO,45.05,27,ASK
2018-12-17 09:53:31,CSCO,45.03,24,BID
2018-12-17 09:53:31,CSCO,45.04,55,ASK
2018-12-17 09:53:32,CSCO,45.03,13,BID
2018-12-17 09:53:31,CSCO,45.04,64,ASK
2018-12-17 09:53:33,CSCO,45.03,12,BID
2018-12-17 09:53:31,CSCO,45.04,59,ASK
2018-12-17 09:53:34,CSCO,45.03,11,BID
2018-12-17 09:53:31,CSCO,45.04,75,ASK
2018-12-17 09:53:35,CSCO,45.02,18,BID
2018-12-17 09:53:35,CSCO,45.03,26,ASK
2018-12-17 09:53:35,CSCO,45.02,27,BID
2018-12-17 09:53:35,CSCO,45.03,38,ASK
2018-12-17 09:53:36,CSCO,45.02,23,BID
2018-12-17 09:53:35,CSCO,45.03,39,ASK
2018-12-17 09:53:36,CSCO,45.02,29,BID
2018-12-17 09:53:35,CSCO,45.03,41,ASK
2018-12-17 09:53:39,CSCO,45.01,13,BID
2018-12-17 09:53:38,CSCO,45.02,17,ASK
2018-12-17 09:53:40,CSCO,45.01,12,BID
2018-12-17 09:53:38,CSCO,45.02,33,ASK
2018-12-17 09:53:42,CSCO,45.01,13,BID
2018-12-17 09:53:38,CSCO,45.02,33,ASK
2018-12-17 09:53:43,CSCO,45.01,13,BID
2018-12-17 09:53:38,CSCO,45.02,33,ASK
2018-12-17 09:53:44,CSCO,45.01,13,BID
2018-12-17 09:53:38,CSCO,45.02,34,ASK
2018-12-17 09:53:45,CSCO,45.02,45,BID
2018-12-17 09:53:35,CSCO,45.03,33,ASK
2018-12-17 09:53:46,CSCO,45.01,11,BID
2018-12-17 09:53:46,CSCO,45.02,32,ASK
2018-12-17 09:53:47,CSCO,45.01,17,BID
2018-12-17 09:53:47,CSCO,45.02,39,ASK
2018-12-17 09:53:48,CSCO,45.01,22,BID
2018-12-17 09:53:48,CSCO,45.02,38,ASK
2018-12-17 09:53:49,CSCO,45.01,21,BID
2018-12-17 09:53:49,CSCO,45.02,38,ASK
2018-12-17 09:53:50,CSCO,45.02,58,BID
2018-12-17 09:53:45,CSCO,45.03,39,ASK
2018-12-17 09:53:51,CSCO,45.02,61,BID
2018-12-17 09:53:51,CSCO,45.03,18,ASK
2018-12-17 09:53:52,CSCO,45.02,72,BID
2018-12-17 09:53:51,CSCO,45.03,10,ASK
2018-12-17 09:53:52,CSCO,45.03,28,BID
2018-12-17 09:53:52,CSCO,45.04,40,ASK
2018-12-17 09:53:53,CSCO,45.05,27,BID
2018-12-17 09:53:53,CSCO,45.05,20,ASK
2018-12-17 09:53:54,CSCO,45.05,11,BID
2018-12-17 09:53:27,CSCO,45.06,40,ASK
2018-12-17 09:53:56,CSCO,45.05,13,BID
2018-12-17 09:53:27,CSCO,45.06,54,ASK
2018-12-17 09:53:56,CSCO,45.05,20,BID
2018-12-17 09:53:27,CSCO,45.06,51,ASK
2018-12-17 09:53:57,CSCO,45.04,20,BID
2018-12-17 09:53:57,CSCO,45.05,54,ASK
2018-12-17 09:53:52,CSCO,45.03,24,BID
2018-12-17 09:53:58,CSCO,45.04,61,ASK
2018-12-17 09:53:59,CSCO,45.03,34,BID
2018-12-17 09:53:58,CSCO,45.04,59,ASK
2018-12-17 09:53:59,CSCO,45.03,25,BID
2018-12-17 09:53:58,CSCO,45.04,86,ASK
2018-12-17 09:53:59,CSCO,45.03,28,BID
2018-12-17 09:53:58,CSCO,45.04,74,ASK
2018-12-17 09:53:59,CSCO,45.03,31,BID
2018-12-17 09:53:58,CSCO,45.04,63,ASK
2018-12-17 09:53:59,CSCO,45.03,49,BID
2018-12-17 09:54:04,CSCO,45.04,52,ASK
2018-12-17 09:53:59,CSCO,45.03,41,BID
2018-12-17 09:54:04,CSCO,45.04,49,ASK
2018-12-17 09:54:05,CSCO,45.05,11,BID
2018-12-17 09:53:27,CSCO,45.06,49,ASK
2018-12-17 09:54:06,CSCO,45.06,26,BID
2018-12-17 09:53:27,CSCO,45.07,34,ASK
2018-12-17 09:54:07,CSCO,45.06,26,BID
2018-12-17 09:54:07,CSCO,45.07,9,ASK
2018-12-17 09:54:08,CSCO,45.07,40,BID
2018-12-17 09:53:22,CSCO,45.08,37,ASK
2018-12-17 09:54:09,CSCO,45.08,12,BID
2018-12-17 09:53:18,CSCO,45.09,32,ASK
2018-12-17 09:54:09,CSCO,45.08,10,BID
2018-12-17 09:53:18,CSCO,45.09,27,ASK
2018-12-17 09:54:10,CSCO,45.08,10,BID
2018-12-17 09:54:10,CSCO,45.09,29,ASK
2018-12-17 09:54:11,CSCO,45.07,34,BID
2018-12-17 09:54:11,CSCO,45.08,15,ASK
2018-12-17 09:54:12,CSCO,45.08,29,BID
2018-12-17 09:54:13,CSCO,45.09,32,ASK
2018-12-17 09:54:12,CSCO,45.08,27,BID
2018-12-17 09:54:13,CSCO,45.09,27,ASK
2018-12-17 09:54:14,CSCO,45.09,30,BID
2018-12-17 09:54:14,CSCO,45.1,37,ASK
2018-12-17 09:54:14,CSCO,45.09,45,BID
2018-12-17 09:54:14,CSCO,45.1,45,ASK
2018-12-17 09:54:14,CSCO,45.09,37,BID
2018-12-17 09:54:14,CSCO,45.1,54,ASK
2018-12-17 09:54:14,CSCO,45.09,55,BID
2018-12-17 09:54:14,CSCO,45.1,51,ASK
2018-12-17 09:54:18,CSCO,45.1,40,BID
2018-12-17 09:51:01,CSCO,45.11,45,ASK
2018-12-17 09:54:14,CSCO,45.09,35,BID
2018-12-17 09:54:21,CSCO,45.1,33,ASK
2018-12-17 09:54:22,CSCO,45.08,31,BID
2018-12-17 09:54:21,CSCO,45.09,33,ASK
2018-12-17 09:54:12,CSCO,45.07,45,BID
2018-12-17 09:54:23,CSCO,45.08,8,ASK
2018-12-17 09:54:24,CSCO,45.07,33,BID
2018-12-17 09:54:24,CSCO,45.08,20,ASK
2018-12-17 09:54:24,CSCO,45.07,53,BID
2018-12-17 09:54:25,CSCO,45.08,5,ASK
2018-12-17 09:54:26,CSCO,45.07,31,BID
2018-12-17 09:54:26,CSCO,45.08,25,ASK
2018-12-17 09:54:27,CSCO,45.07,36,BID
2018-12-17 09:54:27,CSCO,45.08,17,ASK
2018-12-17 09:54:27,CSCO,45.07,11,BID
2018-12-17 09:54:28,CSCO,45.08,61,ASK
2018-12-17 09:54:27,CSCO,45.07,20,BID
2018-12-17 09:54:29,CSCO,45.08,65,ASK
2018-12-17 09:54:27,CSCO,45.07,21,BID
2018-12-17 09:54:30,CSCO,45.08,39,ASK
2018-12-17 09:54:27,CSCO,45.07,23,BID
2018-12-17 09:54:30,CSCO,45.08,46,ASK
2018-12-17 09:54:32,CSCO,45.06,14,BID
2018-12-17 09:54:32,CSCO,45.07,13,ASK
2018-12-17 09:54:32,CSCO,45.06,24,BID
2018-12-17 09:54:33,CSCO,45.07,27,ASK
2018-12-17 09:54:32,CSCO,45.06,18,BID
2018-12-17 09:54:33,CSCO,45.07,27,ASK
2018-12-17 09:54:32,CSCO,45.06,25,BID
2018-12-17 09:54:35,CSCO,45.07,6,ASK
2018-12-17 09:54:36,CSCO,45.07,12,BID
2018-12-17 09:54:30,CSCO,45.08,56,ASK
2018-12-17 09:54:36,CSCO,45.07,38,BID
2018-12-17 09:54:37,CSCO,45.08,45,ASK
2018-12-17 09:54:36,CSCO,45.07,38,BID
2018-12-17 09:54:37,CSCO,45.08,45,ASK
2018-12-17 09:54:39,CSCO,45.06,30,BID
2018-12-17 09:54:39,CSCO,45.07,54,ASK
2018-12-17 09:54:40,CSCO,45.06,36,BID
2018-12-17 09:54:39,CSCO,45.07,58,ASK
2018-12-17 09:54:41,CSCO,45.06,37,BID
2018-12-17 09:54:39,CSCO,45.07,51,ASK
2018-12-17 09:54:42,CSCO,45.06,31,BID
2018-12-17 09:54:39,CSCO,45.07,64,ASK
2018-12-17 09:54:43,CSCO,45.06,38,BID
2018-12-17 09:54:39,CSCO,45.07,50,ASK
2018-12-17 09:54:44,CSCO,45.07,19,BID
2018-12-17 09:54:44,CSCO,45.07,37,ASK
2018-12-17 09:54:44,CSCO,45.07,13,BID
2018-12-17 09:54:44,CSCO,45.08,73,ASK
2018-12-17 09:54:46,CSCO,45.07,10,BID
2018-12-17 09:54:44,CSCO,45.08,46,ASK
2018-12-17 09:54:47,CSCO,45.07,8,BID
2018-12-17 09:54:44,CSCO,45.08,54,ASK
2018-12-17 09:54:48,CSCO,45.07,8,BID
2018-12-17 09:54:44,CSCO,45.08,55,ASK
2018-12-17 09:54:43,CSCO,45.06,44,BID
2018-12-17 09:54:49,CSCO,45.07,34,ASK
2018-12-17 09:54:50,CSCO,45.07,27,BID
2018-12-17 09:54:44,CSCO,45.08,57,ASK
2018-12-17 09:54:50,CSCO,45.07,39,BID
2018-12-17 09:54:44,CSCO,45.08,50,ASK
2018-12-17 09:54:52,CSCO,45.07,44,BID
2018-12-17 09:54:44,CSCO,45.08,52,ASK
2018-12-17 09:54:53,CSCO,45.07,55,BID
2018-12-17 09:54:44,CSCO,45.08,43,ASK
2018-12-17 09:54:54,CSCO,45.08,27,BID
2018-12-17 09:54:54,CSCO,45.09,31,ASK
2018-12-17 09:54:54,CSCO,45.08,27,BID
2018-12-17 09:54:55,CSCO,45.09,30,ASK
2018-12-17 09:54:54,CSCO,45.08,32,BID
2018-12-17 09:54:56,CSCO,45.09,26,ASK
2018-12-17 09:54:54,CSCO,45.08,32,BID
2018-12-17 09:54:56,CSCO,45.09,25,ASK
2018-12-17 09:54:58,CSCO,45.08,50,BID
2018-12-17 09:54:56,CSCO,45.09,24,ASK
2018-12-17 09:54:59,CSCO,45.08,43,BID
2018-12-17 09:54:56,CSCO,45.09,26,ASK
2018-12-17 09:54:59,CSCO,45.08,52,BID
2018-12-17 09:54:56,CSCO,45.09,18,ASK
2018-12-17 09:55:01,CSCO,45.09,85,BID
2018-12-17 09:55:01,CSCO,45.1,20,ASK
2018-12-17 09:55:01,CSCO,45.1,67,BID
2018-12-17 09:54:21,CSCO,45.11,51,ASK
2018-12-17 09:55:01,CSCO,45.1,13,BID
2018-12-17 09:54:21,CSCO,45.11,55,ASK
2018-12-17 09:55:02,CSCO,45.11,19,BID
2018-12-17 09:51:00,CSCO,45.12,61,ASK
2018-12-17 09:55:03,CSCO,45.1,42,BID
2018-12-17 09:55:03,CSCO,45.11,28,ASK
2018-12-17 09:55:04,CSCO,45.09,70,BID
2018-12-17 09:55:04,CSCO,45.1,7,ASK
2018-12-17 09:55:04,CSCO,45.09,52,BID
2018-12-17 09:55:04,CSCO,45.1,4,ASK
2018-12-17 09:55:04,CSCO,45.11,49,BID
2018-12-17 09:55:03,CSCO,45.12,49,ASK
2018-12-17 09:55:05,CSCO,45.1,18,BID
2018-12-17 09:55:05,CSCO,45.11,40,ASK
2018-12-17 09:55:07,CSCO,45.1,27,BID
2018-12-17 09:55:05,CSCO,45.11,39,ASK
2018-12-17 09:55:09,CSCO,45.11,17,BID
2018-12-17 09:55:09,CSCO,45.12,60,ASK
2018-12-17 09:55:10,CSCO,45.11,30,BID
2018-12-17 09:55:11,CSCO,45.12,41,ASK
2018-12-17 09:55:10,CSCO,45.11,30,BID
2018-12-17 09:55:12,CSCO,45.12,41,ASK
2018-12-17 09:55:14,CSCO,45.12,28,BID
2018-12-17 09:55:13,CSCO,45.13,48,ASK
2018-12-17 09:55:15,CSCO,45.12,29,BID
2018-12-17 09:55:13,CSCO,45.13,48,ASK
2018-12-17 09:55:16,CSCO,45.12,28,BID
2018-12-17 09:55:13,CSCO,45.13,67,ASK
2018-12-17 09:55:17,CSCO,45.11,32,BID
2018-12-17 09:55:17,CSCO,45.12,31,ASK
2018-12-17 09:55:18,CSCO,45.11,30,BID
2018-12-17 09:55:17,CSCO,45.12,32,ASK
2018-12-17 09:55:18,CSCO,45.11,23,BID
2018-12-17 09:55:17,CSCO,45.12,32,ASK
2018-12-17 09:55:20,CSCO,45.1,5,BID
2018-12-17 09:55:20,CSCO,45.11,27,ASK
2018-12-17 09:55:20,CSCO,45.1,7,BID
2018-12-17 09:55:21,CSCO,45.11,34,ASK
2018-12-17 09:55:20,CSCO,45.1,7,BID
2018-12-17 09:55:22,CSCO,45.11,38,ASK
2018-12-17 09:55:20,CSCO,45.1,8,BID
2018-12-17 09:55:23,CSCO,45.11,39,ASK
2018-12-17 09:55:24,CSCO,45.1,8,BID
2018-12-17 09:55:24,CSCO,45.11,39,ASK
2018-12-17 09:55:00,CSCO,45.09,43,BID
2018-12-17 09:55:25,CSCO,45.1,14,ASK
2018-12-17 09:55:26,CSCO,45.09,30,BID
2018-12-17 09:55:26,CSCO,45.1,34,ASK
2018-12-17 09:55:27,CSCO,45.09,26,BID
2018-12-17 09:55:27,CSCO,45.1,30,ASK
2018-12-17 09:55:28,CSCO,45.09,47,BID
2018-12-17 09:55:27,CSCO,45.1,27,ASK
2018-12-17 09:55:29,CSCO,45.1,40,BID
2018-12-17 09:55:29,CSCO,45.11,24,ASK
2018-12-17 09:55:30,CSCO,45.1,31,BID
2018-12-17 09:55:30,CSCO,45.11,55,ASK
2018-12-17 09:55:31,CSCO,45.1,33,BID
2018-12-17 09:55:30,CSCO,45.11,47,ASK
2018-12-17 09:55:31,CSCO,45.1,40,BID
2018-12-17 09:55:30,CSCO,45.11,46,ASK
2018-12-17 09:55:31,CSCO,45.1,39,BID
2018-12-17 09:55:30,CSCO,45.11,53,ASK
2018-12-17 09:55:34,CSCO,45.1,56,BID
2018-12-17 09:55:30,CSCO,45.11,53,ASK
2018-12-17 09:55:34,CSCO,45.1,56,BID
2018-12-17 09:55:30,CSCO,45.11,53,ASK
2018-12-17 09:55:28,CSCO,45.09,37,BID
2018-12-17 09:55:37,CSCO,45.1,1,ASK
2018-12-17 09:55:37,CSCO,45.09,50,BID
2018-12-17 09:55:38,CSCO,45.1,45,ASK
2018-12-17 09:55:37,CSCO,45.09,51,BID
2018-12-17 09:55:38,CSCO,45.1,25,ASK
2018-12-17 09:55:39,CSCO,45.1,7,BID
2018-12-17 09:55:30,CSCO,45.11,70,ASK
2018-12-17 09:55:40,CSCO,45.1,13,BID
2018-12-17 09:55:30,CSCO,45.11,58,ASK
2018-12-17 09:55:41,CSCO,45.09,46,BID
2018-12-17 09:55:41,CSCO,45.1,33,ASK
2018-12-17 09:54:59,CSCO,45.08,42,BID
2018-12-17 09:55:42,CSCO,45.09,58,ASK
2018-12-17 09:54:59,CSCO,45.08,40,BID
2018-12-17 09:55:42,CSCO,45.09,58,ASK
2018-12-17 09:54:59,CSCO,45.08,49,BID
2018-12-17 09:55:45,CSCO,45.09,45,ASK
2018-12-17 09:54:59,CSCO,45.08,47,BID
2018-12-17 09:55:45,CSCO,45.09,47,ASK
2018-12-17 09:54:59,CSCO,45.08,41,BID
2018-12-17 09:55:45,CSCO,45.09,48,ASK
2018-12-17 09:54:59,CSCO,45.08,41,BID
2018-12-17 09:55:45,CSCO,45.09,46,ASK
2018-12-17 09:54:59,CSCO,45.08,50,BID
2018-12-17 09:55:48,CSCO,45.09,35,ASK
2018-12-17 09:55:49,CSCO,45.09,44,BID
2018-12-17 09:55:49,CSCO,45.1,29,ASK
2018-12-17 09:55:49,CSCO,45.09,20,BID
2018-12-17 09:55:49,CSCO,45.1,31,ASK
2018-12-17 09:54:59,CSCO,45.08,48,BID
2018-12-17 09:55:51,CSCO,45.09,35,ASK
2018-12-17 09:54:59,CSCO,45.08,42,BID
2018-12-17 09:55:52,CSCO,45.09,19,ASK
2018-12-17 09:54:59,CSCO,45.08,41,BID
2018-12-17 09:55:53,CSCO,45.09,26,ASK
2018-12-17 09:54:59,CSCO,45.08,42,BID
2018-12-17 09:55:53,CSCO,45.09,26,ASK
2018-12-17 09:54:59,CSCO,45.08,52,BID
2018-12-17 09:55:53,CSCO,45.09,18,ASK
2018-12-17 09:54:59,CSCO,45.08,40,BID
2018-12-17 09:55:53,CSCO,45.09,37,ASK
2018-12-17 09:54:59,CSCO,45.08,42,BID
2018-12-17 09:55:53,CSCO,45.09,35,ASK
2018-12-17 09:54:59,CSCO,45.08,42,BID
2018-12-17 09:55:53,CSCO,45.09,30,ASK
2018-12-17 09:54:59,CSCO,45.08,50,BID
2018-12-17 09:55:53,CSCO,45.09,34,ASK
2018-12-17 09:54:59,CSCO,45.08,59,BID
2018-12-17 09:55:53,CSCO,45.09,24,ASK
2018-12-17 09:54:59,CSCO,45.08,58,BID
2018-12-17 09:55:53,CSCO,45.09,38,ASK
2018-12-17 09:54:59,CSCO,45.08,57,BID
2018-12-17 09:55:53,CSCO,45.09,42,ASK
2018-12-17 09:54:59,CSCO,45.08,58,BID
2018-12-17 09:55:53,CSCO,45.09,41,ASK
2018-12-17 09:54:59,CSCO,45.08,58,BID
2018-12-17 09:55:53,CSCO,45.09,41,ASK
2018-12-17 09:54:59,CSCO,45.08,58,BID
2018-12-17 09:55:53,CSCO,45.09,41,ASK
2018-12-17 09:54:59,CSCO,45.08,66,BID
2018-12-17 09:55:53,CSCO,45.09,35,ASK
2018-12-17 09:54:59,CSCO,45.08,58,BID
2018-12-17 09:55:53,CSCO,45.09,48,ASK
2018-12-17 09:56:08,CSCO,45.09,9,BID
2018-12-17 09:55:49,CSCO,45.1,45,ASK
2018-12-17 09:56:09,CSCO,45.09,9,BID
2018-12-17 09:55:49,CSCO,45.1,36,ASK
2018-12-17 09:56:11,CSCO,45.09,9,BID
2018-12-17 09:55:49,CSCO,45.1,27,ASK
2018-12-17 09:56:12,CSCO,45.1,42,BID
2018-12-17 09:55:30,CSCO,45.11,55,ASK
2018-12-17 09:56:12,CSCO,45.1,51,BID
2018-12-17 09:55:30,CSCO,45.11,54,ASK
2018-12-17 09:56:12,CSCO,45.1,50,BID
2018-12-17 09:55:30,CSCO,45.11,52,ASK
2018-12-17 09:56:11,CSCO,45.09,52,BID
2018-12-17 09:56:15,CSCO,45.1,2,ASK
2018-12-17 09:56:15,CSCO,45.09,31,BID
2018-12-17 09:56:15,CSCO,45.1,26,ASK
2018-12-17 09:56:15,CSCO,45.09,31,BID
2018-12-17 09:56:15,CSCO,45.1,26,ASK
2018-12-17 09:56:15,CSCO,45.09,31,BID
2018-12-17 09:56:17,CSCO,45.1,32,ASK
2018-12-17 09:56:15,CSCO,45.09,48,BID
2018-12-17 09:56:18,CSCO,45.1,15,ASK
2018-12-17 09:56:19,CSCO,45.1,19,BID
2018-12-17 09:56:19,CSCO,45.11,53,ASK
2018-12-17 09:56:19,CSCO,45.1,19,BID
2018-12-17 09:56:19,CSCO,45.11,61,ASK
2018-12-17 09:56:15,CSCO,45.09,25,BID
2018-12-17 09:56:22,CSCO,45.1,33,ASK
2018-12-17 09:54:59,CSCO,45.08,48,BID
2018-12-17 09:56:22,CSCO,45.09,29,ASK
2018-12-17 09:54:59,CSCO,45.08,48,BID
2018-12-17 09:56:23,CSCO,45.09,36,ASK
2018-12-17 09:54:59,CSCO,45.08,48,BID
2018-12-17 09:56:25,CSCO,45.09,45,ASK
2018-12-17 09:54:59,CSCO,45.08,48,BID
2018-12-17 09:56:25,CSCO,45.09,36,ASK
2018-12-17 09:54:59,CSCO,45.08,48,BID
2018-12-17 09:56:25,CSCO,45.09,36,ASK
2018-12-17 09:56:27,CSCO,45.09,46,BID
2018-12-17 09:56:27,CSCO,45.1,40,ASK
2018-12-17 09:56:28,CSCO,45.1,24,BID
2018-12-17 09:56:28,CSCO,45.11,47,ASK
2018-12-17 09:56:29,CSCO,45.1,24,BID
2018-12-17 09:56:29,CSCO,45.11,46,ASK
2018-12-17 09:56:29,CSCO,45.1,21,BID
2018-12-17 09:56:29,CSCO,45.11,51,ASK
2018-12-17 09:56:31,CSCO,45.1,12,BID
2018-12-17 09:56:29,CSCO,45.11,53,ASK
2018-12-17 09:56:32,CSCO,45.1,18,BID
2018-12-17 09:56:29,CSCO,45.11,54,ASK
2018-12-17 09:56:32,CSCO,45.1,18,BID
2018-12-17 09:56:29,CSCO,45.11,49,ASK
2018-12-17 09:56:32,CSCO,45.1,28,BID
2018-12-17 09:56:35,CSCO,45.11,47,ASK
2018-12-17 09:56:36,CSCO,45.11,12,BID
2018-12-17 09:56:36,CSCO,45.12,34,ASK
2018-12-17 09:56:36,CSCO,45.11,6,BID
2018-12-17 09:56:36,CSCO,45.12,38,ASK
2018-12-17 09:56:27,CSCO,45.09,41,BID
2018-12-17 09:56:37,CSCO,45.1,20,ASK
2018-12-17 09:56:38,CSCO,45.1,34,BID
2018-12-17 09:56:38,CSCO,45.11,40,ASK
2018-12-17 09:56:39,CSCO,45.1,28,BID
2018-12-17 09:56:39,CSCO,45.11,17,ASK
2018-12-17 09:56:40,CSCO,45.1,19,BID
2018-12-17 09:56:39,CSCO,45.11,25,ASK
2018-12-17 09:56:40,CSCO,45.1,19,BID
2018-12-17 09:56:39,CSCO,45.11,25,ASK
2018-12-17 09:56:42,CSCO,45.1,10,BID
2018-12-17 09:56:39,CSCO,45.11,25,ASK
2018-12-17 09:56:42,CSCO,45.1,34,BID
2018-12-17 09:56:39,CSCO,45.11,25,ASK
2018-12-17 09:56:42,CSCO,45.1,30,BID
2018-12-17 09:56:44,CSCO,45.11,19,ASK
2018-12-17 09:56:45,CSCO,45.11,12,BID
2018-12-17 09:56:37,CSCO,45.12,35,ASK
2018-12-17 09:56:47,CSCO,45.1,34,BID
2018-12-17 09:56:47,CSCO,45.11,26,ASK
2018-12-17 09:56:27,CSCO,45.09,37,BID
2018-12-17 09:56:47,CSCO,45.1,33,ASK
2018-12-17 09:56:27,CSCO,45.09,35,BID
2018-12-17 09:56:47,CSCO,45.1,32,ASK
2018-12-17 09:56:27,CSCO,45.09,37,BID
2018-12-17 09:56:49,CSCO,45.1,16,ASK
2018-12-17 09:56:27,CSCO,45.09,37,BID
2018-12-17 09:56:50,CSCO,45.1,25,ASK
2018-12-17 09:56:27,CSCO,45.09,37,BID
2018-12-17 09:56:50,CSCO,45.1,35,ASK
2018-12-17 09:56:27,CSCO,45.09,37,BID
2018-12-17 09:56:50,CSCO,45.1,33,ASK
2018-12-17 09:56:27,CSCO,45.09,37,BID
2018-12-17 09:56:50,CSCO,45.1,37,ASK
2018-12-17 09:56:27,CSCO,45.09,36,BID
2018-12-17 09:56:50,CSCO,45.1,35,ASK
2018-12-17 09:56:27,CSCO,45.09,14,BID
2018-12-17 09:56:56,CSCO,45.09,30,ASK
2018-12-17 09:56:27,CSCO,45.09,17,BID
2018-12-17 09:56:50,CSCO,45.1,33,ASK
2018-12-17 09:56:57,CSCO,45.09,15,BID
2018-12-17 09:56:50,CSCO,45.1,42,ASK
2018-12-17 09:56:59,CSCO,45.09,23,BID
2018-12-17 09:56:50,CSCO,45.1,36,ASK
2018-12-17 09:56:59,CSCO,45.1,23,BID
2018-12-17 09:56:59,CSCO,45.11,27,ASK
2018-12-17 09:57:01,CSCO,45.1,29,BID
2018-12-17 09:57:01,CSCO,45.11,3,ASK
2018-12-17 09:57:01,CSCO,45.1,29,BID
2018-12-17 09:57:01,CSCO,45.11,32,ASK
2018-12-17 09:57:02,CSCO,45.1,27,BID
2018-12-17 09:57:01,CSCO,45.11,33,ASK
2018-12-17 09:57:04,CSCO,45.1,40,BID
2018-12-17 09:57:04,CSCO,45.11,46,ASK
2018-12-17 09:56:59,CSCO,45.09,27,BID
2018-12-17 09:57:04,CSCO,45.1,38,ASK
2018-12-17 09:57:06,CSCO,45.08,44,BID
2018-12-17 09:57:06,CSCO,45.09,35,ASK
2018-12-17 09:57:07,CSCO,45.09,10,BID
2018-12-17 09:57:06,CSCO,45.1,42,ASK
2018-12-17 09:57:07,CSCO,45.09,8,BID
2018-12-17 09:57:06,CSCO,45.1,42,ASK
2018-12-17 09:57:09,CSCO,45.09,12,BID
2018-12-17 09:57:06,CSCO,45.1,44,ASK
2018-12-17 09:57:09,CSCO,45.08,47,BID
2018-12-17 09:57:09,CSCO,45.09,24,ASK
2018-12-17 09:57:11,CSCO,45.09,61,BID
2018-12-17 09:57:11,CSCO,45.1,18,ASK
2018-12-17 09:57:11,CSCO,45.09,47,BID
2018-12-17 09:57:11,CSCO,45.1,9,ASK
2018-12-17 09:57:11,CSCO,45.09,47,BID
2018-12-17 09:57:13,CSCO,45.1,23,ASK
2018-12-17 09:57:13,CSCO,45.09,45,BID
2018-12-17 09:57:13,CSCO,45.1,19,ASK
2018-12-17 09:57:15,CSCO,45.09,57,BID
2018-12-17 09:57:15,CSCO,45.1,16,ASK
2018-12-17 09:57:16,CSCO,45.09,47,BID
2018-12-17 09:57:16,CSCO,45.1,18,ASK
2018-12-17 09:57:17,CSCO,45.09,55,BID
2018-12-17 09:57:16,CSCO,45.1,17,ASK
2018-12-17 09:57:17,CSCO,45.09,55,BID
2018-12-17 09:57:17,CSCO,45.1,13,ASK
2018-12-17 09:57:19,CSCO,45.09,37,BID
2018-12-17 09:57:17,CSCO,45.1,21,ASK
2018-12-17 09:57:19,CSCO,45.09,37,BID
2018-12-17 09:57:17,CSCO,45.1,21,ASK
2018-12-17 09:57:21,CSCO,45.09,36,BID
2018-12-17 09:57:17,CSCO,45.1,21,ASK
2018-12-17 09:57:22,CSCO,45.09,36,BID
2018-12-17 09:57:17,CSCO,45.1,22,ASK
2018-12-17 09:57:22,CSCO,45.09,35,BID
2018-12-17 09:57:17,CSCO,45.1,22,ASK
2018-12-17 09:57:24,CSCO,45.09,35,BID
2018-12-17 09:57:17,CSCO,45.1,23,ASK
2018-12-17 09:57:25,CSCO,45.08,40,BID
2018-12-17 09:57:25,CSCO,45.09,24,ASK
2018-12-17 09:57:25,CSCO,45.08,58,BID
2018-12-17 09:57:26,CSCO,45.09,20,ASK
2018-12-17 09:57:25,CSCO,45.08,76,BID
2018-12-17 09:57:27,CSCO,45.09,9,ASK
2018-12-17 09:57:27,CSCO,45.1,47,BID
2018-12-17 09:57:27,CSCO,45.1,18,ASK
2018-12-17 09:57:29,CSCO,45.11,25,BID
2018-12-17 09:56:46,CSCO,45.12,34,ASK
2018-12-17 09:57:29,CSCO,45.11,25,BID
2018-12-17 09:57:30,CSCO,45.12,32,ASK
2018-12-17 09:57:29,CSCO,45.11,25,BID
2018-12-17 09:57:30,CSCO,45.12,32,ASK
2018-12-17 09:57:29,CSCO,45.11,24,BID
2018-12-17 09:57:31,CSCO,45.12,32,ASK
2018-12-17 09:57:29,CSCO,45.11,31,BID
2018-12-17 09:57:32,CSCO,45.12,35,ASK
2018-12-17 09:57:29,CSCO,45.11,31,BID
2018-12-17 09:57:32,CSCO,45.12,19,ASK
2018-12-17 09:57:35,CSCO,45.12,15,BID
2018-12-17 09:57:35,CSCO,45.13,52,ASK
2018-12-17 09:57:36,CSCO,45.12,17,BID
2018-12-17 09:57:36,CSCO,45.13,50,ASK
2018-12-17 09:57:29,CSCO,45.11,31,BID
2018-12-17 09:57:36,CSCO,45.12,58,ASK
2018-12-17 09:57:29,CSCO,45.11,31,BID
2018-12-17 09:57:36,CSCO,45.12,58,ASK
2018-12-17 09:57:38,CSCO,45.12,23,BID
2018-12-17 09:57:36,CSCO,45.13,47,ASK
2018-12-17 09:57:40,CSCO,45.12,24,BID
2018-12-17 09:57:36,CSCO,45.13,47,ASK
2018-12-17 09:57:41,CSCO,45.12,23,BID
2018-12-17 09:57:40,CSCO,45.13,64,ASK
2018-12-17 09:57:42,CSCO,45.13,15,BID
2018-12-17 09:57:42,CSCO,45.14,47,ASK
2018-12-17 09:57:43,CSCO,45.13,19,BID
2018-12-17 09:57:43,CSCO,45.14,31,ASK
2018-12-17 09:57:43,CSCO,45.13,30,BID
2018-12-17 09:57:44,CSCO,45.14,30,ASK
2018-12-17 09:57:44,CSCO,45.13,21,BID
2018-12-17 09:57:44,CSCO,45.14,46,ASK
2018-12-17 09:57:46,CSCO,45.13,24,BID
2018-12-17 09:57:44,CSCO,45.14,22,ASK
2018-12-17 09:57:47,CSCO,45.14,2,BID
2018-12-17 09:57:47,CSCO,45.14,2,ASK
2018-12-17 09:57:48,CSCO,45.13,39,BID
2018-12-17 09:57:48,CSCO,45.14,35,ASK
2018-12-17 09:57:48,CSCO,45.13,28,BID
2018-12-17 09:57:48,CSCO,45.14,38,ASK
2018-12-17 09:57:48,CSCO,45.13,29,BID
2018-12-17 09:57:48,CSCO,45.14,39,ASK
2018-12-17 09:57:48,CSCO,45.13,34,BID
2018-12-17 09:57:48,CSCO,45.14,43,ASK
2018-12-17 09:57:48,CSCO,45.13,26,BID
2018-12-17 09:57:48,CSCO,45.14,42,ASK
2018-12-17 09:57:48,CSCO,45.13,31,BID
2018-12-17 09:57:48,CSCO,45.14,38,ASK
2018-12-17 09:57:48,CSCO,45.13,32,BID
2018-12-17 09:57:48,CSCO,45.14,41,ASK
2018-12-17 09:57:48,CSCO,45.13,32,BID
2018-12-17 09:57:48,CSCO,45.14,48,ASK
2018-12-17 09:57:48,CSCO,45.13,32,BID
2018-12-17 09:57:48,CSCO,45.14,41,ASK
2018-12-17 09:57:42,CSCO,45.12,33,BID
2018-12-17 09:57:57,CSCO,45.13,40,ASK
2018-12-17 09:57:58,CSCO,45.13,42,BID
2018-12-17 09:57:48,CSCO,45.14,43,ASK
2018-12-17 09:57:59,CSCO,45.13,32,BID
2018-12-17 09:57:48,CSCO,45.14,43,ASK
2018-12-17 09:58:00,CSCO,45.13,43,BID
2018-12-17 09:57:48,CSCO,45.14,44,ASK
2018-12-17 09:58:00,CSCO,45.13,54,BID
2018-12-17 09:57:48,CSCO,45.14,34,ASK
2018-12-17 09:58:00,CSCO,45.13,60,BID
2018-12-17 09:57:48,CSCO,45.14,32,ASK
2018-12-17 09:58:03,CSCO,45.14,65,BID
2018-12-17 09:50:00,CSCO,45.15,29,ASK
2018-12-17 09:58:00,CSCO,45.13,54,BID
2018-12-17 09:58:04,CSCO,45.14,32,ASK
2018-12-17 09:58:00,CSCO,45.13,54,BID
2018-12-17 09:58:05,CSCO,45.14,45,ASK
2018-12-17 09:58:00,CSCO,45.13,53,BID
2018-12-17 09:58:06,CSCO,45.14,40,ASK
2018-12-17 09:58:00,CSCO,45.13,53,BID
2018-12-17 09:58:07,CSCO,45.14,33,ASK
2018-12-17 09:58:08,CSCO,45.13,52,BID
2018-12-17 09:58:08,CSCO,45.14,4,ASK
2018-12-17 09:58:09,CSCO,45.14,97,BID
2018-12-17 09:58:03,CSCO,45.15,43,ASK
2018-12-17 09:58:10,CSCO,45.14,27,BID
2018-12-17 09:58:03,CSCO,45.15,45,ASK
2018-12-17 09:58:10,CSCO,45.13,54,BID
2018-12-17 09:58:11,CSCO,45.14,29,ASK
2018-12-17 09:58:10,CSCO,45.13,54,BID
2018-12-17 09:58:11,CSCO,45.14,29,ASK
2018-12-17 09:58:10,CSCO,45.13,53,BID
2018-12-17 09:58:13,CSCO,45.14,30,ASK
2018-12-17 09:58:10,CSCO,45.13,52,BID
2018-12-17 09:58:14,CSCO,45.14,31,ASK
2018-12-17 09:58:15,CSCO,45.13,49,BID
2018-12-17 09:58:15,CSCO,45.14,35,ASK
2018-12-17 09:58:15,CSCO,45.12,47,BID
2018-12-17 09:58:15,CSCO,45.13,8,ASK
2018-12-17 09:58:17,CSCO,45.13,20,BID
2018-12-17 09:58:17,CSCO,45.14,29,ASK
2018-12-17 09:58:18,CSCO,45.13,13,BID
2018-12-17 09:58:18,CSCO,45.14,29,ASK
2018-12-17 09:58:19,CSCO,45.13,38,BID
2018-12-17 09:58:19,CSCO,45.14,15,ASK
2018-12-17 09:58:19,CSCO,45.13,41,BID
2018-12-17 09:58:19,CSCO,45.14,15,ASK
2018-12-17 09:58:21,CSCO,45.14,6,BID
2018-12-17 09:58:03,CSCO,45.15,47,ASK
2018-12-17 09:58:22,CSCO,45.14,20,BID
2018-12-17 09:58:03,CSCO,45.15,45,ASK
2018-12-17 09:58:22,CSCO,45.14,20,BID
2018-12-17 09:58:03,CSCO,45.15,36,ASK
2018-12-17 09:58:24,CSCO,45.14,20,BID
2018-12-17 09:58:03,CSCO,45.15,36,ASK
2018-12-17 09:58:24,CSCO,45.14,43,BID
2018-12-17 09:58:25,CSCO,45.15,19,ASK
2018-12-17 09:58:25,CSCO,45.15,68,BID
2018-12-17 09:58:25,CSCO,45.16,51,ASK
2018-12-17 09:58:24,CSCO,45.14,64,BID
2018-12-17 09:58:27,CSCO,45.15,10,ASK
2018-12-17 09:58:24,CSCO,45.14,67,BID
2018-12-17 09:58:28,CSCO,45.15,12,ASK
2018-12-17 09:58:29,CSCO,45.15,22,BID
2018-12-17 09:58:29,CSCO,45.16,49,ASK
2018-12-17 09:58:29,CSCO,45.15,22,BID
2018-12-17 09:58:29,CSCO,45.16,49,ASK
2018-12-17 09:58:29,CSCO,45.15,22,BID
2018-12-17 09:58:29,CSCO,45.16,46,ASK
2018-12-17 09:58:29,CSCO,45.15,21,BID
2018-12-17 09:58:29,CSCO,45.16,46,ASK
2018-12-17 09:58:33,CSCO,45.15,30,BID
2018-12-17 09:58:33,CSCO,45.16,45,ASK
2018-12-17 09:58:33,CSCO,45.15,30,BID
2018-12-17 09:58:33,CSCO,45.16,45,ASK
2018-12-17 09:58:35,CSCO,45.15,36,BID
2018-12-17 09:58:35,CSCO,45.16,43,ASK
2018-12-17 09:58:36,CSCO,45.15,37,BID
2018-12-17 09:58:35,CSCO,45.16,42,ASK
2018-12-17 09:58:37,CSCO,45.15,55,BID
2018-12-17 09:58:35,CSCO,45.16,42,ASK
2018-12-17 09:58:38,CSCO,45.15,55,BID
2018-12-17 09:58:37,CSCO,45.16,52,ASK
2018-12-17 09:58:38,CSCO,45.15,55,BID
2018-12-17 09:58:37,CSCO,45.16,52,ASK
2018-12-17 09:58:40,CSCO,45.15,55,BID
2018-12-17 09:58:37,CSCO,45.16,52,ASK
2018-12-17 09:58:40,CSCO,45.15,62,BID
2018-12-17 09:58:37,CSCO,45.16,42,ASK
2018-12-17 09:58:42,CSCO,45.15,55,BID
2018-12-17 09:58:42,CSCO,45.16,45,ASK
2018-12-17 09:58:43,CSCO,45.15,55,BID
2018-12-17 09:58:43,CSCO,45.16,28,ASK
2018-12-17 09:58:44,CSCO,45.15,51,BID
2018-12-17 09:58:43,CSCO,45.16,41,ASK
2018-12-17 09:58:45,CSCO,45.15,51,BID
2018-12-17 09:58:43,CSCO,45.16,41,ASK
2018-12-17 09:58:46,CSCO,45.15,51,BID
2018-12-17 09:58:43,CSCO,45.16,35,ASK
2018-12-17 09:58:47,CSCO,45.15,51,BID
2018-12-17 09:58:43,CSCO,45.16,42,ASK
2018-12-17 09:58:48,CSCO,45.15,51,BID
2018-12-17 09:58:43,CSCO,45.16,38,ASK
2018-12-17 09:58:48,CSCO,45.15,51,BID
2018-12-17 09:58:48,CSCO,45.16,39,ASK
2018-12-17 09:58:50,CSCO,45.15,51,BID
2018-12-17 09:58:50,CSCO,45.16,38,ASK
2018-12-17 09:58:51,CSCO,45.15,51,BID
2018-12-17 09:58:50,CSCO,45.16,38,ASK
2018-12-17 09:58:52,CSCO,45.15,51,BID
2018-12-17 09:58:50,CSCO,45.16,40,ASK
2018-12-17 09:58:53,CSCO,45.15,51,BID
2018-12-17 09:58:50,CSCO,45.16,40,ASK
2018-12-17 09:58:54,CSCO,45.15,50,BID
2018-12-17 09:58:50,CSCO,45.16,49,ASK
2018-12-17 09:58:55,CSCO,45.15,50,BID
2018-12-17 09:58:50,CSCO,45.16,49,ASK
2018-12-17 09:58:56,CSCO,45.15,50,BID
2018-12-17 09:58:50,CSCO,45.16,53,ASK
2018-12-17 09:58:57,CSCO,45.15,59,BID
2018-12-17 09:58:50,CSCO,45.16,51,ASK
2018-12-17 09:58:58,CSCO,45.15,61,BID
2018-12-17 09:58:50,CSCO,45.16,38,ASK
2018-12-17 09:58:59,CSCO,45.15,59,BID
2018-12-17 09:58:50,CSCO,45.16,40,ASK
2018-12-17 09:59:00,CSCO,45.15,59,BID
2018-12-17 09:59:00,CSCO,45.16,46,ASK
2018-12-17 09:59:01,CSCO,45.15,59,BID
2018-12-17 09:59:01,CSCO,45.16,45,ASK
2018-12-17 09:59:02,CSCO,45.15,59,BID
2018-12-17 09:59:01,CSCO,45.16,45,ASK
2018-12-17 09:59:03,CSCO,45.15,58,BID
2018-12-17 09:59:01,CSCO,45.16,45,ASK
2018-12-17 09:59:04,CSCO,45.15,32,BID
2018-12-17 09:59:01,CSCO,45.16,45,ASK
2018-12-17 09:59:05,CSCO,45.15,33,BID
2018-12-17 09:59:05,CSCO,45.16,42,ASK
2018-12-17 09:59:06,CSCO,45.15,33,BID
2018-12-17 09:59:06,CSCO,45.16,32,ASK
2018-12-17 09:59:07,CSCO,45.15,31,BID
2018-12-17 09:59:06,CSCO,45.16,49,ASK
2018-12-17 09:59:08,CSCO,45.15,33,BID
2018-12-17 09:59:06,CSCO,45.16,41,ASK
2018-12-17 09:59:09,CSCO,45.16,23,BID
2018-12-17 09:49:07,CSCO,45.17,47,ASK
2018-12-17 09:59:10,CSCO,45.16,22,BID
2018-12-17 09:49:07,CSCO,45.17,47,ASK
2018-12-17 09:59:11,CSCO,45.16,36,BID
2018-12-17 09:59:11,CSCO,45.17,28,ASK
2018-12-17 09:59:11,CSCO,45.16,36,BID
2018-12-17 09:59:11,CSCO,45.17,39,ASK
2018-12-17 09:59:13,CSCO,45.16,41,BID
2018-12-17 09:59:11,CSCO,45.17,27,ASK
2018-12-17 09:59:14,CSCO,45.16,47,BID
2018-12-17 09:59:11,CSCO,45.17,27,ASK
2018-12-17 09:59:15,CSCO,45.17,49,BID
2018-12-17 09:48:11,CSCO,45.18,39,ASK
2018-12-17 09:59:15,CSCO,45.17,48,BID
2018-12-17 09:48:11,CSCO,45.18,27,ASK
2018-12-17 09:59:17,CSCO,45.17,56,BID
2018-12-17 09:48:11,CSCO,45.18,36,ASK
2018-12-17 09:59:18,CSCO,45.17,51,BID
2018-12-17 09:48:11,CSCO,45.18,36,ASK
2018-12-17 09:59:19,CSCO,45.17,57,BID
2018-12-17 09:48:11,CSCO,45.18,26,ASK
2018-12-17 09:59:19,CSCO,45.17,57,BID
2018-12-17 09:48:11,CSCO,45.18,27,ASK
2018-12-17 09:59:19,CSCO,45.17,51,BID
2018-12-17 09:48:11,CSCO,45.18,38,ASK
2018-12-17 09:59:22,CSCO,45.16,28,BID
2018-12-17 09:59:22,CSCO,45.17,36,ASK
2018-12-17 09:59:23,CSCO,45.15,36,BID
2018-12-17 09:59:23,CSCO,45.16,40,ASK
2018-12-17 09:59:24,CSCO,45.15,23,BID
2018-12-17 09:59:24,CSCO,45.16,41,ASK
2018-12-17 09:59:25,CSCO,45.15,37,BID
2018-12-17 09:59:25,CSCO,45.16,35,ASK
2018-12-17 09:59:26,CSCO,45.16,34,BID
2018-12-17 09:59:26,CSCO,45.17,36,ASK
2018-12-17 09:59:26,CSCO,45.16,34,BID
2018-12-17 09:59:26,CSCO,45.17,36,ASK
2018-12-17 09:59:26,CSCO,45.16,34,BID
2018-12-17 09:59:26,CSCO,45.17,36,ASK
2018-12-17 09:59:26,CSCO,45.16,34,BID
2018-12-17 09:59:26,CSCO,45.17,36,ASK
2018-12-17 09:59:25,CSCO,45.15,36,BID
2018-12-17 09:59:30,CSCO,45.16,47,ASK
2018-12-17 09:59:31,CSCO,45.16,43,BID
2018-12-17 09:59:31,CSCO,45.17,16,ASK
2018-12-17 09:59:32,CSCO,45.16,47,BID
2018-12-17 09:59:32,CSCO,45.17,21,ASK
2018-12-17 09:59:32,CSCO,45.16,70,BID
2018-12-17 09:59:32,CSCO,45.17,18,ASK
2018-12-17 09:59:32,CSCO,45.16,70,BID
2018-12-17 09:59:32,CSCO,45.17,12,ASK
2018-12-17 09:59:32,CSCO,45.16,77,BID
2018-12-17 09:59:32,CSCO,45.17,18,ASK
2018-12-17 09:59:36,CSCO,45.17,95,BID
2018-12-17 09:59:36,CSCO,45.18,29,ASK
2018-12-17 09:59:36,CSCO,45.18,49,BID
2018-12-17 09:59:36,CSCO,45.19,49,ASK
2018-12-17 09:59:36,CSCO,45.18,45,BID
2018-12-17 09:59:37,CSCO,45.19,17,ASK
2018-12-17 09:59:38,CSCO,45.19,10,BID
2018-12-17 09:59:38,CSCO,45.2,45,ASK
2018-12-17 09:59:38,CSCO,45.19,17,BID
2018-12-17 09:59:38,CSCO,45.2,43,ASK
2018-12-17 09:59:41,CSCO,45.19,16,BID
2018-12-17 09:59:41,CSCO,45.2,46,ASK
2018-12-17 09:59:42,CSCO,45.19,12,BID
2018-12-17 09:59:42,CSCO,45.2,57,ASK
2018-12-17 09:59:42,CSCO,45.18,34,BID
2018-12-17 09:59:43,CSCO,45.19,11,ASK
2018-12-17 09:59:45,CSCO,45.17,54,BID
2018-12-17 09:59:45,CSCO,45.18,15,ASK
2018-12-17 09:59:45,CSCO,45.17,51,BID
2018-12-17 09:59:45,CSCO,45.18,13,ASK
2018-12-17 09:59:46,CSCO,45.17,20,BID
2018-12-17 09:59:46,CSCO,45.18,11,ASK
2018-12-17 09:59:46,CSCO,45.17,21,BID
2018-12-17 09:59:47,CSCO,45.18,11,ASK
2018-12-17 09:59:46,CSCO,45.17,22,BID
2018-12-17 09:59:49,CSCO,45.18,16,ASK
2018-12-17 09:59:46,CSCO,45.17,21,BID
2018-12-17 09:59:49,CSCO,45.18,12,ASK
2018-12-17 09:59:50,CSCO,45.18,60,BID
2018-12-17 09:59:50,CSCO,45.19,17,ASK
2018-12-17 09:59:50,CSCO,45.18,26,BID
2018-12-17 09:59:51,CSCO,45.19,23,ASK
2018-12-17 09:59:52,CSCO,45.19,21,BID
2018-12-17 09:59:42,CSCO,45.2,50,ASK
2018-12-17 09:59:52,CSCO,45.18,40,BID
2018-12-17 09:59:53,CSCO,45.19,18,ASK
2018-12-17 09:59:54,CSCO,45.19,22,BID
2018-12-17 09:59:54,CSCO,45.2,37,ASK
2018-12-17 09:59:53,CSCO,45.18,50,BID
2018-12-17 09:59:55,CSCO,45.19,11,ASK
2018-12-17 09:59:55,CSCO,45.19,19,BID
2018-12-17 09:59:54,CSCO,45.2,37,ASK
2018-12-17 09:59:56,CSCO,45.19,19,BID
2018-12-17 09:59:56,CSCO,45.2,38,ASK
2018-12-17 09:59:59,CSCO,45.19,5,BID
2018-12-17 09:59:56,CSCO,45.2,52,ASK
2018-12-17 09:59:59,CSCO,45.18,22,BID
2018-12-17 09:59:59,CSCO,45.19,31,ASK
2018-12-17 09:59:46,CSCO,45.17,22,BID
2018-12-17 10:00:00,CSCO,45.18,38,ASK
2018-12-17 09:59:32,CSCO,45.16,40,BID
2018-12-17 10:00:00,CSCO,45.17,31,ASK
2018-12-17 09:59:25,CSCO,45.15,33,BID
2018-12-17 10:00:00,CSCO,45.16,15,ASK
2018-12-17 09:58:24,CSCO,45.14,49,BID
2018-12-17 10:00:02,CSCO,45.15,9,ASK
2018-12-17 10:00:02,CSCO,45.15,4,BID
2018-12-17 10:00:02,CSCO,45.15,6,ASK
2018-12-17 10:00:03,CSCO,45.15,39,BID
2018-12-17 10:00:03,CSCO,45.16,15,ASK
2018-12-17 10:00:04,CSCO,45.16,13,BID
2018-12-17 10:00:04,CSCO,45.17,19,ASK
2018-12-17 10:00:04,CSCO,45.16,17,BID
2018-12-17 10:00:05,CSCO,45.17,19,ASK
2018-12-17 10:00:07,CSCO,45.15,33,BID
2018-12-17 10:00:07,CSCO,45.16,18,ASK
2018-12-17 10:00:07,CSCO,45.15,34,BID
2018-12-17 10:00:07,CSCO,45.16,25,ASK
2018-12-17 10:00:08,CSCO,45.17,31,BID
2018-12-17 10:00:08,CSCO,45.18,15,ASK
2018-12-17 10:00:08,CSCO,45.17,26,BID
2018-12-17 10:00:08,CSCO,45.18,18,ASK
2018-12-17 10:00:08,CSCO,45.17,26,BID
2018-12-17 10:00:08,CSCO,45.18,21,ASK
2018-12-17 10:00:09,CSCO,45.16,20,BID
2018-12-17 10:00:09,CSCO,45.17,27,ASK
2018-12-17 10:00:10,CSCO,45.15,27,BID
2018-12-17 10:00:10,CSCO,45.16,27,ASK
2018-12-17 10:00:12,CSCO,45.15,21,BID
2018-12-17 10:00:10,CSCO,45.16,24,ASK
2018-12-17 10:00:14,CSCO,45.15,67,BID
2018-12-17 10:00:10,CSCO,45.16,26,ASK
2018-12-17 10:00:15,CSCO,45.15,70,BID
2018-12-17 10:00:10,CSCO,45.16,20,ASK
2018-12-17 10:00:15,CSCO,45.16,31,BID
2018-12-17 10:00:15,CSCO,45.17,16,ASK
2018-12-17 10:00:16,CSCO,45.16,27,BID
2018-12-17 10:00:15,CSCO,45.17,18,ASK
2018-12-17 10:00:16,CSCO,45.16,26,BID
2018-12-17 10:00:15,CSCO,45.17,18,ASK
2018-12-17 10:00:22,CSCO,45.15,21,BID
2018-12-17 10:00:21,CSCO,45.16,20,ASK
2018-12-17 10:00:22,CSCO,45.15,21,BID
2018-12-17 10:00:22,CSCO,45.16,20,ASK
2018-12-17 10:00:23,CSCO,45.15,53,BID
2018-12-17 10:00:23,CSCO,45.16,16,ASK
2018-12-17 10:00:24,CSCO,45.15,54,BID
2018-12-17 10:00:23,CSCO,45.16,22,ASK
2018-12-17 10:00:26,CSCO,45.15,93,BID
2018-12-17 10:00:26,CSCO,45.16,16,ASK
2018-12-17 09:58:24,CSCO,45.14,62,BID
2018-12-17 10:00:26,CSCO,45.15,7,ASK
2018-12-17 09:58:24,CSCO,45.14,82,BID
2018-12-17 10:00:27,CSCO,45.15,22,ASK
2018-12-17 09:58:24,CSCO,45.14,82,BID
2018-12-17 10:00:28,CSCO,45.15,22,ASK
2018-12-17 09:58:24,CSCO,45.14,83,BID
2018-12-17 10:00:29,CSCO,45.15,22,ASK
2018-12-17 09:58:24,CSCO,45.14,86,BID
2018-12-17 10:00:30,CSCO,45.15,25,ASK
2018-12-17 09:58:24,CSCO,45.14,85,BID
2018-12-17 10:00:31,CSCO,45.15,30,ASK
2018-12-17 09:58:24,CSCO,45.14,85,BID
2018-12-17 10:00:31,CSCO,45.15,29,ASK
2018-12-17 10:00:34,CSCO,45.15,42,BID
2018-12-17 10:00:26,CSCO,45.16,38,ASK
2018-12-17 10:00:35,CSCO,45.15,32,BID
2018-12-17 10:00:26,CSCO,45.16,38,ASK
2018-12-17 10:00:35,CSCO,45.15,33,BID
2018-12-17 10:00:26,CSCO,45.16,38,ASK
2018-12-17 10:00:36,CSCO,45.15,33,BID
2018-12-17 10:00:26,CSCO,45.16,37,ASK
2018-12-17 10:00:37,CSCO,45.15,35,BID
2018-12-17 10:00:37,CSCO,45.16,25,ASK
2018-12-17 10:00:39,CSCO,45.15,36,BID
2018-12-17 10:00:38,CSCO,45.16,36,ASK
2018-12-17 10:00:40,CSCO,45.15,35,BID
2018-12-17 10:00:38,CSCO,45.16,32,ASK
2018-12-17 10:00:41,CSCO,45.15,39,BID
2018-12-17 10:00:38,CSCO,45.16,37,ASK
2018-12-17 10:00:41,CSCO,45.15,45,BID
2018-12-17 10:00:41,CSCO,45.16,27,ASK
2018-12-17 10:00:43,CSCO,45.15,61,BID
2018-12-17 10:00:41,CSCO,45.16,27,ASK
2018-12-17 10:00:44,CSCO,45.15,54,BID
2018-12-17 10:00:41,CSCO,45.16,41,ASK
2018-12-17 10:00:45,CSCO,45.15,54,BID
2018-12-17 10:00:41,CSCO,45.16,37,ASK
2018-12-17 10:00:45,CSCO,45.15,54,BID
2018-12-17 10:00:41,CSCO,45.16,37,ASK
2018-12-17 10:00:47,CSCO,45.15,54,BID
2018-12-17 10:00:41,CSCO,45.16,38,ASK
2018-12-17 10:00:47,CSCO,45.15,55,BID
2018-12-17 10:00:41,CSCO,45.16,28,ASK
2018-12-17 10:00:48,CSCO,45.15,55,BID
2018-12-17 10:00:41,CSCO,45.16,27,ASK
2018-12-17 10:00:50,CSCO,45.15,82,BID
2018-12-17 10:00:41,CSCO,45.16,37,ASK
2018-12-17 10:00:51,CSCO,45.15,81,BID
2018-12-17 10:00:41,CSCO,45.16,38,ASK
2018-12-17 10:00:51,CSCO,45.15,82,BID
2018-12-17 10:00:41,CSCO,45.16,40,ASK
2018-12-17 10:00:53,CSCO,45.15,66,BID
2018-12-17 10:00:41,CSCO,45.16,38,ASK
2018-12-17 10:00:54,CSCO,45.16,5,BID
2018-12-17 10:00:54,CSCO,45.16,31,ASK
2018-12-17 10:00:54,CSCO,45.16,73,BID
2018-12-17 10:00:54,CSCO,45.17,20,ASK
2018-12-17 10:00:55,CSCO,45.17,32,BID
2018-12-17 10:00:55,CSCO,45.18,18,ASK
2018-12-17 10:00:55,CSCO,45.17,26,BID
2018-12-17 10:00:55,CSCO,45.18,24,ASK
2018-12-17 10:00:57,CSCO,45.17,43,BID
2018-12-17 10:00:57,CSCO,45.18,42,ASK
2018-12-17 10:00:58,CSCO,45.18,47,BID
2018-12-17 10:00:08,CSCO,45.19,20,ASK
2018-12-17 10:00:58,CSCO,45.18,49,BID
2018-12-17 10:00:08,CSCO,45.19,20,ASK
2018-12-17 10:01:00,CSCO,45.18,49,BID
2018-12-17 10:00:08,CSCO,45.19,22,ASK
2018-12-17 10:01:02,CSCO,45.18,47,BID
2018-12-17 10:00:08,CSCO,45.19,22,ASK
2018-12-17 10:01:02,CSCO,45.18,38,BID
2018-12-17 10:00:08,CSCO,45.19,23,ASK
2018-12-17 10:01:02,CSCO,45.18,71,BID
2018-12-17 10:00:08,CSCO,45.19,23,ASK
2018-12-17 10:01:02,CSCO,45.18,72,BID
2018-12-17 10:01:04,CSCO,45.19,36,ASK
2018-12-17 10:01:02,CSCO,45.18,72,BID
2018-12-17 10:01:04,CSCO,45.19,36,ASK
2018-12-17 10:01:02,CSCO,45.18,72,BID
2018-12-17 10:01:04,CSCO,45.19,36,ASK
2018-12-17 10:01:02,CSCO,45.18,72,BID
2018-12-17 10:01:04,CSCO,45.19,31,ASK
2018-12-17 10:01:09,CSCO,45.19,19,BID
2018-12-17 10:01:04,CSCO,45.19,26,ASK
2018-12-17 10:01:10,CSCO,45.2,20,BID
2018-12-17 09:47:37,CSCO,45.21,29,ASK
2018-12-17 10:01:11,CSCO,45.21,24,BID
2018-12-17 09:47:20,CSCO,45.22,42,ASK
2018-12-17 10:01:11,CSCO,45.21,19,BID
2018-12-17 10:01:12,CSCO,45.22,12,ASK
2018-12-17 10:01:12,CSCO,45.22,20,BID
2018-12-17 09:47:15,CSCO,45.23,51,ASK
2018-12-17 10:01:11,CSCO,45.21,54,BID
2018-12-17 10:01:14,CSCO,45.22,29,ASK
2018-12-17 10:01:11,CSCO,45.21,53,BID
2018-12-17 10:01:15,CSCO,45.22,27,ASK
2018-12-17 10:01:16,CSCO,45.2,26,BID
2018-12-17 10:01:16,CSCO,45.21,46,ASK
2018-12-17 10:01:17,CSCO,45.2,34,BID
2018-12-17 10:01:17,CSCO,45.21,41,ASK
2018-12-17 10:01:17,CSCO,45.2,33,BID
2018-12-17 10:01:18,CSCO,45.21,41,ASK
2018-12-17 10:01:17,CSCO,45.2,30,BID
2018-12-17 10:01:19,CSCO,45.21,41,ASK
2018-12-17 10:01:17,CSCO,45.2,27,BID
2018-12-17 10:01:20,CSCO,45.21,42,ASK
2018-12-17 10:01:17,CSCO,45.2,27,BID
2018-12-17 10:01:21,CSCO,45.21,42,ASK
2018-12-17 10:01:21,CSCO,45.2,57,BID
2018-12-17 10:01:22,CSCO,45.21,35,ASK
2018-12-17 10:01:21,CSCO,45.2,56,BID
2018-12-17 10:01:23,CSCO,45.21,34,ASK
2018-12-17 10:01:21,CSCO,45.2,67,BID
2018-12-17 10:01:23,CSCO,45.21,23,ASK
2018-12-17 10:01:21,CSCO,45.2,67,BID
2018-12-17 10:01:23,CSCO,45.21,19,ASK
2018-12-17 10:01:21,CSCO,45.2,57,BID
2018-12-17 10:01:26,CSCO,45.21,22,ASK
2018-12-17 10:01:21,CSCO,45.2,47,BID
2018-12-17 10:01:27,CSCO,45.21,43,ASK
2018-12-17 10:01:21,CSCO,45.2,28,BID
2018-12-17 10:01:27,CSCO,45.21,52,ASK
2018-12-17 10:01:21,CSCO,45.2,29,BID
2018-12-17 10:01:28,CSCO,45.21,58,ASK
2018-12-17 10:01:21,CSCO,45.2,49,BID
2018-12-17 10:01:28,CSCO,45.21,43,ASK
2018-12-17 10:01:21,CSCO,45.2,51,BID
2018-12-17 10:01:28,CSCO,45.21,36,ASK
2018-12-17 10:01:21,CSCO,45.2,51,BID
2018-12-17 10:01:28,CSCO,45.21,39,ASK
2018-12-17 10:01:21,CSCO,45.2,80,BID
2018-12-17 10:01:33,CSCO,45.21,38,ASK
2018-12-17 10:01:21,CSCO,45.2,61,BID
2018-12-17 10:01:34,CSCO,45.21,2,ASK
2018-12-17 10:01:34,CSCO,45.21,49,BID
2018-12-17 10:01:34,CSCO,45.22,21,ASK
2018-12-17 10:01:34,CSCO,45.21,35,BID
2018-12-17 10:01:36,CSCO,45.22,13,ASK
2018-12-17 10:01:21,CSCO,45.2,51,BID
2018-12-17 10:01:36,CSCO,45.21,19,ASK
2018-12-17 10:01:37,CSCO,45.21,45,BID
2018-12-17 10:01:37,CSCO,45.22,22,ASK
2018-12-17 10:01:37,CSCO,45.21,48,BID
2018-12-17 10:01:38,CSCO,45.22,16,ASK
2018-12-17 10:01:37,CSCO,45.21,48,BID
2018-12-17 10:01:39,CSCO,45.22,16,ASK
2018-12-17 10:01:37,CSCO,45.21,48,BID
2018-12-17 10:01:40,CSCO,45.22,16,ASK
2018-12-17 10:01:42,CSCO,45.21,27,BID
2018-12-17 10:01:42,CSCO,45.22,23,ASK
2018-12-17 10:01:42,CSCO,45.21,41,BID
2018-12-17 10:01:42,CSCO,45.22,16,ASK
2018-12-17 10:01:42,CSCO,45.21,27,BID
2018-12-17 10:01:42,CSCO,45.22,25,ASK
2018-12-17 10:01:21,CSCO,45.2,52,BID
2018-12-17 10:01:45,CSCO,45.21,24,ASK
2018-12-17 10:01:21,CSCO,45.2,52,BID
2018-12-17 10:01:46,CSCO,45.21,15,ASK
2018-12-17 10:01:47,CSCO,45.21,34,BID
2018-12-17 10:01:42,CSCO,45.22,28,ASK
2018-12-17 10:01:48,CSCO,45.21,33,BID
2018-12-17 10:01:42,CSCO,45.22,30,ASK
2018-12-17 10:01:48,CSCO,45.21,36,BID
2018-12-17 10:01:48,CSCO,45.22,20,ASK
2018-12-17 10:01:50,CSCO,45.21,13,BID
2018-12-17 10:01:48,CSCO,45.22,33,ASK
2018-12-17 10:01:21,CSCO,45.2,54,BID
2018-12-17 10:01:51,CSCO,45.21,27,ASK
2018-12-17 10:01:21,CSCO,45.19,26,BID
2018-12-17 10:01:51,CSCO,45.2,36,ASK
2018-12-17 10:01:53,CSCO,45.19,17,BID
2018-12-17 10:01:51,CSCO,45.2,63,ASK
2018-12-17 10:01:54,CSCO,45.19,21,BID
2018-12-17 10:01:51,CSCO,45.2,79,ASK
2018-12-17 10:01:54,CSCO,45.19,20,BID
2018-12-17 10:01:51,CSCO,45.2,69,ASK
2018-12-17 10:01:55,CSCO,45.2,50,BID
2018-12-17 10:01:55,CSCO,45.21,28,ASK
2018-12-17 10:01:55,CSCO,45.2,41,BID
2018-12-17 10:01:55,CSCO,45.21,18,ASK
2018-12-17 10:01:55,CSCO,45.2,61,BID
2018-12-17 10:01:55,CSCO,45.21,16,ASK
2018-12-17 10:01:58,CSCO,45.21,31,BID
2018-12-17 10:01:48,CSCO,45.22,40,ASK
2018-12-17 10:01:55,CSCO,45.2,22,BID
2018-12-17 10:01:59,CSCO,45.21,52,ASK
2018-12-17 10:02:01,CSCO,45.19,23,BID
2018-12-17 10:02:01,CSCO,45.2,17,ASK
2018-12-17 10:02:01,CSCO,45.19,31,BID
2018-12-17 10:02:01,CSCO,45.2,12,ASK
2018-12-17 10:02:03,CSCO,45.19,23,BID
2018-12-17 10:02:03,CSCO,45.2,18,ASK
2018-12-17 10:02:03,CSCO,45.19,28,BID
2018-12-17 10:02:03,CSCO,45.2,18,ASK
2018-12-17 10:02:03,CSCO,45.19,28,BID
2018-12-17 10:02:05,CSCO,45.2,19,ASK
2018-12-17 10:02:03,CSCO,45.19,27,BID
2018-12-17 10:02:05,CSCO,45.2,33,ASK
2018-12-17 10:02:03,CSCO,45.19,49,BID
2018-12-17 10:02:07,CSCO,45.2,32,ASK
2018-12-17 10:02:08,CSCO,45.21,43,BID
2018-12-17 10:01:48,CSCO,45.22,39,ASK
2018-12-17 10:02:09,CSCO,45.2,27,BID
2018-12-17 10:02:09,CSCO,45.21,36,ASK
2018-12-17 10:02:03,CSCO,45.19,28,BID
2018-12-17 10:02:10,CSCO,45.2,32,ASK
2018-12-17 10:02:03,CSCO,45.19,27,BID
2018-12-17 10:02:10,CSCO,45.2,33,ASK
2018-12-17 10:02:03,CSCO,45.19,24,BID
2018-12-17 10:02:10,CSCO,45.2,49,ASK
2018-12-17 10:01:02,CSCO,45.18,44,BID
2018-12-17 10:02:13,CSCO,45.19,39,ASK
2018-12-17 10:01:02,CSCO,45.18,42,BID
2018-12-17 10:02:14,CSCO,45.19,40,ASK
2018-12-17 10:02:15,CSCO,45.17,40,BID
2018-12-17 10:02:15,CSCO,45.18,18,ASK
2018-12-17 10:02:16,CSCO,45.17,32,BID
2018-12-17 10:02:16,CSCO,45.18,25,ASK
2018-12-17 10:02:17,CSCO,45.17,34,BID
2018-12-17 10:02:17,CSCO,45.18,13,ASK
2018-12-17 10:02:17,CSCO,45.17,42,BID
2018-12-17 10:02:17,CSCO,45.18,13,ASK
2018-12-17 10:02:19,CSCO,45.18,29,BID
2018-12-17 10:02:13,CSCO,45.19,33,ASK
2018-12-17 10:02:19,CSCO,45.18,27,BID
2018-12-17 10:02:13,CSCO,45.19,34,ASK
2018-12-17 10:02:21,CSCO,45.18,24,BID
2018-12-17 10:02:13,CSCO,45.19,34,ASK
2018-12-17 10:02:21,CSCO,45.18,24,BID
2018-12-17 10:02:13,CSCO,45.19,35,ASK
2018-12-17 10:02:23,CSCO,45.18,8,BID
2018-12-17 10:02:13,CSCO,45.19,35,ASK
2018-12-17 10:02:23,CSCO,45.18,12,BID
2018-12-17 10:02:13,CSCO,45.19,35,ASK
2018-12-17 10:02:25,CSCO,45.17,41,BID
2018-12-17 10:02:25,CSCO,45.18,20,ASK
2018-12-17 10:02:26,CSCO,45.17,44,BID
2018-12-17 10:02:26,CSCO,45.18,7,ASK
2018-12-17 10:02:26,CSCO,45.17,46,BID
2018-12-17 10:02:26,CSCO,45.18,8,ASK
2018-12-17 10:02:26,CSCO,45.17,35,BID
2018-12-17 10:02:28,CSCO,45.18,25,ASK
2018-12-17 10:02:28,CSCO,45.17,34,BID
2018-12-17 10:02:28,CSCO,45.18,34,ASK
2018-12-17 10:02:30,CSCO,45.17,32,BID
2018-12-17 10:02:29,CSCO,45.18,38,ASK
2018-12-17 10:02:30,CSCO,45.17,32,BID
2018-12-17 10:02:29,CSCO,45.18,41,ASK
2018-12-17 10:02:32,CSCO,45.17,36,BID
2018-12-17 10:02:29,CSCO,45.18,38,ASK
2018-12-17 10:02:32,CSCO,45.17,34,BID
2018-12-17 10:02:29,CSCO,45.18,25,ASK
2018-12-17 10:02:34,CSCO,45.17,56,BID
2018-12-17 10:02:34,CSCO,45.18,31,ASK
2018-12-17 10:02:35,CSCO,45.18,92,BID
2018-12-17 10:02:13,CSCO,45.19,34,ASK
2018-12-17 10:02:35,CSCO,45.18,33,BID
2018-12-17 10:02:35,CSCO,45.19,85,ASK
2018-12-17 10:02:34,CSCO,45.17,35,BID
2018-12-17 10:02:35,CSCO,45.18,55,ASK
2018-12-17 10:00:54,CSCO,45.16,41,BID
2018-12-17 10:02:38,CSCO,45.17,44,ASK
2018-12-17 10:02:39,CSCO,45.16,23,BID
2018-12-17 10:02:38,CSCO,45.17,44,ASK
2018-12-17 10:02:40,CSCO,45.15,27,BID
2018-12-17 10:02:40,CSCO,45.16,21,ASK
2018-12-17 10:02:41,CSCO,45.15,27,BID
