timestamp,ticker,price,volume,bid_ask
2018-12-17 09:40:36,CVX,114.03,2,BID
2018-12-17 09:40:36,CVX,114.1,1,ASK
2018-12-17 09:40:36,CVX,114.03,6,BID
2018-12-17 09:40:37,CVX,114.07,2,ASK
2018-12-17 09:40:36,CVX,114.03,6,BID
2018-12-17 09:40:37,CVX,114.09,1,ASK
2018-12-17 09:40:36,CVX,114.03,7,BID
2018-12-17 09:40:38,CVX,114.09,4,ASK
2018-12-17 09:40:39,CVX,114.03,9,BID
2018-12-17 09:40:39,CVX,114.09,7,ASK
2018-12-17 09:40:39,CVX,114.03,9,BID
2018-12-17 09:40:39,CVX,114.09,7,ASK
2018-12-17 09:40:41,CVX,114.02,1,BID
2018-12-17 09:40:41,CVX,114.04,3,ASK
2018-12-17 09:40:42,CVX,114.03,4,BID
2018-12-17 09:40:42,CVX,114.1,11,ASK
2018-12-17 09:40:42,CVX,114.03,5,BID
2018-12-17 09:40:43,CVX,114.1,10,ASK
2018-12-17 09:40:42,CVX,114.03,5,BID
2018-12-17 09:40:43,CVX,114.1,10,ASK
2018-12-17 09:40:42,CVX,114.03,5,BID
2018-12-17 09:40:43,CVX,114.1,10,ASK
2018-12-17 09:40:46,CVX,114.08,3,BID
2018-12-17 09:40:46,CVX,114.13,3,ASK
2018-12-17 09:40:47,CVX,114.08,3,BID
2018-12-17 09:40:46,CVX,114.13,2,ASK
2018-12-17 09:40:47,CVX,114.08,3,BID
2018-12-17 09:40:46,CVX,114.13,2,ASK
2018-12-17 09:40:49,CVX,114.08,5,BID
2018-12-17 09:40:49,CVX,114.12,1,ASK
2018-12-17 09:40:50,CVX,114.1,8,BID
2018-12-17 09:40:50,CVX,114.18,2,ASK
2018-12-17 09:40:50,CVX,114.1,8,BID
2018-12-17 09:40:50,CVX,114.18,2,ASK
2018-12-17 09:40:52,CVX,114.09,13,BID
2018-12-17 09:40:52,CVX,114.17,4,ASK
2018-12-17 09:40:53,CVX,114.1,2,BID
2018-12-17 09:40:53,CVX,114.15,2,ASK
2018-12-17 09:40:55,CVX,114.1,3,BID
2018-12-17 09:40:55,CVX,114.16,1,ASK
2018-12-17 09:40:55,CVX,114.1,3,BID
2018-12-17 09:40:52,CVX,114.17,4,ASK
2018-12-17 09:40:56,CVX,114.1,4,BID
2018-12-17 09:40:57,CVX,114.15,1,ASK
2018-12-17 09:40:56,CVX,114.1,4,BID
2018-12-17 09:40:57,CVX,114.15,1,ASK
2018-12-17 09:40:58,CVX,114.1,6,BID
2018-12-17 09:40:58,CVX,114.17,5,ASK
2018-12-17 09:41:00,CVX,114.12,1,BID
2018-12-17 09:41:00,CVX,114.18,4,ASK
2018-12-17 09:41:00,CVX,114.12,1,BID
2018-12-17 09:41:00,CVX,114.18,4,ASK
2018-12-17 09:41:01,CVX,114.12,2,BID
2018-12-17 09:41:00,CVX,114.18,4,ASK
2018-12-17 09:41:03,CVX,114.11,4,BID
2018-12-17 09:41:03,CVX,114.16,1,ASK
2018-12-17 09:41:03,CVX,114.11,4,BID
2018-12-17 09:41:03,CVX,114.16,1,ASK
2018-12-17 09:41:03,CVX,114.11,5,BID
2018-12-17 09:41:04,CVX,114.17,2,ASK
2018-12-17 09:41:03,CVX,114.11,5,BID
2018-12-17 09:41:04,CVX,114.17,2,ASK
2018-12-17 09:41:06,CVX,114.09,3,BID
2018-12-17 09:41:06,CVX,114.13,3,ASK
2018-12-17 09:41:07,CVX,114.09,3,BID
2018-12-17 09:41:07,CVX,114.13,4,ASK
2018-12-17 09:41:08,CVX,114.09,4,BID
2018-12-17 09:41:08,CVX,114.12,2,ASK
2018-12-17 09:41:09,CVX,114.09,4,BID
2018-12-17 09:41:07,CVX,114.13,3,ASK
2018-12-17 09:41:10,CVX,114.09,5,BID
2018-12-17 09:41:07,CVX,114.13,3,ASK
2018-12-17 09:41:10,CVX,114.09,5,BID
2018-12-17 09:41:07,CVX,114.13,3,ASK
2018-12-17 09:41:02,CVX,114.09,5,BID
2018-12-17 09:41:10,CVX,114.13,3,ASK
2018-12-17 09:41:02,CVX,114.09,5,BID
2018-12-17 09:41:10,CVX,114.13,3,ASK
2018-12-17 09:41:14,CVX,114.09,1,BID
2018-12-17 09:41:14,CVX,114.11,2,ASK
2018-12-17 09:41:15,CVX,114.09,2,BID
2018-12-17 09:41:15,CVX,114.14,1,ASK
2018-12-17 09:41:16,CVX,114.09,2,BID
2018-12-17 09:41:16,CVX,114.17,9,ASK
2018-12-17 09:41:16,CVX,114.09,10,BID
2018-12-17 09:41:16,CVX,114.17,11,ASK
2018-12-17 09:41:17,CVX,114.09,12,BID
2018-12-17 09:41:18,CVX,114.16,4,ASK
2018-12-17 09:41:17,CVX,114.09,13,BID
2018-12-17 09:41:20,CVX,114.16,4,ASK
2018-12-17 09:41:20,CVX,114.09,19,BID
2018-12-17 09:41:20,CVX,114.14,3,ASK
2018-12-17 09:41:20,CVX,114.09,19,BID
2018-12-17 09:41:20,CVX,114.14,3,ASK
2018-12-17 09:41:20,CVX,114.09,19,BID
2018-12-17 09:41:20,CVX,114.14,3,ASK
2018-12-17 09:41:23,CVX,114.09,19,BID
2018-12-17 09:41:23,CVX,114.16,11,ASK
2018-12-17 09:41:24,CVX,114.09,20,BID
2018-12-17 09:41:23,CVX,114.16,11,ASK
2018-12-17 09:41:24,CVX,114.09,20,BID
2018-12-17 09:41:23,CVX,114.16,11,ASK
2018-12-17 09:41:24,CVX,114.09,20,BID
2018-12-17 09:41:23,CVX,114.16,11,ASK
2018-12-17 09:41:28,CVX,114.09,20,BID
2018-12-17 09:41:28,CVX,114.18,5,ASK
2018-12-17 09:41:28,CVX,114.09,20,BID
2018-12-17 09:41:28,CVX,114.18,5,ASK
2018-12-17 09:41:30,CVX,114.15,18,BID
2018-12-17 09:41:30,CVX,114.21,1,ASK
2018-12-17 09:41:30,CVX,114.17,2,BID
2018-12-17 09:41:30,CVX,114.24,2,ASK
2018-12-17 09:41:31,CVX,114.18,2,BID
2018-12-17 09:41:31,CVX,114.24,2,ASK
2018-12-17 09:41:31,CVX,114.18,2,BID
2018-12-17 09:41:31,CVX,114.24,2,ASK
2018-12-17 09:41:33,CVX,114.18,3,BID
2018-12-17 09:41:33,CVX,114.24,3,ASK
2018-12-17 09:41:34,CVX,114.18,4,BID
2018-12-17 09:41:34,CVX,114.24,3,ASK
2018-12-17 09:41:35,CVX,114.16,4,BID
2018-12-17 09:41:35,CVX,114.23,4,ASK
2018-12-17 09:41:35,CVX,114.16,4,BID
2018-12-17 09:41:35,CVX,114.23,5,ASK
2018-12-17 09:41:35,CVX,114.16,4,BID
2018-12-17 09:41:35,CVX,114.23,5,ASK
2018-12-17 09:41:35,CVX,114.16,4,BID
2018-12-17 09:41:38,CVX,114.22,2,ASK
2018-12-17 09:41:35,CVX,114.16,4,BID
2018-12-17 09:41:39,CVX,114.22,3,ASK
2018-12-17 09:41:41,CVX,114.13,4,BID
2018-12-17 09:41:41,CVX,114.21,6,ASK
2018-12-17 09:41:42,CVX,114.13,4,BID
2018-12-17 09:41:42,CVX,114.18,3,ASK
2018-12-17 09:41:42,CVX,114.13,4,BID
2018-12-17 09:41:43,CVX,114.17,2,ASK
2018-12-17 09:41:42,CVX,114.13,4,BID
2018-12-17 09:41:43,CVX,114.17,2,ASK
2018-12-17 09:41:45,CVX,114.13,3,BID
2018-12-17 09:41:42,CVX,114.18,3,ASK
2018-12-17 09:41:45,CVX,114.14,8,BID
2018-12-17 09:41:46,CVX,114.19,3,ASK
2018-12-17 09:41:45,CVX,114.14,8,BID
2018-12-17 09:41:46,CVX,114.19,3,ASK
2018-12-17 09:41:45,CVX,114.14,8,BID
2018-12-17 09:41:47,CVX,114.19,1,ASK
2018-12-17 09:41:49,CVX,114.15,3,BID
2018-12-17 09:41:49,CVX,114.23,3,ASK
2018-12-17 09:41:49,CVX,114.15,4,BID
2018-12-17 09:41:49,CVX,114.23,3,ASK
2018-12-17 09:41:50,CVX,114.15,6,BID
2018-12-17 09:41:50,CVX,114.23,3,ASK
2018-12-17 09:41:52,CVX,114.15,6,BID
2018-12-17 09:41:52,CVX,114.23,5,ASK
2018-12-17 09:41:52,CVX,114.23,2,BID
2018-12-17 09:41:52,CVX,114.29,2,ASK
2018-12-17 09:41:53,CVX,114.23,3,BID
2018-12-17 09:41:53,CVX,114.29,1,ASK
2018-12-17 09:41:53,CVX,114.23,3,BID
2018-12-17 09:41:53,CVX,114.29,1,ASK
2018-12-17 09:41:54,CVX,114.25,12,BID
2018-12-17 09:41:54,CVX,114.35,3,ASK
2018-12-17 09:41:56,CVX,114.24,3,BID
2018-12-17 09:41:56,CVX,114.3,1,ASK
2018-12-17 09:41:58,CVX,114.2,2,BID
2018-12-17 09:41:58,CVX,114.23,1,ASK
2018-12-17 09:41:58,CVX,114.13,12,BID
2018-12-17 09:41:58,CVX,114.19,1,ASK
2018-12-17 09:41:59,CVX,114.13,13,BID
2018-12-17 09:41:59,CVX,114.18,1,ASK
2018-12-17 09:42:01,CVX,114.1,3,BID
2018-12-17 09:42:01,CVX,114.15,2,ASK
2018-12-17 09:42:02,CVX,114.1,3,BID
2018-12-17 09:42:02,CVX,114.15,4,ASK
2018-12-17 09:42:03,CVX,114.1,3,BID
2018-12-17 09:42:03,CVX,114.15,6,ASK
2018-12-17 09:42:03,CVX,114.1,3,BID
2018-12-17 09:42:03,CVX,114.15,6,ASK
2018-12-17 09:42:05,CVX,114.1,3,BID
2018-12-17 09:42:04,CVX,114.15,6,ASK
2018-12-17 09:42:06,CVX,114.06,4,BID
2018-12-17 09:42:06,CVX,114.1,1,ASK
2018-12-17 09:42:06,CVX,114.06,4,BID
2018-12-17 09:42:06,CVX,114.09,4,ASK
2018-12-17 09:42:07,CVX,114.06,4,BID
2018-12-17 09:42:07,CVX,114.09,5,ASK
2018-12-17 09:42:09,CVX,114.04,2,BID
2018-12-17 09:42:09,CVX,114.07,1,ASK
2018-12-17 09:42:09,CVX,114.02,5,BID
2018-12-17 09:42:09,CVX,114.06,3,ASK
2018-12-17 09:42:09,CVX,114.02,5,BID
2018-12-17 09:42:09,CVX,114.06,3,ASK
2018-12-17 09:42:09,CVX,114.02,5,BID
2018-12-17 09:42:12,CVX,114.06,7,ASK
2018-12-17 09:42:12,CVX,113.98,4,BID
2018-12-17 09:42:13,CVX,114.05,2,ASK
2018-12-17 09:42:14,CVX,113.98,4,BID
2018-12-17 09:42:14,CVX,114.04,2,ASK
2018-12-17 09:42:14,CVX,113.98,4,BID
2018-12-17 09:42:15,CVX,114.04,4,ASK
2018-12-17 09:42:14,CVX,113.98,4,BID
2018-12-17 09:42:16,CVX,114.04,5,ASK
2018-12-17 09:42:16,CVX,113.97,1,BID
2018-12-17 09:42:16,CVX,114.04,5,ASK
2018-12-17 09:42:18,CVX,113.97,2,BID
2018-12-17 09:42:18,CVX,114.04,5,ASK
2018-12-17 09:42:19,CVX,113.9,5,BID
2018-12-17 09:42:19,CVX,114.01,3,ASK
2018-12-17 09:42:19,CVX,113.9,5,BID
2018-12-17 09:42:19,CVX,114.01,3,ASK
2018-12-17 09:42:20,CVX,113.9,5,BID
2018-12-17 09:42:20,CVX,114.01,4,ASK
2018-12-17 09:42:20,CVX,113.9,5,BID
2018-12-17 09:42:20,CVX,114.01,4,ASK
2018-12-17 09:42:23,CVX,113.84,3,BID
2018-12-17 09:42:23,CVX,113.93,4,ASK
2018-12-17 09:42:24,CVX,113.84,3,BID
2018-12-17 09:42:24,CVX,113.93,8,ASK
2018-12-17 09:42:24,CVX,113.85,1,BID
2018-12-17 09:42:24,CVX,113.93,8,ASK
2018-12-17 09:42:26,CVX,113.81,17,BID
2018-12-17 09:42:26,CVX,113.89,2,ASK
2018-12-17 09:42:26,CVX,113.86,2,BID
2018-12-17 09:42:26,CVX,113.92,3,ASK
2018-12-17 09:42:27,CVX,113.86,2,BID
2018-12-17 09:42:27,CVX,113.91,1,ASK
2018-12-17 09:42:28,CVX,113.86,2,BID
2018-12-17 09:42:26,CVX,113.92,3,ASK
2018-12-17 09:42:30,CVX,113.82,4,BID
2018-12-17 09:42:30,CVX,113.91,3,ASK
2018-12-17 09:42:30,CVX,113.82,4,BID
2018-12-17 09:42:30,CVX,113.91,3,ASK
2018-12-17 09:42:30,CVX,113.82,4,BID
2018-12-17 09:42:30,CVX,113.91,3,ASK
2018-12-17 09:42:33,CVX,113.82,4,BID
2018-12-17 09:42:30,CVX,113.91,3,ASK
2018-12-17 09:42:33,CVX,113.82,4,BID
2018-12-17 09:42:33,CVX,113.9,3,ASK
2018-12-17 09:42:35,CVX,113.78,1,BID
2018-12-17 09:42:35,CVX,113.88,4,ASK
2018-12-17 09:42:36,CVX,113.78,3,BID
2018-12-17 09:42:36,CVX,113.87,5,ASK
2018-12-17 09:42:37,CVX,113.78,3,BID
2018-12-17 09:42:37,CVX,113.84,1,ASK
2018-12-17 09:42:37,CVX,113.82,2,BID
2018-12-17 09:42:37,CVX,113.87,10,ASK
2018-12-17 09:42:38,CVX,113.83,2,BID
2018-12-17 09:42:37,CVX,113.87,10,ASK
2018-12-17 09:42:40,CVX,113.85,5,BID
2018-12-17 09:42:40,CVX,113.87,1,ASK
2018-12-17 09:42:37,CVX,113.81,3,BID
2018-12-17 09:42:40,CVX,113.87,10,ASK
2018-12-17 09:42:37,CVX,113.81,3,BID
2018-12-17 09:42:40,CVX,113.91,12,ASK
2018-12-17 09:42:37,CVX,113.81,3,BID
2018-12-17 09:42:40,CVX,113.91,12,ASK
2018-12-17 09:42:44,CVX,113.82,1,BID
2018-12-17 09:42:44,CVX,113.91,14,ASK
2018-12-17 09:42:45,CVX,113.82,1,BID
2018-12-17 09:42:45,CVX,113.91,15,ASK
2018-12-17 09:42:45,CVX,113.82,1,BID
2018-12-17 09:42:45,CVX,113.91,15,ASK
2018-12-17 09:42:45,CVX,113.82,1,BID
2018-12-17 09:42:45,CVX,113.91,15,ASK
2018-12-17 09:42:37,CVX,113.81,3,BID
2018-12-17 09:42:48,CVX,113.91,18,ASK
2018-12-17 09:42:37,CVX,113.81,3,BID
2018-12-17 09:42:48,CVX,113.91,18,ASK
2018-12-17 09:42:37,CVX,113.81,3,BID
2018-12-17 09:42:50,CVX,113.91,17,ASK
2018-12-17 09:42:37,CVX,113.81,3,BID
2018-12-17 09:42:50,CVX,113.91,17,ASK
2018-12-17 09:42:37,CVX,113.81,3,BID
2018-12-17 09:42:52,CVX,113.91,17,ASK
2018-12-17 09:42:37,CVX,113.81,3,BID
2018-12-17 09:42:52,CVX,113.91,17,ASK
2018-12-17 09:42:54,CVX,113.82,1,BID
2018-12-17 09:42:54,CVX,113.91,18,ASK
2018-12-17 09:42:55,CVX,113.82,2,BID
2018-12-17 09:42:55,CVX,113.91,17,ASK
2018-12-17 09:42:55,CVX,113.82,2,BID
2018-12-17 09:42:56,CVX,113.91,17,ASK
2018-12-17 09:42:55,CVX,113.82,2,BID
2018-12-17 09:42:56,CVX,113.91,17,ASK
2018-12-17 09:42:55,CVX,113.82,2,BID
2018-12-17 09:42:56,CVX,113.91,17,ASK
2018-12-17 09:42:55,CVX,113.82,2,BID
2018-12-17 09:42:56,CVX,113.91,17,ASK
2018-12-17 09:42:55,CVX,113.82,3,BID
2018-12-17 09:42:56,CVX,113.91,17,ASK
2018-12-17 09:42:55,CVX,113.82,3,BID
2018-12-17 09:42:56,CVX,113.91,17,ASK
2018-12-17 09:42:55,CVX,113.82,3,BID
2018-12-17 09:42:56,CVX,113.91,17,ASK
2018-12-17 09:42:55,CVX,113.82,3,BID
2018-12-17 09:42:56,CVX,113.91,17,ASK
2018-12-17 09:42:55,CVX,113.82,3,BID
2018-12-17 09:43:04,CVX,113.91,16,ASK
2018-12-17 09:42:55,CVX,113.82,3,BID
2018-12-17 09:43:04,CVX,113.91,16,ASK
2018-12-17 09:42:55,CVX,113.82,3,BID
2018-12-17 09:43:04,CVX,113.91,16,ASK
2018-12-17 09:43:07,CVX,113.73,3,BID
2018-12-17 09:43:07,CVX,113.75,1,ASK
2018-12-17 09:43:08,CVX,113.73,3,BID
2018-12-17 09:43:08,CVX,113.75,1,ASK
2018-12-17 09:43:09,CVX,113.69,1,BID
2018-12-17 09:43:09,CVX,113.75,3,ASK
2018-12-17 09:43:09,CVX,113.69,1,BID
2018-12-17 09:43:09,CVX,113.75,3,ASK
2018-12-17 09:43:09,CVX,113.69,1,BID
2018-12-17 09:43:09,CVX,113.75,3,ASK
2018-12-17 09:43:09,CVX,113.69,1,BID
2018-12-17 09:43:09,CVX,113.75,3,ASK
2018-12-17 09:43:13,CVX,113.69,2,BID
2018-12-17 09:43:09,CVX,113.75,4,ASK
2018-12-17 09:43:14,CVX,113.69,4,BID
2018-12-17 09:43:14,CVX,113.73,1,ASK
2018-12-17 09:43:14,CVX,113.69,4,BID
2018-12-17 09:43:15,CVX,113.73,2,ASK
2018-12-17 09:43:16,CVX,113.72,2,BID
2018-12-17 09:43:16,CVX,113.78,3,ASK
2018-12-17 09:43:16,CVX,113.69,6,BID
2018-12-17 09:43:17,CVX,113.77,5,ASK
2018-12-17 09:43:18,CVX,113.64,2,BID
2018-12-17 09:43:18,CVX,113.71,1,ASK
2018-12-17 09:43:19,CVX,113.61,8,BID
2018-12-17 09:43:19,CVX,113.71,19,ASK
2018-12-17 09:43:19,CVX,113.6,5,BID
2018-12-17 09:43:19,CVX,113.71,20,ASK
2018-12-17 09:43:19,CVX,113.6,5,BID
2018-12-17 09:43:19,CVX,113.71,20,ASK
2018-12-17 09:43:20,CVX,113.58,3,BID
2018-12-17 09:43:20,CVX,113.65,1,ASK
2018-12-17 09:43:21,CVX,113.6,1,BID
2018-12-17 09:43:21,CVX,113.67,2,ASK
2018-12-17 09:43:21,CVX,113.6,1,BID
2018-12-17 09:43:21,CVX,113.68,13,ASK
2018-12-17 09:43:21,CVX,113.6,2,BID
2018-12-17 09:43:21,CVX,113.68,13,ASK
2018-12-17 09:43:21,CVX,113.6,2,BID
2018-12-17 09:43:22,CVX,113.68,13,ASK
2018-12-17 09:43:21,CVX,113.6,2,BID
2018-12-17 09:43:22,CVX,113.68,13,ASK
2018-12-17 09:43:23,CVX,113.61,1,BID
2018-12-17 09:43:23,CVX,113.68,13,ASK
2018-12-17 09:43:23,CVX,113.61,1,BID
2018-12-17 09:43:23,CVX,113.68,13,ASK
2018-12-17 09:43:25,CVX,113.61,3,BID
2018-12-17 09:43:23,CVX,113.68,13,ASK
2018-12-17 09:43:25,CVX,113.61,3,BID
2018-12-17 09:43:23,CVX,113.68,13,ASK
2018-12-17 09:43:28,CVX,113.61,3,BID
2018-12-17 09:43:28,CVX,113.67,2,ASK
2018-12-17 09:43:29,CVX,113.61,4,BID
2018-12-17 09:43:28,CVX,113.68,14,ASK
2018-12-17 09:43:29,CVX,113.61,4,BID
2018-12-17 09:43:28,CVX,113.68,14,ASK
2018-12-17 09:43:29,CVX,113.61,4,BID
2018-12-17 09:43:28,CVX,113.68,14,ASK
2018-12-17 09:43:29,CVX,113.61,4,BID
2018-12-17 09:43:31,CVX,113.68,14,ASK
2018-12-17 09:43:29,CVX,113.61,4,BID
2018-12-17 09:43:31,CVX,113.68,15,ASK
2018-12-17 09:43:29,CVX,113.61,4,BID
2018-12-17 09:43:34,CVX,113.68,15,ASK
2018-12-17 09:43:29,CVX,113.61,4,BID
2018-12-17 09:43:34,CVX,113.68,15,ASK
2018-12-17 09:43:38,CVX,113.55,2,BID
2018-12-17 09:43:38,CVX,113.64,13,ASK
2018-12-17 09:43:38,CVX,113.55,2,BID
2018-12-17 09:43:39,CVX,113.64,14,ASK
2018-12-17 09:43:38,CVX,113.55,2,BID
2018-12-17 09:43:39,CVX,113.64,14,ASK
2018-12-17 09:43:40,CVX,113.56,2,BID
2018-12-17 09:43:40,CVX,113.64,10,ASK
2018-12-17 09:43:42,CVX,113.59,2,BID
2018-12-17 09:43:42,CVX,113.64,11,ASK
2018-12-17 09:43:42,CVX,113.59,2,BID
2018-12-17 09:43:42,CVX,113.64,11,ASK
2018-12-17 09:43:42,CVX,113.59,2,BID
2018-12-17 09:43:42,CVX,113.64,11,ASK
2018-12-17 09:43:42,CVX,113.59,2,BID
2018-12-17 09:43:42,CVX,113.64,11,ASK
2018-12-17 09:43:42,CVX,113.59,2,BID
2018-12-17 09:43:42,CVX,113.64,11,ASK
2018-12-17 09:43:49,CVX,113.51,10,BID
2018-12-17 09:43:49,CVX,113.6,8,ASK
2018-12-17 09:43:50,CVX,113.51,10,BID
2018-12-17 09:43:49,CVX,113.6,7,ASK
2018-12-17 09:43:51,CVX,113.51,10,BID
2018-12-17 09:43:49,CVX,113.6,7,ASK
2018-12-17 09:43:52,CVX,113.51,10,BID
2018-12-17 09:43:49,CVX,113.6,7,ASK
2018-12-17 09:43:53,CVX,113.51,10,BID
2018-12-17 09:43:53,CVX,113.6,7,ASK
2018-12-17 09:43:54,CVX,113.51,10,BID
2018-12-17 09:43:54,CVX,113.6,10,ASK
2018-12-17 09:43:55,CVX,113.51,10,BID
2018-12-17 09:43:55,CVX,113.57,2,ASK
2018-12-17 09:43:55,CVX,113.51,10,BID
2018-12-17 09:43:55,CVX,113.57,2,ASK
2018-12-17 09:43:57,CVX,113.51,10,BID
2018-12-17 09:43:55,CVX,113.57,2,ASK
2018-12-17 09:43:57,CVX,113.51,10,BID
2018-12-17 09:43:55,CVX,113.57,2,ASK
2018-12-17 09:44:00,CVX,113.52,4,BID
2018-12-17 09:44:00,CVX,113.57,3,ASK
2018-12-17 09:44:00,CVX,113.54,4,BID
2018-12-17 09:43:54,CVX,113.6,8,ASK
2018-12-17 09:44:01,CVX,113.55,3,BID
2018-12-17 09:44:01,CVX,113.63,5,ASK
2018-12-17 09:44:01,CVX,113.55,3,BID
2018-12-17 09:44:02,CVX,113.63,5,ASK
2018-12-17 09:44:03,CVX,113.55,2,BID
2018-12-17 09:44:03,CVX,113.63,4,ASK
2018-12-17 09:44:03,CVX,113.55,2,BID
2018-12-17 09:44:03,CVX,113.63,4,ASK
2018-12-17 09:44:05,CVX,113.61,3,BID
2018-12-17 09:43:38,CVX,113.68,16,ASK
2018-12-17 09:44:06,CVX,113.61,3,BID
2018-12-17 09:44:06,CVX,113.68,17,ASK
2018-12-17 09:44:06,CVX,113.61,3,BID
2018-12-17 09:44:06,CVX,113.68,19,ASK
2018-12-17 09:44:06,CVX,113.61,3,BID
2018-12-17 09:44:06,CVX,113.68,19,ASK
2018-12-17 09:44:06,CVX,113.61,3,BID
2018-12-17 09:44:06,CVX,113.68,19,ASK
2018-12-17 09:44:06,CVX,113.61,3,BID
2018-12-17 09:44:06,CVX,113.68,19,ASK
2018-12-17 09:44:06,CVX,113.61,3,BID
2018-12-17 09:44:06,CVX,113.68,19,ASK
2018-12-17 09:44:11,CVX,113.65,3,BID
2018-12-17 09:44:11,CVX,113.71,18,ASK
2018-12-17 09:44:11,CVX,113.65,4,BID
2018-12-17 09:44:11,CVX,113.71,17,ASK
2018-12-17 09:44:11,CVX,113.65,4,BID
2018-12-17 09:44:11,CVX,113.71,17,ASK
2018-12-17 09:44:11,CVX,113.65,4,BID
2018-12-17 09:44:15,CVX,113.71,19,ASK
2018-12-17 09:44:16,CVX,113.62,12,BID
2018-12-17 09:44:16,CVX,113.67,4,ASK
2018-12-17 09:44:18,CVX,113.6,5,BID
2018-12-17 09:44:18,CVX,113.67,4,ASK
2018-12-17 09:44:19,CVX,113.61,1,BID
2018-12-17 09:44:19,CVX,113.66,2,ASK
2018-12-17 09:44:19,CVX,113.61,1,BID
2018-12-17 09:44:19,CVX,113.66,2,ASK
2018-12-17 09:44:19,CVX,113.61,1,BID
2018-12-17 09:44:19,CVX,113.66,2,ASK
2018-12-17 09:44:19,CVX,113.61,1,BID
2018-12-17 09:44:19,CVX,113.66,2,ASK
2018-12-17 09:44:22,CVX,113.61,11,BID
2018-12-17 09:44:22,CVX,113.69,2,ASK
2018-12-17 09:44:22,CVX,113.61,11,BID
2018-12-17 09:44:22,CVX,113.69,2,ASK
2018-12-17 09:44:22,CVX,113.61,12,BID
2018-12-17 09:44:24,CVX,113.69,2,ASK
2018-12-17 09:44:22,CVX,113.61,12,BID
2018-12-17 09:44:25,CVX,113.67,1,ASK
2018-12-17 09:44:22,CVX,113.61,12,BID
2018-12-17 09:44:25,CVX,113.67,1,ASK
2018-12-17 09:44:27,CVX,113.61,14,BID
2018-12-17 09:44:27,CVX,113.66,2,ASK
2018-12-17 09:44:27,CVX,113.61,14,BID
2018-12-17 09:44:27,CVX,113.66,2,ASK
2018-12-17 09:44:30,CVX,113.61,14,BID
2018-12-17 09:44:30,CVX,113.66,2,ASK
2018-12-17 09:44:30,CVX,113.61,14,BID
2018-12-17 09:44:30,CVX,113.66,2,ASK
2018-12-17 09:44:32,CVX,113.61,14,BID
2018-12-17 09:44:32,CVX,113.65,2,ASK
2018-12-17 09:44:33,CVX,113.61,14,BID
2018-12-17 09:44:32,CVX,113.65,4,ASK
2018-12-17 09:44:33,CVX,113.61,14,BID
2018-12-17 09:44:32,CVX,113.65,4,ASK
2018-12-17 09:44:35,CVX,113.53,1,BID
2018-12-17 09:44:35,CVX,113.61,1,ASK
2018-12-17 09:44:35,CVX,113.57,3,BID
2018-12-17 09:44:35,CVX,113.63,2,ASK
2018-12-17 09:44:36,CVX,113.57,4,BID
2018-12-17 09:44:35,CVX,113.64,18,ASK
2018-12-17 09:44:36,CVX,113.57,4,BID
2018-12-17 09:44:35,CVX,113.64,18,ASK
2018-12-17 09:44:38,CVX,113.57,4,BID
2018-12-17 09:44:38,CVX,113.63,3,ASK
2018-12-17 09:44:38,CVX,113.57,4,BID
2018-12-17 09:44:38,CVX,113.63,3,ASK
2018-12-17 09:44:40,CVX,113.57,4,BID
2018-12-17 09:44:40,CVX,113.63,3,ASK
2018-12-17 09:44:40,CVX,113.57,4,BID
2018-12-17 09:44:40,CVX,113.63,3,ASK
2018-12-17 09:44:43,CVX,113.53,2,BID
2018-12-17 09:44:43,CVX,113.56,1,ASK
2018-12-17 09:44:43,CVX,113.53,4,BID
2018-12-17 09:44:43,CVX,113.56,1,ASK
2018-12-17 09:44:45,CVX,113.53,5,BID
2018-12-17 09:44:45,CVX,113.56,1,ASK
2018-12-17 09:44:45,CVX,113.53,5,BID
2018-12-17 09:44:46,CVX,113.56,1,ASK
2018-12-17 09:44:45,CVX,113.53,5,BID
2018-12-17 09:44:46,CVX,113.56,1,ASK
2018-12-17 09:44:47,CVX,113.53,5,BID
2018-12-17 09:44:47,CVX,113.56,1,ASK
2018-12-17 09:44:48,CVX,113.53,5,BID
2018-12-17 09:44:48,CVX,113.56,1,ASK
2018-12-17 09:44:49,CVX,113.53,5,BID
2018-12-17 09:44:49,CVX,113.56,1,ASK
2018-12-17 09:44:49,CVX,113.53,5,BID
2018-12-17 09:44:49,CVX,113.56,1,ASK
2018-12-17 09:44:49,CVX,113.53,5,BID
2018-12-17 09:44:49,CVX,113.56,1,ASK
2018-12-17 09:44:49,CVX,113.53,5,BID
2018-12-17 09:44:49,CVX,113.56,1,ASK
2018-12-17 09:44:49,CVX,113.53,5,BID
2018-12-17 09:44:49,CVX,113.56,1,ASK
2018-12-17 09:44:54,CVX,113.53,5,BID
2018-12-17 09:44:54,CVX,113.56,1,ASK
2018-12-17 09:44:55,CVX,113.53,6,BID
2018-12-17 09:44:55,CVX,113.56,1,ASK
2018-12-17 09:44:55,CVX,113.53,6,BID
2018-12-17 09:44:57,CVX,113.55,1,ASK
2018-12-17 09:44:00,CVX,113.52,6,BID
2018-12-17 09:44:57,CVX,113.55,1,ASK
2018-12-17 09:44:58,CVX,113.47,2,BID
2018-12-17 09:44:58,CVX,113.55,5,ASK
2018-12-17 09:45:00,CVX,113.47,5,BID
2018-12-17 09:45:00,CVX,113.55,9,ASK
2018-12-17 09:45:00,CVX,113.47,5,BID
2018-12-17 09:45:00,CVX,113.55,9,ASK
2018-12-17 09:45:00,CVX,113.47,4,BID
2018-12-17 09:45:00,CVX,113.55,9,ASK
2018-12-17 09:45:02,CVX,113.47,4,BID
2018-12-17 09:45:02,CVX,113.55,9,ASK
2018-12-17 09:45:03,CVX,113.47,5,BID
2018-12-17 09:45:03,CVX,113.55,9,ASK
2018-12-17 09:45:03,CVX,113.47,5,BID
2018-12-17 09:45:03,CVX,113.55,9,ASK
2018-12-17 09:45:06,CVX,113.48,2,BID
2018-12-17 09:45:06,CVX,113.55,9,ASK
2018-12-17 09:45:06,CVX,113.48,2,BID
2018-12-17 09:45:06,CVX,113.55,9,ASK
2018-12-17 09:45:08,CVX,113.48,2,BID
2018-12-17 09:45:08,CVX,113.55,10,ASK
2018-12-17 09:45:08,CVX,113.42,2,BID
2018-12-17 09:45:08,CVX,113.48,3,ASK
2018-12-17 09:45:09,CVX,113.41,2,BID
2018-12-17 09:45:09,CVX,113.48,4,ASK
2018-12-17 09:45:10,CVX,113.41,2,BID
2018-12-17 09:45:09,CVX,113.48,4,ASK
2018-12-17 09:45:11,CVX,113.41,2,BID
2018-12-17 09:45:11,CVX,113.48,6,ASK
2018-12-17 09:45:11,CVX,113.41,2,BID
2018-12-17 09:45:08,CVX,113.48,6,ASK
2018-12-17 09:45:11,CVX,113.41,2,BID
2018-12-17 09:45:08,CVX,113.48,6,ASK
2018-12-17 09:45:11,CVX,113.41,2,BID
2018-12-17 09:45:08,CVX,113.48,6,ASK
2018-12-17 09:45:16,CVX,113.45,3,BID
2018-12-17 09:45:16,CVX,113.51,8,ASK
2018-12-17 09:45:16,CVX,113.45,4,BID
2018-12-17 09:45:16,CVX,113.51,2,ASK
2018-12-17 09:45:17,CVX,113.45,4,BID
2018-12-17 09:45:17,CVX,113.5,4,ASK
2018-12-17 09:45:19,CVX,113.49,1,BID
2018-12-17 09:45:19,CVX,113.51,1,ASK
2018-12-17 09:45:19,CVX,113.49,2,BID
2018-12-17 09:45:19,CVX,113.51,3,ASK
2018-12-17 09:45:20,CVX,113.45,5,BID
2018-12-17 09:45:20,CVX,113.5,1,ASK
2018-12-17 09:45:21,CVX,113.46,3,BID
2018-12-17 09:45:20,CVX,113.51,9,ASK
2018-12-17 09:45:21,CVX,113.46,2,BID
2018-12-17 09:45:20,CVX,113.51,8,ASK
2018-12-17 09:45:22,CVX,113.49,1,BID
2018-12-17 09:45:22,CVX,113.55,2,ASK
2018-12-17 09:45:23,CVX,113.47,10,BID
2018-12-17 09:45:23,CVX,113.55,20,ASK
2018-12-17 09:45:24,CVX,113.5,1,BID
2018-12-17 09:45:24,CVX,113.56,1,ASK
2018-12-17 09:45:25,CVX,113.5,1,BID
2018-12-17 09:45:25,CVX,113.57,4,ASK
2018-12-17 09:45:25,CVX,113.5,2,BID
2018-12-17 09:45:25,CVX,113.56,1,ASK
2018-12-17 09:45:28,CVX,113.51,3,BID
2018-12-17 09:45:28,CVX,113.53,1,ASK
2018-12-17 09:45:30,CVX,113.48,2,BID
2018-12-17 09:45:30,CVX,113.51,2,ASK
2018-12-17 09:45:30,CVX,113.47,13,BID
2018-12-17 09:45:30,CVX,113.51,2,ASK
2018-12-17 09:45:32,CVX,113.47,13,BID
2018-12-17 09:45:32,CVX,113.51,2,ASK
2018-12-17 09:45:32,CVX,113.47,13,BID
2018-12-17 09:45:32,CVX,113.51,2,ASK
2018-12-17 09:45:32,CVX,113.47,13,BID
2018-12-17 09:45:32,CVX,113.51,2,ASK
2018-12-17 09:45:34,CVX,113.47,13,BID
2018-12-17 09:45:34,CVX,113.56,2,ASK
2018-12-17 09:45:34,CVX,113.47,13,BID
2018-12-17 09:45:35,CVX,113.51,2,ASK
2018-12-17 09:45:34,CVX,113.47,14,BID
2018-12-17 09:45:35,CVX,113.51,4,ASK
2018-12-17 09:45:34,CVX,113.47,15,BID
2018-12-17 09:45:37,CVX,113.51,2,ASK
2018-12-17 09:45:34,CVX,113.47,15,BID
2018-12-17 09:45:37,CVX,113.51,2,ASK
2018-12-17 09:45:40,CVX,113.48,1,BID
2018-12-17 09:45:40,CVX,113.53,1,ASK
2018-12-17 09:45:34,CVX,113.47,17,BID
2018-12-17 09:45:40,CVX,113.51,1,ASK
2018-12-17 09:45:34,CVX,113.47,17,BID
2018-12-17 09:45:40,CVX,113.51,1,ASK
2018-12-17 09:45:34,CVX,113.47,17,BID
2018-12-17 09:45:42,CVX,113.51,1,ASK
2018-12-17 09:45:34,CVX,113.47,17,BID
2018-12-17 09:45:44,CVX,113.51,1,ASK
2018-12-17 09:45:34,CVX,113.47,17,BID
2018-12-17 09:45:44,CVX,113.51,1,ASK
2018-12-17 09:45:34,CVX,113.47,17,BID
2018-12-17 09:45:46,CVX,113.51,15,ASK
2018-12-17 09:45:34,CVX,113.47,17,BID
2018-12-17 09:45:47,CVX,113.52,10,ASK
2018-12-17 09:45:34,CVX,113.47,17,BID
2018-12-17 09:45:47,CVX,113.52,10,ASK
2018-12-17 09:45:34,CVX,113.47,17,BID
2018-12-17 09:45:49,CVX,113.52,7,ASK
2018-12-17 09:45:50,CVX,113.48,1,BID
2018-12-17 09:45:50,CVX,113.52,10,ASK
2018-12-17 09:45:34,CVX,113.47,16,BID
2018-12-17 09:45:51,CVX,113.51,3,ASK
2018-12-17 09:45:52,CVX,113.55,1,BID
2018-12-17 09:45:52,CVX,113.62,10,ASK
2018-12-17 09:45:53,CVX,113.55,2,BID
2018-12-17 09:45:52,CVX,113.6,2,ASK
2018-12-17 09:45:54,CVX,113.52,1,BID
2018-12-17 09:45:54,CVX,113.6,2,ASK
2018-12-17 09:45:55,CVX,113.52,4,BID
2018-12-17 09:45:54,CVX,113.6,2,ASK
2018-12-17 09:45:55,CVX,113.52,4,BID
2018-12-17 09:45:55,CVX,113.6,3,ASK
2018-12-17 09:45:57,CVX,113.53,2,BID
2018-12-17 09:45:55,CVX,113.6,3,ASK
2018-12-17 09:45:58,CVX,113.52,20,BID
2018-12-17 09:45:58,CVX,113.58,4,ASK
2018-12-17 09:45:59,CVX,113.53,1,BID
2018-12-17 09:45:59,CVX,113.61,1,ASK
2018-12-17 09:46:00,CVX,113.53,3,BID
2018-12-17 09:46:00,CVX,113.61,1,ASK
2018-12-17 09:46:00,CVX,113.53,4,BID
2018-12-17 09:46:01,CVX,113.61,1,ASK
2018-12-17 09:46:01,CVX,113.62,5,BID
2018-12-17 09:46:02,CVX,113.68,2,ASK
2018-12-17 09:46:03,CVX,113.63,1,BID
2018-12-17 09:46:03,CVX,113.68,2,ASK
2018-12-17 09:46:04,CVX,113.64,1,BID
2018-12-17 09:46:04,CVX,113.7,2,ASK
2018-12-17 09:46:04,CVX,113.64,1,BID
2018-12-17 09:46:04,CVX,113.7,2,ASK
2018-12-17 09:46:05,CVX,113.64,1,BID
2018-12-17 09:46:05,CVX,113.7,4,ASK
2018-12-17 09:46:05,CVX,113.64,1,BID
2018-12-17 09:46:05,CVX,113.7,4,ASK
2018-12-17 09:46:07,CVX,113.65,2,BID
2018-12-17 09:46:07,CVX,113.7,2,ASK
2018-12-17 09:46:08,CVX,113.68,1,BID
2018-12-17 09:46:08,CVX,113.74,5,ASK
2018-12-17 09:46:10,CVX,113.68,2,BID
2018-12-17 09:46:08,CVX,113.74,5,ASK
2018-12-17 09:46:11,CVX,113.72,3,BID
2018-12-17 09:46:11,CVX,113.79,4,ASK
2018-12-17 09:46:12,CVX,113.72,3,BID
2018-12-17 09:46:12,CVX,113.79,4,ASK
2018-12-17 09:46:13,CVX,113.72,6,BID
2018-12-17 09:46:13,CVX,113.79,4,ASK
2018-12-17 09:46:14,CVX,113.73,14,BID
2018-12-17 09:43:07,CVX,113.82,9,ASK
2018-12-17 09:46:14,CVX,113.73,14,BID
2018-12-17 09:43:07,CVX,113.82,9,ASK
2018-12-17 09:46:16,CVX,113.73,16,BID
2018-12-17 09:46:16,CVX,113.79,2,ASK
2018-12-17 09:46:16,CVX,113.73,16,BID
2018-12-17 09:46:16,CVX,113.79,2,ASK
2018-12-17 09:46:16,CVX,113.73,16,BID
2018-12-17 09:46:16,CVX,113.79,2,ASK
2018-12-17 09:46:19,CVX,113.73,17,BID
2018-12-17 09:46:19,CVX,113.79,2,ASK
2018-12-17 09:46:19,CVX,113.73,16,BID
2018-12-17 09:46:19,CVX,113.78,1,ASK
2018-12-17 09:46:20,CVX,113.73,17,BID
2018-12-17 09:46:20,CVX,113.78,1,ASK
2018-12-17 09:46:22,CVX,113.73,17,BID
2018-12-17 09:46:22,CVX,113.78,2,ASK
2018-12-17 09:46:23,CVX,113.73,17,BID
2018-12-17 09:46:19,CVX,113.79,2,ASK
2018-12-17 09:46:23,CVX,113.73,17,BID
2018-12-17 09:46:19,CVX,113.79,2,ASK
2018-12-17 09:46:23,CVX,113.73,17,BID
2018-12-17 09:46:19,CVX,113.79,2,ASK
2018-12-17 09:46:23,CVX,113.73,17,BID
2018-12-17 09:46:19,CVX,113.79,2,ASK
2018-12-17 09:46:23,CVX,113.73,17,BID
2018-12-17 09:46:19,CVX,113.79,2,ASK
2018-12-17 09:46:28,CVX,113.73,19,BID
2018-12-17 09:46:28,CVX,113.77,1,ASK
2018-12-17 09:46:29,CVX,113.73,19,BID
2018-12-17 09:46:29,CVX,113.77,2,ASK
2018-12-17 09:46:30,CVX,113.73,19,BID
2018-12-17 09:46:30,CVX,113.77,2,ASK
2018-12-17 09:46:31,CVX,113.73,18,BID
2018-12-17 09:46:31,CVX,113.77,2,ASK
2018-12-17 09:46:31,CVX,113.74,1,BID
2018-12-17 09:46:31,CVX,113.8,10,ASK
2018-12-17 09:46:31,CVX,113.73,10,BID
2018-12-17 09:46:32,CVX,113.78,3,ASK
2018-12-17 09:46:31,CVX,113.73,10,BID
2018-12-17 09:46:32,CVX,113.78,3,ASK
2018-12-17 09:46:31,CVX,113.73,10,BID
2018-12-17 09:46:32,CVX,113.78,3,ASK
2018-12-17 09:46:31,CVX,113.73,10,BID
2018-12-17 09:46:32,CVX,113.78,3,ASK
2018-12-17 09:46:36,CVX,113.73,2,BID
2018-12-17 09:46:36,CVX,113.78,11,ASK
2018-12-17 09:46:13,CVX,113.72,7,BID
2018-12-17 09:46:36,CVX,113.78,11,ASK
2018-12-17 09:46:13,CVX,113.72,7,BID
2018-12-17 09:46:36,CVX,113.78,11,ASK
2018-12-17 09:46:13,CVX,113.72,11,BID
2018-12-17 09:46:36,CVX,113.78,11,ASK
2018-12-17 09:46:13,CVX,113.72,11,BID
2018-12-17 09:46:36,CVX,113.78,11,ASK
2018-12-17 09:46:13,CVX,113.72,11,BID
2018-12-17 09:46:36,CVX,113.78,11,ASK
2018-12-17 09:46:13,CVX,113.72,11,BID
2018-12-17 09:46:36,CVX,113.78,11,ASK
2018-12-17 09:46:44,CVX,113.7,5,BID
2018-12-17 09:46:44,CVX,113.75,2,ASK
2018-12-17 09:46:44,CVX,113.7,5,BID
2018-12-17 09:46:44,CVX,113.75,2,ASK
2018-12-17 09:46:44,CVX,113.7,5,BID
2018-12-17 09:46:44,CVX,113.75,2,ASK
2018-12-17 09:46:44,CVX,113.7,5,BID
2018-12-17 09:46:44,CVX,113.75,2,ASK
2018-12-17 09:46:44,CVX,113.7,5,BID
2018-12-17 09:46:44,CVX,113.75,2,ASK
2018-12-17 09:46:49,CVX,113.71,2,BID
2018-12-17 09:46:49,CVX,113.75,2,ASK
2018-12-17 09:46:44,CVX,113.7,6,BID
2018-12-17 09:46:50,CVX,113.75,2,ASK
2018-12-17 09:46:44,CVX,113.7,6,BID
2018-12-17 09:46:50,CVX,113.75,2,ASK
2018-12-17 09:46:52,CVX,113.71,1,BID
2018-12-17 09:46:52,CVX,113.75,2,ASK
2018-12-17 09:46:53,CVX,113.71,2,BID
2018-12-17 09:46:53,CVX,113.75,2,ASK
2018-12-17 09:46:54,CVX,113.71,3,BID
2018-12-17 09:46:54,CVX,113.75,2,ASK
2018-12-17 09:46:54,CVX,113.71,3,BID
2018-12-17 09:46:54,CVX,113.75,2,ASK
2018-12-17 09:46:54,CVX,113.71,3,BID
2018-12-17 09:46:54,CVX,113.75,2,ASK
2018-12-17 09:46:57,CVX,113.72,9,BID
2018-12-17 09:46:57,CVX,113.78,14,ASK
2018-12-17 09:46:58,CVX,113.72,11,BID
2018-12-17 09:46:58,CVX,113.78,2,ASK
2018-12-17 09:46:58,CVX,113.72,11,BID
2018-12-17 09:46:58,CVX,113.78,2,ASK
2018-12-17 09:47:00,CVX,113.72,11,BID
2018-12-17 09:47:00,CVX,113.78,2,ASK
2018-12-17 09:47:00,CVX,113.72,11,BID
2018-12-17 09:47:00,CVX,113.78,2,ASK
2018-12-17 09:47:00,CVX,113.72,11,BID
2018-12-17 09:47:00,CVX,113.78,2,ASK
2018-12-17 09:47:03,CVX,113.78,2,BID
2018-12-17 09:47:03,CVX,113.82,7,ASK
2018-12-17 09:47:03,CVX,113.78,4,BID
2018-12-17 09:47:03,CVX,113.82,7,ASK
2018-12-17 09:47:05,CVX,113.78,5,BID
2018-12-17 09:47:05,CVX,113.82,7,ASK
2018-12-17 09:47:05,CVX,113.78,5,BID
2018-12-17 09:47:05,CVX,113.82,7,ASK
2018-12-17 09:47:05,CVX,113.78,5,BID
2018-12-17 09:47:05,CVX,113.82,7,ASK
2018-12-17 09:47:08,CVX,113.79,3,BID
2018-12-17 09:47:05,CVX,113.82,7,ASK
2018-12-17 09:47:09,CVX,113.76,4,BID
2018-12-17 09:47:09,CVX,113.81,1,ASK
2018-12-17 09:47:10,CVX,113.77,1,BID
2018-12-17 09:47:10,CVX,113.81,2,ASK
2018-12-17 09:47:10,CVX,113.77,1,BID
2018-12-17 09:47:10,CVX,113.81,2,ASK
2018-12-17 09:47:10,CVX,113.77,1,BID
2018-12-17 09:47:10,CVX,113.81,2,ASK
2018-12-17 09:47:12,CVX,113.77,1,BID
2018-12-17 09:47:10,CVX,113.81,4,ASK
2018-12-17 09:47:14,CVX,113.77,4,BID
2018-12-17 09:47:14,CVX,113.82,8,ASK
2018-12-17 09:47:14,CVX,113.77,4,BID
2018-12-17 09:47:14,CVX,113.81,1,ASK
2018-12-17 09:47:14,CVX,113.77,5,BID
2018-12-17 09:47:14,CVX,113.82,8,ASK
2018-12-17 09:47:17,CVX,113.79,3,BID
2018-12-17 09:47:17,CVX,113.85,12,ASK
2018-12-17 09:47:18,CVX,113.79,3,BID
2018-12-17 09:47:18,CVX,113.84,1,ASK
2018-12-17 09:47:19,CVX,113.79,3,BID
2018-12-17 09:47:19,CVX,113.83,2,ASK
2018-12-17 09:47:19,CVX,113.79,3,BID
2018-12-17 09:47:19,CVX,113.83,2,ASK
2018-12-17 09:47:21,CVX,113.79,4,BID
2018-12-17 09:47:21,CVX,113.84,2,ASK
2018-12-17 09:47:22,CVX,113.79,4,BID
2018-12-17 09:47:22,CVX,113.84,3,ASK
2018-12-17 09:47:23,CVX,113.77,6,BID
2018-12-17 09:47:23,CVX,113.81,17,ASK
2018-12-17 09:47:24,CVX,113.77,6,BID
2018-12-17 09:47:24,CVX,113.81,16,ASK
2018-12-17 09:47:24,CVX,113.77,6,BID
2018-12-17 09:47:24,CVX,113.81,16,ASK
2018-12-17 09:47:24,CVX,113.77,6,BID
2018-12-17 09:47:24,CVX,113.81,16,ASK
2018-12-17 09:47:24,CVX,113.77,6,BID
2018-12-17 09:47:24,CVX,113.81,16,ASK
2018-12-17 09:47:24,CVX,113.77,6,BID
2018-12-17 09:47:24,CVX,113.81,16,ASK
2018-12-17 09:47:29,CVX,113.77,6,BID
2018-12-17 09:47:29,CVX,113.82,2,ASK
2018-12-17 09:47:30,CVX,113.77,6,BID
2018-12-17 09:47:30,CVX,113.82,2,ASK
2018-12-17 09:47:31,CVX,113.74,2,BID
2018-12-17 09:47:31,CVX,113.77,3,ASK
2018-12-17 09:47:32,CVX,113.75,1,BID
2018-12-17 09:47:31,CVX,113.82,4,ASK
2018-12-17 09:47:32,CVX,113.75,1,BID
2018-12-17 09:47:31,CVX,113.82,4,ASK
2018-12-17 09:47:34,CVX,113.75,3,BID
2018-12-17 09:47:34,CVX,113.82,7,ASK
2018-12-17 09:47:34,CVX,113.75,3,BID
2018-12-17 09:47:34,CVX,113.82,7,ASK
2018-12-17 09:47:36,CVX,113.76,1,BID
2018-12-17 09:47:34,CVX,113.82,7,ASK
2018-12-17 09:47:37,CVX,113.76,1,BID
2018-12-17 09:47:34,CVX,113.82,7,ASK
2018-12-17 09:47:38,CVX,113.76,3,BID
2018-12-17 09:47:38,CVX,113.81,1,ASK
2018-12-17 09:47:39,CVX,113.76,6,BID
2018-12-17 09:47:34,CVX,113.82,7,ASK
2018-12-17 09:47:40,CVX,113.76,6,BID
2018-12-17 09:47:40,CVX,113.81,1,ASK
2018-12-17 09:47:41,CVX,113.76,7,BID
2018-12-17 09:47:41,CVX,113.81,1,ASK
2018-12-17 09:47:42,CVX,113.76,8,BID
2018-12-17 09:47:42,CVX,113.83,3,ASK
2018-12-17 09:47:42,CVX,113.76,6,BID
2018-12-17 09:47:43,CVX,113.81,1,ASK
2018-12-17 09:47:42,CVX,113.76,7,BID
2018-12-17 09:47:44,CVX,113.82,1,ASK
2018-12-17 09:47:42,CVX,113.76,6,BID
2018-12-17 09:47:45,CVX,113.81,3,ASK
2018-12-17 09:47:42,CVX,113.76,6,BID
2018-12-17 09:47:46,CVX,113.8,3,ASK
2018-12-17 09:47:42,CVX,113.76,7,BID
2018-12-17 09:47:46,CVX,113.8,3,ASK
2018-12-17 09:47:42,CVX,113.76,7,BID
2018-12-17 09:47:46,CVX,113.8,3,ASK
2018-12-17 09:47:49,CVX,113.77,9,BID
2018-12-17 09:47:49,CVX,113.81,1,ASK
2018-12-17 09:47:50,CVX,113.78,3,BID
2018-12-17 09:47:50,CVX,113.81,1,ASK
2018-12-17 09:47:51,CVX,113.78,4,BID
2018-12-17 09:47:51,CVX,113.81,1,ASK
2018-12-17 09:47:52,CVX,113.78,3,BID
2018-12-17 09:47:52,CVX,113.81,1,ASK
2018-12-17 09:47:52,CVX,113.78,3,BID
2018-12-17 09:47:52,CVX,113.81,1,ASK
2018-12-17 09:47:54,CVX,113.78,3,BID
2018-12-17 09:47:54,CVX,113.81,1,ASK
2018-12-17 09:47:54,CVX,113.78,3,BID
2018-12-17 09:47:54,CVX,113.81,1,ASK
2018-12-17 09:47:54,CVX,113.78,3,BID
2018-12-17 09:47:54,CVX,113.81,1,ASK
2018-12-17 09:47:57,CVX,113.78,5,BID
2018-12-17 09:47:57,CVX,113.81,2,ASK
2018-12-17 09:47:58,CVX,113.79,1,BID
2018-12-17 09:47:58,CVX,113.81,1,ASK
2018-12-17 09:47:59,CVX,113.77,10,BID
2018-12-17 09:47:59,CVX,113.79,1,ASK
2018-12-17 09:47:42,CVX,113.76,6,BID
2018-12-17 09:48:00,CVX,113.78,1,ASK
2018-12-17 09:47:42,CVX,113.76,5,BID
2018-12-17 09:48:01,CVX,113.78,1,ASK
2018-12-17 09:47:42,CVX,113.76,5,BID
2018-12-17 09:48:02,CVX,113.81,10,ASK
2018-12-17 09:47:42,CVX,113.76,5,BID
2018-12-17 09:48:02,CVX,113.81,10,ASK
2018-12-17 09:47:42,CVX,113.76,5,BID
2018-12-17 09:48:02,CVX,113.81,10,ASK
2018-12-17 09:47:42,CVX,113.76,5,BID
2018-12-17 09:48:02,CVX,113.81,10,ASK
2018-12-17 09:47:42,CVX,113.76,6,BID
2018-12-17 09:48:06,CVX,113.81,10,ASK
2018-12-17 09:47:42,CVX,113.76,6,BID
2018-12-17 09:48:07,CVX,113.81,12,ASK
2018-12-17 09:47:42,CVX,113.76,6,BID
2018-12-17 09:48:07,CVX,113.81,12,ASK
2018-12-17 09:48:09,CVX,113.75,4,BID
2018-12-17 09:48:09,CVX,113.8,1,ASK
2018-12-17 09:48:10,CVX,113.75,5,BID
2018-12-17 09:48:10,CVX,113.81,13,ASK
2018-12-17 09:48:10,CVX,113.75,5,BID
2018-12-17 09:48:10,CVX,113.81,13,ASK
2018-12-17 09:48:12,CVX,113.75,8,BID
2018-12-17 09:48:10,CVX,113.81,13,ASK
2018-12-17 09:47:32,CVX,113.75,8,BID
2018-12-17 09:48:13,CVX,113.79,1,ASK
2018-12-17 09:48:15,CVX,113.72,14,BID
2018-12-17 09:48:15,CVX,113.76,3,ASK
2018-12-17 09:48:15,CVX,113.72,14,BID
2018-12-17 09:48:15,CVX,113.76,3,ASK
2018-12-17 09:48:15,CVX,113.72,14,BID
2018-12-17 09:48:15,CVX,113.76,3,ASK
2018-12-17 09:48:17,CVX,113.73,2,BID
2018-12-17 09:48:17,CVX,113.79,4,ASK
2018-12-17 09:48:18,CVX,113.73,2,BID
2018-12-17 09:48:17,CVX,113.79,4,ASK
2018-12-17 09:48:17,CVX,113.72,12,BID
2018-12-17 09:48:19,CVX,113.78,3,ASK
2018-12-17 09:48:17,CVX,113.72,12,BID
2018-12-17 09:48:20,CVX,113.78,4,ASK
2018-12-17 09:48:17,CVX,113.72,12,BID
2018-12-17 09:48:20,CVX,113.78,4,ASK
2018-12-17 09:48:17,CVX,113.72,12,BID
2018-12-17 09:48:17,CVX,113.79,4,ASK
2018-12-17 09:48:23,CVX,113.79,3,BID
2018-12-17 09:48:23,CVX,113.85,12,ASK
2018-12-17 09:48:23,CVX,113.79,3,BID
2018-12-17 09:48:23,CVX,113.85,12,ASK
2018-12-17 09:48:23,CVX,113.79,3,BID
2018-12-17 09:48:23,CVX,113.85,12,ASK
2018-12-17 09:48:23,CVX,113.75,6,BID
2018-12-17 09:48:27,CVX,113.79,2,ASK
2018-12-17 09:48:23,CVX,113.75,6,BID
2018-12-17 09:48:27,CVX,113.79,2,ASK
2018-12-17 09:48:23,CVX,113.75,5,BID
2018-12-17 09:48:28,CVX,113.81,1,ASK
2018-12-17 09:48:23,CVX,113.75,5,BID
2018-12-17 09:48:30,CVX,113.81,1,ASK
2018-12-17 09:48:31,CVX,113.74,2,BID
2018-12-17 09:48:31,CVX,113.78,1,ASK
2018-12-17 09:48:31,CVX,113.74,2,BID
2018-12-17 09:48:31,CVX,113.78,1,ASK
2018-12-17 09:48:31,CVX,113.74,2,BID
2018-12-17 09:48:31,CVX,113.78,1,ASK
2018-12-17 09:48:31,CVX,113.74,2,BID
2018-12-17 09:48:31,CVX,113.78,1,ASK
2018-12-17 09:48:31,CVX,113.74,2,BID
2018-12-17 09:48:34,CVX,113.78,2,ASK
2018-12-17 09:48:31,CVX,113.74,2,BID
2018-12-17 09:48:34,CVX,113.78,2,ASK
2018-12-17 09:48:36,CVX,113.74,2,BID
2018-12-17 09:48:36,CVX,113.78,2,ASK
2018-12-17 09:48:36,CVX,113.74,2,BID
2018-12-17 09:48:38,CVX,113.78,2,ASK
2018-12-17 09:48:38,CVX,113.75,8,BID
2018-12-17 09:48:38,CVX,113.82,3,ASK
2018-12-17 09:48:38,CVX,113.75,8,BID
2018-12-17 09:48:38,CVX,113.82,3,ASK
2018-12-17 09:48:41,CVX,113.76,10,BID
2018-12-17 09:48:41,CVX,113.85,14,ASK
2018-12-17 09:48:41,CVX,113.76,10,BID
2018-12-17 09:48:41,CVX,113.85,14,ASK
2018-12-17 09:48:41,CVX,113.76,10,BID
2018-12-17 09:48:41,CVX,113.85,14,ASK
2018-12-17 09:48:41,CVX,113.76,10,BID
2018-12-17 09:48:41,CVX,113.85,14,ASK
2018-12-17 09:48:44,CVX,113.76,16,BID
2018-12-17 09:48:41,CVX,113.85,14,ASK
2018-12-17 09:48:44,CVX,113.76,9,BID
2018-12-17 09:48:41,CVX,113.85,14,ASK
2018-12-17 09:48:44,CVX,113.76,9,BID
2018-12-17 09:48:41,CVX,113.85,14,ASK
2018-12-17 09:48:44,CVX,113.76,9,BID
2018-12-17 09:48:41,CVX,113.85,14,ASK
2018-12-17 09:48:48,CVX,113.77,1,BID
2018-12-17 09:48:41,CVX,113.85,14,ASK
2018-12-17 09:48:48,CVX,113.76,8,BID
2018-12-17 09:48:41,CVX,113.85,14,ASK
2018-12-17 09:48:48,CVX,113.76,8,BID
2018-12-17 09:48:41,CVX,113.85,14,ASK
2018-12-17 09:48:52,CVX,113.77,2,BID
2018-12-17 09:48:41,CVX,113.85,14,ASK
2018-12-17 09:48:48,CVX,113.76,9,BID
2018-12-17 09:48:41,CVX,113.85,14,ASK
2018-12-17 09:48:48,CVX,113.76,9,BID
2018-12-17 09:48:41,CVX,113.85,14,ASK
2018-12-17 09:48:48,CVX,113.76,9,BID
2018-12-17 09:48:41,CVX,113.85,14,ASK
2018-12-17 09:48:48,CVX,113.76,9,BID
2018-12-17 09:48:41,CVX,113.85,14,ASK
2018-12-17 09:48:56,CVX,113.77,5,BID
2018-12-17 09:48:41,CVX,113.85,13,ASK
2018-12-17 09:48:57,CVX,113.78,2,BID
2018-12-17 09:48:41,CVX,113.85,13,ASK
2018-12-17 09:48:59,CVX,113.78,4,BID
2018-12-17 09:48:59,CVX,113.84,3,ASK
2018-12-17 09:49:00,CVX,113.78,4,BID
2018-12-17 09:49:00,CVX,113.84,1,ASK
2018-12-17 09:49:01,CVX,113.75,1,BID
2018-12-17 09:49:01,CVX,113.8,1,ASK
2018-12-17 09:49:01,CVX,113.76,1,BID
2018-12-17 09:49:01,CVX,113.82,5,ASK
2018-12-17 09:49:01,CVX,113.76,1,BID
2018-12-17 09:49:01,CVX,113.82,5,ASK
2018-12-17 09:49:01,CVX,113.76,1,BID
2018-12-17 09:49:01,CVX,113.82,5,ASK
2018-12-17 09:49:01,CVX,113.76,1,BID
2018-12-17 09:49:01,CVX,113.82,5,ASK
2018-12-17 09:49:04,CVX,113.78,1,BID
2018-12-17 09:49:04,CVX,113.85,13,ASK
2018-12-17 09:49:04,CVX,113.78,1,BID
2018-12-17 09:49:04,CVX,113.85,13,ASK
2018-12-17 09:49:06,CVX,113.78,17,BID
2018-12-17 09:49:06,CVX,113.84,1,ASK
2018-12-17 09:49:06,CVX,113.77,1,BID
2018-12-17 09:49:06,CVX,113.84,2,ASK
2018-12-17 09:49:07,CVX,113.77,1,BID
2018-12-17 09:49:07,CVX,113.84,5,ASK
2018-12-17 09:49:07,CVX,113.77,1,BID
2018-12-17 09:49:07,CVX,113.84,5,ASK
2018-12-17 09:49:07,CVX,113.77,1,BID
2018-12-17 09:49:07,CVX,113.84,5,ASK
2018-12-17 09:49:11,CVX,113.77,2,BID
2018-12-17 09:49:11,CVX,113.81,1,ASK
2018-12-17 09:49:11,CVX,113.77,2,BID
2018-12-17 09:49:11,CVX,113.81,1,ASK
2018-12-17 09:49:13,CVX,113.71,11,BID
2018-12-17 09:49:12,CVX,113.77,10,ASK
2018-12-17 09:49:13,CVX,113.71,10,BID
2018-12-17 09:49:12,CVX,113.77,10,ASK
2018-12-17 09:49:13,CVX,113.71,10,BID
2018-12-17 09:49:12,CVX,113.77,10,ASK
2018-12-17 09:49:13,CVX,113.71,10,BID
2018-12-17 09:49:12,CVX,113.77,10,ASK
2018-12-17 09:49:13,CVX,113.71,10,BID
2018-12-17 09:49:18,CVX,113.77,11,ASK
2018-12-17 09:49:19,CVX,113.72,3,BID
2018-12-17 09:49:19,CVX,113.77,11,ASK
2018-12-17 09:49:20,CVX,113.73,1,BID
2018-12-17 09:49:20,CVX,113.78,3,ASK
2018-12-17 09:49:20,CVX,113.68,8,BID
2018-12-17 09:49:20,CVX,113.74,3,ASK
2018-12-17 09:49:21,CVX,113.68,10,BID
2018-12-17 09:49:21,CVX,113.74,6,ASK
2018-12-17 09:49:22,CVX,113.68,10,BID
2018-12-17 09:49:22,CVX,113.72,1,ASK
2018-12-17 09:49:22,CVX,113.6,8,BID
2018-12-17 09:49:22,CVX,113.67,2,ASK
2018-12-17 09:49:22,CVX,113.6,8,BID
2018-12-17 09:49:22,CVX,113.67,2,ASK
2018-12-17 09:49:23,CVX,113.6,9,BID
2018-12-17 09:49:23,CVX,113.67,2,ASK
2018-12-17 09:49:24,CVX,113.6,9,BID
2018-12-17 09:49:24,CVX,113.68,6,ASK
2018-12-17 09:49:25,CVX,113.59,2,BID
2018-12-17 09:49:25,CVX,113.68,9,ASK
2018-12-17 09:49:26,CVX,113.59,3,BID
2018-12-17 09:49:22,CVX,113.69,2,ASK
2018-12-17 09:49:27,CVX,113.67,1,BID
2018-12-17 09:49:22,CVX,113.72,3,ASK
2018-12-17 09:49:27,CVX,113.66,1,BID
2018-12-17 09:49:21,CVX,113.74,5,ASK
2018-12-17 09:49:27,CVX,113.64,1,BID
2018-12-17 09:49:27,CVX,113.71,1,ASK
2018-12-17 09:49:28,CVX,113.64,1,BID
2018-12-17 09:49:28,CVX,113.71,2,ASK
2018-12-17 09:49:28,CVX,113.64,1,BID
2018-12-17 09:49:28,CVX,113.71,2,ASK
2018-12-17 09:49:28,CVX,113.64,1,BID
2018-12-17 09:49:28,CVX,113.71,4,ASK
2018-12-17 09:49:28,CVX,113.64,1,BID
2018-12-17 09:49:28,CVX,113.71,4,ASK
2018-12-17 09:49:30,CVX,113.64,1,BID
2018-12-17 09:49:30,CVX,113.71,4,ASK
2018-12-17 09:49:32,CVX,113.65,1,BID
2018-12-17 09:49:31,CVX,113.71,5,ASK
2018-12-17 09:49:33,CVX,113.65,5,BID
2018-12-17 09:49:33,CVX,113.72,1,ASK
2018-12-17 09:49:33,CVX,113.66,1,BID
2018-12-17 09:49:21,CVX,113.74,6,ASK
2018-12-17 09:49:35,CVX,113.66,1,BID
2018-12-17 09:49:35,CVX,113.73,1,ASK
2018-12-17 09:49:35,CVX,113.66,1,BID
2018-12-17 09:49:35,CVX,113.73,1,ASK
2018-12-17 09:49:36,CVX,113.66,2,BID
2018-12-17 09:49:36,CVX,113.73,1,ASK
2018-12-17 09:49:39,CVX,113.67,3,BID
2018-12-17 09:49:35,CVX,113.74,13,ASK
2018-12-17 09:49:40,CVX,113.72,2,BID
2018-12-17 09:49:40,CVX,113.76,1,ASK
2018-12-17 09:49:42,CVX,113.77,3,BID
2018-12-17 09:49:42,CVX,113.81,1,ASK
2018-12-17 09:49:45,CVX,113.8,3,BID
2018-12-17 09:49:45,CVX,113.85,2,ASK
2018-12-17 09:49:45,CVX,113.8,3,BID
2018-12-17 09:49:45,CVX,113.85,2,ASK
2018-12-17 09:49:48,CVX,113.82,3,BID
2018-12-17 09:49:48,CVX,113.86,5,ASK
2018-12-17 09:49:50,CVX,113.81,2,BID
2018-12-17 09:49:50,CVX,113.86,1,ASK
2018-12-17 09:49:51,CVX,113.81,2,BID
2018-12-17 09:49:51,CVX,113.87,10,ASK
2018-12-17 09:49:52,CVX,113.81,2,BID
2018-12-17 09:49:51,CVX,113.87,9,ASK
2018-12-17 09:49:53,CVX,113.81,3,BID
2018-12-17 09:49:53,CVX,113.86,1,ASK
2018-12-17 09:49:54,CVX,113.8,8,BID
2018-12-17 09:49:54,CVX,113.87,9,ASK
2018-12-17 09:49:54,CVX,113.8,8,BID
2018-12-17 09:49:55,CVX,113.86,1,ASK
2018-12-17 09:49:54,CVX,113.8,8,BID
2018-12-17 09:49:56,CVX,113.86,1,ASK
2018-12-17 09:49:54,CVX,113.8,8,BID
2018-12-17 09:49:58,CVX,113.87,9,ASK
2018-12-17 09:49:59,CVX,113.81,2,BID
2018-12-17 09:49:59,CVX,113.88,6,ASK
2018-12-17 09:50:00,CVX,113.81,2,BID
2018-12-17 09:49:59,CVX,113.88,6,ASK
2018-12-17 09:50:01,CVX,113.78,1,BID
2018-12-17 09:50:01,CVX,113.84,3,ASK
2018-12-17 09:50:01,CVX,113.79,1,BID
2018-12-17 09:50:01,CVX,113.84,5,ASK
2018-12-17 09:50:01,CVX,113.79,1,BID
2018-12-17 09:50:01,CVX,113.84,5,ASK
2018-12-17 09:50:01,CVX,113.79,1,BID
2018-12-17 09:50:01,CVX,113.84,5,ASK
2018-12-17 09:50:01,CVX,113.79,1,BID
2018-12-17 09:50:01,CVX,113.84,5,ASK
2018-12-17 09:50:06,CVX,113.79,2,BID
2018-12-17 09:50:06,CVX,113.83,1,ASK
2018-12-17 09:50:06,CVX,113.77,2,BID
2018-12-17 09:50:06,CVX,113.82,1,ASK
2018-12-17 09:50:06,CVX,113.77,2,BID
2018-12-17 09:50:07,CVX,113.82,2,ASK
2018-12-17 09:50:06,CVX,113.77,2,BID
2018-12-17 09:50:09,CVX,113.82,3,ASK
2018-12-17 09:50:10,CVX,113.77,3,BID
2018-12-17 09:50:09,CVX,113.84,13,ASK
2018-12-17 09:50:11,CVX,113.77,3,BID
2018-12-17 09:50:09,CVX,113.84,14,ASK
2018-12-17 09:50:12,CVX,113.77,3,BID
2018-12-17 09:50:12,CVX,113.84,15,ASK
2018-12-17 09:50:12,CVX,113.77,3,BID
2018-12-17 09:50:00,CVX,113.84,15,ASK
2018-12-17 09:50:14,CVX,113.81,1,BID
2018-12-17 09:50:14,CVX,113.85,2,ASK
2018-12-17 09:50:14,CVX,113.81,1,BID
2018-12-17 09:50:14,CVX,113.86,25,ASK
2018-12-17 09:50:14,CVX,113.81,1,BID
2018-12-17 09:50:14,CVX,113.86,25,ASK
2018-12-17 09:50:17,CVX,113.81,1,BID
2018-12-17 09:50:17,CVX,113.85,1,ASK
2018-12-17 09:50:17,CVX,113.81,1,BID
2018-12-17 09:50:17,CVX,113.85,1,ASK
2018-12-17 09:50:17,CVX,113.81,1,BID
2018-12-17 09:50:17,CVX,113.85,1,ASK
2018-12-17 09:50:19,CVX,113.81,1,BID
2018-12-17 09:50:19,CVX,113.86,25,ASK
2018-12-17 09:50:19,CVX,113.81,1,BID
2018-12-17 09:50:19,CVX,113.86,25,ASK
2018-12-17 09:50:22,CVX,113.83,3,BID
2018-12-17 09:50:22,CVX,113.9,10,ASK
2018-12-17 09:50:23,CVX,113.83,3,BID
2018-12-17 09:50:23,CVX,113.9,13,ASK
2018-12-17 09:50:24,CVX,113.83,4,BID
2018-12-17 09:50:23,CVX,113.9,12,ASK
2018-12-17 09:50:25,CVX,113.83,4,BID
2018-12-17 09:50:25,CVX,113.88,1,ASK
2018-12-17 09:50:25,CVX,113.83,4,BID
2018-12-17 09:50:25,CVX,113.88,1,ASK
2018-12-17 09:50:25,CVX,113.83,3,BID
2018-12-17 09:50:27,CVX,113.88,1,ASK
2018-12-17 09:50:25,CVX,113.83,3,BID
2018-12-17 09:50:27,CVX,113.88,1,ASK
2018-12-17 09:50:29,CVX,113.83,3,BID
2018-12-17 09:50:29,CVX,113.88,1,ASK
2018-12-17 09:50:30,CVX,113.83,4,BID
2018-12-17 09:50:30,CVX,113.88,2,ASK
2018-12-17 09:50:31,CVX,113.83,4,BID
2018-12-17 09:50:23,CVX,113.9,12,ASK
2018-12-17 09:50:32,CVX,113.85,3,BID
2018-12-17 09:50:32,CVX,113.9,14,ASK
2018-12-17 09:50:33,CVX,113.88,15,BID
2018-12-17 09:50:33,CVX,113.93,13,ASK
2018-12-17 09:50:33,CVX,113.88,15,BID
2018-12-17 09:50:33,CVX,113.93,13,ASK
2018-12-17 09:50:34,CVX,113.91,4,BID
2018-12-17 09:50:34,CVX,113.96,9,ASK
2018-12-17 09:50:34,CVX,113.91,4,BID
2018-12-17 09:50:34,CVX,113.96,9,ASK
2018-12-17 09:50:34,CVX,113.91,4,BID
2018-12-17 09:50:34,CVX,113.96,9,ASK
2018-12-17 09:50:38,CVX,113.91,4,BID
2018-12-17 09:50:38,CVX,113.98,1,ASK
2018-12-17 09:50:38,CVX,113.91,4,BID
2018-12-17 09:50:38,CVX,113.98,1,ASK
2018-12-17 09:50:38,CVX,113.91,4,BID
2018-12-17 09:50:38,CVX,113.98,1,ASK
2018-12-17 09:50:41,CVX,113.92,5,BID
2018-12-17 09:50:41,CVX,113.99,2,ASK
2018-12-17 09:50:42,CVX,113.93,4,BID
2018-12-17 09:50:42,CVX,114.0,3,ASK
2018-12-17 09:50:43,CVX,113.94,1,BID
2018-12-17 09:50:43,CVX,114.0,3,ASK
2018-12-17 09:50:44,CVX,113.94,3,BID
2018-12-17 09:50:44,CVX,114.0,3,ASK
2018-12-17 09:50:44,CVX,113.94,3,BID
2018-12-17 09:50:44,CVX,114.0,3,ASK
2018-12-17 09:50:46,CVX,113.94,5,BID
2018-12-17 09:50:46,CVX,114.0,3,ASK
2018-12-17 09:50:46,CVX,113.94,5,BID
2018-12-17 09:50:46,CVX,114.0,3,ASK
2018-12-17 09:50:46,CVX,113.94,5,BID
2018-12-17 09:50:46,CVX,114.0,3,ASK
2018-12-17 09:50:46,CVX,113.94,5,BID
2018-12-17 09:50:46,CVX,114.0,3,ASK
2018-12-17 09:50:50,CVX,113.94,4,BID
2018-12-17 09:50:50,CVX,114.0,3,ASK
2018-12-17 09:50:50,CVX,113.94,5,BID
2018-12-17 09:50:51,CVX,114.0,3,ASK
2018-12-17 09:50:52,CVX,114.0,4,BID
2018-12-17 09:50:52,CVX,114.05,13,ASK
2018-12-17 09:50:53,CVX,114.01,18,BID
2018-12-17 09:50:53,CVX,114.07,6,ASK
2018-12-17 09:50:54,CVX,113.99,1,BID
2018-12-17 09:50:54,CVX,114.01,1,ASK
2018-12-17 09:50:54,CVX,113.98,2,BID
2018-12-17 09:50:54,CVX,114.03,12,ASK
2018-12-17 09:50:54,CVX,113.98,2,BID
2018-12-17 09:50:54,CVX,114.03,12,ASK
2018-12-17 09:50:54,CVX,113.98,2,BID
2018-12-17 09:50:54,CVX,114.03,12,ASK
2018-12-17 09:50:56,CVX,113.98,3,BID
2018-12-17 09:50:56,CVX,114.03,21,ASK
2018-12-17 09:50:56,CVX,113.98,3,BID
2018-12-17 09:50:56,CVX,114.03,21,ASK
2018-12-17 09:51:00,CVX,113.98,5,BID
2018-12-17 09:50:56,CVX,114.03,21,ASK
2018-12-17 09:51:01,CVX,114.0,1,BID
2018-12-17 09:50:56,CVX,114.03,21,ASK
2018-12-17 09:51:01,CVX,113.99,11,BID
2018-12-17 09:50:56,CVX,114.03,21,ASK
2018-12-17 09:51:03,CVX,113.98,4,BID
2018-12-17 09:51:03,CVX,114.01,1,ASK
2018-12-17 09:51:04,CVX,113.98,5,BID
2018-12-17 09:51:04,CVX,114.01,1,ASK
2018-12-17 09:51:04,CVX,113.98,5,BID
2018-12-17 09:51:04,CVX,114.01,1,ASK
2018-12-17 09:51:06,CVX,113.99,10,BID
2018-12-17 09:51:06,CVX,114.03,14,ASK
2018-12-17 09:51:06,CVX,113.99,10,BID
2018-12-17 09:51:06,CVX,114.03,14,ASK
2018-12-17 09:51:06,CVX,113.99,10,BID
2018-12-17 09:51:08,CVX,114.03,15,ASK
2018-12-17 09:51:09,CVX,113.95,17,BID
2018-12-17 09:51:09,CVX,113.98,2,ASK
2018-12-17 09:51:10,CVX,113.95,18,BID
2018-12-17 09:51:10,CVX,114.0,2,ASK
2018-12-17 09:51:11,CVX,113.95,18,BID
2018-12-17 09:51:11,CVX,114.0,4,ASK
2018-12-17 09:51:12,CVX,113.91,18,BID
2018-12-17 09:51:12,CVX,113.97,3,ASK
2018-12-17 09:50:34,CVX,113.91,18,BID
2018-12-17 09:51:13,CVX,113.97,3,ASK
2018-12-17 09:50:34,CVX,113.91,18,BID
2018-12-17 09:51:14,CVX,113.96,1,ASK
2018-12-17 09:50:34,CVX,113.91,18,BID
2018-12-17 09:51:14,CVX,113.96,1,ASK
2018-12-17 09:51:15,CVX,113.88,16,BID
2018-12-17 09:51:15,CVX,113.93,1,ASK
2018-12-17 09:51:16,CVX,113.89,5,BID
2018-12-17 09:51:16,CVX,113.94,2,ASK
2018-12-17 09:51:16,CVX,113.88,16,BID
2018-12-17 09:51:16,CVX,113.93,1,ASK
2018-12-17 09:51:16,CVX,113.88,16,BID
2018-12-17 09:51:17,CVX,113.93,2,ASK
2018-12-17 09:51:16,CVX,113.88,16,BID
2018-12-17 09:51:17,CVX,113.93,2,ASK
2018-12-17 09:51:16,CVX,113.88,16,BID
2018-12-17 09:51:17,CVX,113.93,2,ASK
2018-12-17 09:51:16,CVX,113.88,16,BID
2018-12-17 09:51:17,CVX,113.93,2,ASK
2018-12-17 09:51:23,CVX,113.89,3,BID
2018-12-17 09:51:23,CVX,113.92,1,ASK
2018-12-17 09:51:16,CVX,113.88,17,BID
2018-12-17 09:51:24,CVX,113.91,1,ASK
2018-12-17 09:51:25,CVX,113.89,4,BID
2018-12-17 09:51:25,CVX,113.92,1,ASK
2018-12-17 09:51:25,CVX,113.89,4,BID
2018-12-17 09:51:25,CVX,113.92,1,ASK
2018-12-17 09:51:27,CVX,113.89,3,BID
2018-12-17 09:51:27,CVX,113.94,3,ASK
2018-12-17 09:51:16,CVX,113.88,17,BID
2018-12-17 09:51:27,CVX,113.94,3,ASK
2018-12-17 09:51:16,CVX,113.88,17,BID
2018-12-17 09:51:27,CVX,113.94,3,ASK
2018-12-17 09:51:16,CVX,113.88,18,BID
2018-12-17 09:51:30,CVX,113.94,3,ASK
2018-12-17 09:51:31,CVX,113.89,3,BID
2018-12-17 09:51:31,CVX,113.94,4,ASK
2018-12-17 09:51:31,CVX,113.89,10,BID
2018-12-17 09:51:31,CVX,113.97,3,ASK
2018-12-17 09:51:31,CVX,113.89,10,BID
2018-12-17 09:51:31,CVX,113.97,3,ASK
2018-12-17 09:51:31,CVX,113.89,10,BID
2018-12-17 09:51:31,CVX,113.97,3,ASK
2018-12-17 09:51:31,CVX,113.89,10,BID
2018-12-17 09:51:31,CVX,113.97,4,ASK
2018-12-17 09:51:36,CVX,113.89,10,BID
2018-12-17 09:51:36,CVX,113.97,5,ASK
2018-12-17 09:51:36,CVX,113.89,10,BID
2018-12-17 09:51:37,CVX,113.94,2,ASK
2018-12-17 09:51:16,CVX,113.88,18,BID
2018-12-17 09:51:38,CVX,113.92,1,ASK
2018-12-17 09:51:39,CVX,113.84,2,BID
2018-12-17 09:51:39,CVX,113.88,1,ASK
2018-12-17 09:51:40,CVX,113.84,5,BID
2018-12-17 09:51:40,CVX,113.87,2,ASK
2018-12-17 09:51:41,CVX,113.86,2,BID
2018-12-17 09:51:41,CVX,113.89,1,ASK
2018-12-17 09:51:42,CVX,113.86,4,BID
2018-12-17 09:51:41,CVX,113.9,9,ASK
2018-12-17 09:51:43,CVX,113.86,4,BID
2018-12-17 09:51:41,CVX,113.9,9,ASK
2018-12-17 09:51:44,CVX,113.84,7,BID
2018-12-17 09:51:44,CVX,113.89,2,ASK
2018-12-17 09:51:44,CVX,113.84,7,BID
2018-12-17 09:51:44,CVX,113.89,2,ASK
2018-12-17 09:51:44,CVX,113.84,7,BID
2018-12-17 09:51:44,CVX,113.89,2,ASK
2018-12-17 09:51:47,CVX,113.84,7,BID
2018-12-17 09:51:47,CVX,113.88,2,ASK
2018-12-17 09:51:48,CVX,113.84,7,BID
2018-12-17 09:51:48,CVX,113.89,3,ASK
2018-12-17 09:51:49,CVX,113.85,13,BID
2018-12-17 09:51:49,CVX,113.91,4,ASK
2018-12-17 09:51:50,CVX,113.85,13,BID
2018-12-17 09:51:49,CVX,113.91,6,ASK
2018-12-17 09:51:50,CVX,113.85,13,BID
2018-12-17 09:51:49,CVX,113.91,4,ASK
2018-12-17 09:51:52,CVX,113.82,1,BID
2018-12-17 09:51:52,CVX,113.87,2,ASK
2018-12-17 09:51:52,CVX,113.82,1,BID
2018-12-17 09:51:52,CVX,113.87,3,ASK
2018-12-17 09:51:52,CVX,113.8,9,BID
2018-12-17 09:51:54,CVX,113.87,4,ASK
2018-12-17 09:51:52,CVX,113.8,9,BID
2018-12-17 09:51:55,CVX,113.86,1,ASK
2018-12-17 09:51:56,CVX,113.8,8,BID
2018-12-17 09:51:56,CVX,113.86,1,ASK
2018-12-17 09:51:57,CVX,113.8,8,BID
2018-12-17 09:51:57,CVX,113.86,2,ASK
2018-12-17 09:51:58,CVX,113.82,1,BID
2018-12-17 09:51:58,CVX,113.87,1,ASK
2018-12-17 09:52:00,CVX,113.82,1,BID
2018-12-17 09:52:00,CVX,113.87,1,ASK
2018-12-17 09:52:00,CVX,113.83,1,BID
2018-12-17 09:52:00,CVX,113.87,2,ASK
2018-12-17 09:52:00,CVX,113.83,12,BID
2018-12-17 09:52:00,CVX,113.9,3,ASK
2018-12-17 09:52:01,CVX,113.84,2,BID
2018-12-17 09:52:01,CVX,113.9,3,ASK
2018-12-17 09:52:02,CVX,113.84,3,BID
2018-12-17 09:52:01,CVX,113.9,3,ASK
2018-12-17 09:52:04,CVX,113.84,3,BID
2018-12-17 09:52:04,CVX,113.9,2,ASK
2018-12-17 09:52:05,CVX,113.82,2,BID
2018-12-17 09:52:05,CVX,113.9,2,ASK
2018-12-17 09:52:06,CVX,113.83,1,BID
2018-12-17 09:52:06,CVX,113.9,2,ASK
2018-12-17 09:52:06,CVX,113.83,1,BID
2018-12-17 09:52:06,CVX,113.9,2,ASK
2018-12-17 09:52:08,CVX,113.82,2,BID
2018-12-17 09:52:08,CVX,113.88,1,ASK
2018-12-17 09:52:10,CVX,113.82,2,BID
2018-12-17 09:52:10,CVX,113.86,1,ASK
2018-12-17 09:52:10,CVX,113.82,2,BID
2018-12-17 09:52:10,CVX,113.86,1,ASK
2018-12-17 09:52:11,CVX,113.82,3,BID
2018-12-17 09:52:11,CVX,113.87,1,ASK
2018-12-17 09:52:11,CVX,113.82,3,BID
2018-12-17 09:52:11,CVX,113.87,1,ASK
2018-12-17 09:52:08,CVX,113.82,3,BID
2018-12-17 09:52:11,CVX,113.87,1,ASK
2018-12-17 09:52:14,CVX,113.82,5,BID
2018-12-17 09:52:14,CVX,113.87,1,ASK
2018-12-17 09:52:14,CVX,113.82,5,BID
2018-12-17 09:52:14,CVX,113.87,1,ASK
2018-12-17 09:52:16,CVX,113.8,1,BID
2018-12-17 09:52:16,CVX,113.86,19,ASK
2018-12-17 09:52:16,CVX,113.8,1,BID
2018-12-17 09:52:16,CVX,113.86,19,ASK
2018-12-17 09:52:17,CVX,113.8,3,BID
2018-12-17 09:52:17,CVX,113.86,19,ASK
2018-12-17 09:52:19,CVX,113.79,13,BID
2018-12-17 09:52:19,CVX,113.86,19,ASK
2018-12-17 09:52:20,CVX,113.79,13,BID
2018-12-17 09:52:20,CVX,113.86,19,ASK
2018-12-17 09:52:20,CVX,113.79,13,BID
2018-12-17 09:52:22,CVX,113.86,19,ASK
2018-12-17 09:52:20,CVX,113.79,13,BID
2018-12-17 09:52:22,CVX,113.86,19,ASK
2018-12-17 09:52:23,CVX,113.81,3,BID
2018-12-17 09:52:23,CVX,113.86,1,ASK
2018-12-17 09:52:23,CVX,113.81,3,BID
2018-12-17 09:52:23,CVX,113.86,1,ASK
2018-12-17 09:52:26,CVX,113.81,11,BID
2018-12-17 09:52:26,CVX,113.87,2,ASK
2018-12-17 09:52:26,CVX,113.82,9,BID
2018-12-17 09:52:26,CVX,113.88,1,ASK
2018-12-17 09:52:27,CVX,113.82,9,BID
2018-12-17 09:52:26,CVX,113.9,4,ASK
2018-12-17 09:52:28,CVX,113.82,9,BID
2018-12-17 09:52:26,CVX,113.9,4,ASK
2018-12-17 09:52:30,CVX,113.84,1,BID
2018-12-17 09:52:26,CVX,113.9,4,ASK
2018-12-17 09:52:30,CVX,113.84,1,BID
2018-12-17 09:52:26,CVX,113.9,4,ASK
2018-12-17 09:52:32,CVX,113.87,1,BID
2018-12-17 09:52:26,CVX,113.9,4,ASK
2018-12-17 09:52:33,CVX,113.87,2,BID
2018-12-17 09:52:33,CVX,113.94,10,ASK
2018-12-17 09:52:33,CVX,113.87,3,BID
2018-12-17 09:52:33,CVX,113.94,10,ASK
2018-12-17 09:52:34,CVX,113.87,4,BID
2018-12-17 09:52:34,CVX,113.94,10,ASK
2018-12-17 09:52:34,CVX,113.87,4,BID
2018-12-17 09:52:34,CVX,113.94,10,ASK
2018-12-17 09:52:36,CVX,113.87,4,BID
2018-12-17 09:52:36,CVX,113.94,11,ASK
2018-12-17 09:52:36,CVX,113.87,4,BID
2018-12-17 09:52:36,CVX,113.94,11,ASK
2018-12-17 09:52:36,CVX,113.87,4,BID
2018-12-17 09:52:36,CVX,113.94,11,ASK
2018-12-17 09:52:36,CVX,113.87,5,BID
2018-12-17 09:52:40,CVX,113.94,11,ASK
2018-12-17 09:52:36,CVX,113.87,5,BID
2018-12-17 09:52:40,CVX,113.94,11,ASK
2018-12-17 09:52:41,CVX,113.89,4,BID
2018-12-17 09:52:41,CVX,113.97,6,ASK
2018-12-17 09:52:42,CVX,113.89,6,BID
2018-12-17 09:52:42,CVX,113.98,2,ASK
2018-12-17 09:52:44,CVX,113.92,2,BID
2018-12-17 09:52:44,CVX,113.99,2,ASK
2018-12-17 09:52:45,CVX,113.94,18,BID
2018-12-17 09:52:45,CVX,114.01,4,ASK
2018-12-17 09:52:46,CVX,114.0,3,BID
2018-12-17 09:52:46,CVX,114.06,2,ASK
2018-12-17 09:52:47,CVX,114.0,3,BID
2018-12-17 09:52:47,CVX,114.06,4,ASK
2018-12-17 09:52:48,CVX,114.01,2,BID
2018-12-17 09:52:47,CVX,114.06,4,ASK
2018-12-17 09:52:49,CVX,114.02,5,BID
2018-12-17 09:52:49,CVX,114.07,6,ASK
2018-12-17 09:52:49,CVX,114.02,5,BID
2018-12-17 09:52:49,CVX,114.07,6,ASK
2018-12-17 09:52:50,CVX,114.04,2,BID
2018-12-17 09:52:50,CVX,114.1,5,ASK
2018-12-17 09:52:51,CVX,114.05,2,BID
2018-12-17 09:52:51,CVX,114.1,5,ASK
2018-12-17 09:52:51,CVX,114.05,2,BID
2018-12-17 09:52:51,CVX,114.1,5,ASK
2018-12-17 09:52:51,CVX,114.05,2,BID
2018-12-17 09:52:51,CVX,114.1,5,ASK
2018-12-17 09:52:51,CVX,114.05,2,BID
2018-12-17 09:52:51,CVX,114.1,5,ASK
2018-12-17 09:52:56,CVX,114.03,15,BID
2018-12-17 09:52:56,CVX,114.07,4,ASK
2018-12-17 09:52:56,CVX,114.03,2,BID
2018-12-17 09:52:56,CVX,114.07,4,ASK
2018-12-17 09:52:56,CVX,114.03,2,BID
2018-12-17 09:52:56,CVX,114.07,4,ASK
2018-12-17 09:52:56,CVX,114.03,2,BID
2018-12-17 09:52:56,CVX,114.07,4,ASK
2018-12-17 09:53:00,CVX,114.03,4,BID
2018-12-17 09:52:56,CVX,114.07,4,ASK
2018-12-17 09:53:00,CVX,114.03,4,BID
2018-12-17 09:52:56,CVX,114.07,4,ASK
2018-12-17 09:53:02,CVX,114.03,4,BID
2018-12-17 09:53:02,CVX,114.07,4,ASK
2018-12-17 09:53:03,CVX,114.02,4,BID
2018-12-17 09:53:02,CVX,114.07,6,ASK
2018-12-17 09:53:03,CVX,114.02,4,BID
2018-12-17 09:53:02,CVX,114.07,6,ASK
2018-12-17 09:53:05,CVX,114.02,4,BID
2018-12-17 09:53:05,CVX,114.07,1,ASK
2018-12-17 09:53:05,CVX,114.02,4,BID
2018-12-17 09:53:05,CVX,114.07,1,ASK
2018-12-17 09:53:06,CVX,114.02,4,BID
2018-12-17 09:53:06,CVX,114.07,3,ASK
2018-12-17 09:53:08,CVX,114.01,10,BID
2018-12-17 09:53:08,CVX,114.06,5,ASK
2018-12-17 09:53:08,CVX,114.01,11,BID
2018-12-17 09:53:08,CVX,114.06,5,ASK
2018-12-17 09:53:10,CVX,114.0,4,BID
2018-12-17 09:53:10,CVX,114.06,5,ASK
2018-12-17 09:53:10,CVX,114.0,4,BID
2018-12-17 09:53:10,CVX,114.06,5,ASK
2018-12-17 09:53:11,CVX,113.97,11,BID
2018-12-17 09:53:11,CVX,114.02,4,ASK
2018-12-17 09:53:11,CVX,113.97,11,BID
2018-12-17 09:53:11,CVX,114.02,4,ASK
2018-12-17 09:53:13,CVX,113.97,10,BID
2018-12-17 09:53:13,CVX,114.02,4,ASK
2018-12-17 09:53:13,CVX,113.97,10,BID
2018-12-17 09:53:13,CVX,114.02,4,ASK
2018-12-17 09:53:13,CVX,113.97,10,BID
2018-12-17 09:53:13,CVX,114.02,4,ASK
2018-12-17 09:53:16,CVX,113.97,11,BID
2018-12-17 09:53:16,CVX,114.02,5,ASK
2018-12-17 09:53:17,CVX,113.98,8,BID
2018-12-17 09:53:17,CVX,114.05,2,ASK
2018-12-17 09:53:17,CVX,113.98,8,BID
2018-12-17 09:53:17,CVX,114.05,2,ASK
2018-12-17 09:53:18,CVX,114.0,1,BID
2018-12-17 09:53:17,CVX,114.05,2,ASK
2018-12-17 09:53:18,CVX,114.0,1,BID
2018-12-17 09:53:17,CVX,114.05,2,ASK
2018-12-17 09:53:19,CVX,114.0,3,BID
2018-12-17 09:53:19,CVX,114.04,1,ASK
2018-12-17 09:53:21,CVX,113.94,10,BID
2018-12-17 09:53:21,CVX,114.01,3,ASK
2018-12-17 09:53:23,CVX,113.96,1,BID
2018-12-17 09:53:22,CVX,114.0,3,ASK
2018-12-17 09:53:23,CVX,113.96,1,BID
2018-12-17 09:53:22,CVX,114.0,3,ASK
2018-12-17 09:53:25,CVX,113.91,17,BID
2018-12-17 09:53:25,CVX,114.0,5,ASK
2018-12-17 09:53:27,CVX,113.91,14,BID
2018-12-17 09:53:27,CVX,113.96,1,ASK
2018-12-17 09:53:27,CVX,113.91,14,BID
2018-12-17 09:53:27,CVX,113.96,1,ASK
2018-12-17 09:53:28,CVX,113.91,14,BID
2018-12-17 09:53:28,CVX,113.96,2,ASK
2018-12-17 09:53:29,CVX,113.87,7,BID
2018-12-17 09:53:29,CVX,113.93,2,ASK
2018-12-17 09:53:29,CVX,113.87,7,BID
2018-12-17 09:53:30,CVX,113.92,1,ASK
2018-12-17 09:53:29,CVX,113.87,7,BID
2018-12-17 09:53:31,CVX,113.91,2,ASK
2018-12-17 09:53:32,CVX,113.85,2,BID
2018-12-17 09:53:32,CVX,113.89,3,ASK
2018-12-17 09:53:33,CVX,113.85,3,BID
2018-12-17 09:53:32,CVX,113.89,3,ASK
2018-12-17 09:53:34,CVX,113.81,12,BID
2018-12-17 09:53:34,CVX,113.85,1,ASK
2018-12-17 09:53:35,CVX,113.83,3,BID
2018-12-17 09:53:35,CVX,113.87,3,ASK
2018-12-17 09:53:35,CVX,113.82,9,BID
2018-12-17 09:53:35,CVX,113.87,3,ASK
2018-12-17 09:53:36,CVX,113.82,11,BID
2018-12-17 09:53:35,CVX,113.87,3,ASK
2018-12-17 09:53:37,CVX,113.82,13,BID
2018-12-17 09:53:37,CVX,113.87,4,ASK
2018-12-17 09:53:39,CVX,113.82,10,BID
2018-12-17 09:53:39,CVX,113.87,4,ASK
2018-12-17 09:53:40,CVX,113.82,10,BID
2018-12-17 09:53:40,CVX,113.87,4,ASK
2018-12-17 09:53:40,CVX,113.82,10,BID
2018-12-17 09:53:40,CVX,113.87,4,ASK
2018-12-17 09:53:43,CVX,113.82,12,BID
2018-12-17 09:53:43,CVX,113.87,4,ASK
2018-12-17 09:53:44,CVX,113.82,13,BID
2018-12-17 09:53:44,CVX,113.87,4,ASK
2018-12-17 09:53:44,CVX,113.82,12,BID
2018-12-17 09:53:44,CVX,113.87,4,ASK
2018-12-17 09:53:46,CVX,113.82,13,BID
2018-12-17 09:53:46,CVX,113.89,4,ASK
2018-12-17 09:53:46,CVX,113.82,13,BID
2018-12-17 09:53:47,CVX,113.89,4,ASK
2018-12-17 09:53:48,CVX,113.82,12,BID
2018-12-17 09:53:48,CVX,113.89,4,ASK
2018-12-17 09:53:48,CVX,113.82,13,BID
2018-12-17 09:53:49,CVX,113.88,2,ASK
2018-12-17 09:53:50,CVX,113.83,3,BID
2018-12-17 09:53:49,CVX,113.89,6,ASK
2018-12-17 09:53:51,CVX,113.89,1,BID
2018-12-17 09:53:51,CVX,113.94,1,ASK
2018-12-17 09:53:51,CVX,113.89,3,BID
2018-12-17 09:53:52,CVX,113.94,2,ASK
2018-12-17 09:53:52,CVX,113.9,10,BID
2018-12-17 09:53:52,CVX,113.97,3,ASK
2018-12-17 09:53:53,CVX,113.9,10,BID
2018-12-17 09:53:53,CVX,113.97,4,ASK
2018-12-17 09:53:54,CVX,113.93,1,BID
2018-12-17 09:53:54,CVX,114.01,7,ASK
2018-12-17 09:53:55,CVX,113.92,1,BID
2018-12-17 09:53:54,CVX,114.01,8,ASK
2018-12-17 09:53:57,CVX,113.93,3,BID
2018-12-17 09:53:54,CVX,114.01,8,ASK
2018-12-17 09:53:57,CVX,113.93,5,BID
2018-12-17 09:53:54,CVX,114.01,8,ASK
2018-12-17 09:53:58,CVX,113.93,5,BID
2018-12-17 09:53:54,CVX,114.01,9,ASK
2018-12-17 09:53:58,CVX,113.93,5,BID
2018-12-17 09:53:59,CVX,113.99,3,ASK
2018-12-17 09:53:58,CVX,113.93,5,BID
2018-12-17 09:54:01,CVX,113.97,1,ASK
2018-12-17 09:54:02,CVX,113.93,20,BID
2018-12-17 09:54:02,CVX,113.97,1,ASK
2018-12-17 09:54:02,CVX,113.93,17,BID
2018-12-17 09:54:02,CVX,113.96,2,ASK
2018-12-17 09:54:02,CVX,113.93,18,BID
2018-12-17 09:53:54,CVX,114.01,8,ASK
2018-12-17 09:54:02,CVX,113.93,19,BID
2018-12-17 09:53:54,CVX,114.01,7,ASK
2018-12-17 09:54:06,CVX,113.9,2,BID
2018-12-17 09:54:06,CVX,113.95,2,ASK
2018-12-17 09:54:06,CVX,113.89,10,BID
2018-12-17 09:54:06,CVX,113.95,2,ASK
2018-12-17 09:54:06,CVX,113.89,10,BID
2018-12-17 09:54:07,CVX,113.95,2,ASK
2018-12-17 09:54:08,CVX,113.89,3,BID
2018-12-17 09:54:08,CVX,113.94,1,ASK
2018-12-17 09:54:08,CVX,113.89,4,BID
2018-12-17 09:54:09,CVX,113.93,1,ASK
2018-12-17 09:54:08,CVX,113.89,4,BID
2018-12-17 09:54:09,CVX,113.93,1,ASK
2018-12-17 09:54:10,CVX,113.9,2,BID
2018-12-17 09:54:10,CVX,113.93,1,ASK
2018-12-17 09:54:11,CVX,113.89,4,BID
2018-12-17 09:54:11,CVX,113.93,1,ASK
2018-12-17 09:54:12,CVX,113.9,1,BID
2018-12-17 09:54:12,CVX,113.93,1,ASK
2018-12-17 09:54:11,CVX,113.89,3,BID
2018-12-17 09:54:14,CVX,113.92,1,ASK
2018-12-17 09:54:15,CVX,113.9,1,BID
2018-12-17 09:54:15,CVX,113.93,2,ASK
2018-12-17 09:54:15,CVX,113.85,9,BID
2018-12-17 09:54:15,CVX,113.9,4,ASK
2018-12-17 09:54:17,CVX,113.85,10,BID
2018-12-17 09:54:17,CVX,113.9,4,ASK
2018-12-17 09:54:17,CVX,113.85,10,BID
2018-12-17 09:54:17,CVX,113.9,4,ASK
2018-12-17 09:54:17,CVX,113.85,10,BID
2018-12-17 09:54:17,CVX,113.9,4,ASK
2018-12-17 09:54:17,CVX,113.85,9,BID
2018-12-17 09:54:20,CVX,113.9,5,ASK
2018-12-17 09:54:17,CVX,113.85,9,BID
2018-12-17 09:54:20,CVX,113.9,5,ASK
2018-12-17 09:54:17,CVX,113.85,9,BID
2018-12-17 09:54:20,CVX,113.9,5,ASK
2018-12-17 09:54:17,CVX,113.85,9,BID
2018-12-17 09:54:20,CVX,113.9,5,ASK
2018-12-17 09:54:17,CVX,113.85,9,BID
2018-12-17 09:54:25,CVX,113.9,4,ASK
2018-12-17 09:54:17,CVX,113.85,9,BID
2018-12-17 09:54:25,CVX,113.9,5,ASK
2018-12-17 09:54:17,CVX,113.85,9,BID
2018-12-17 09:54:27,CVX,113.9,4,ASK
2018-12-17 09:54:17,CVX,113.85,9,BID
2018-12-17 09:54:27,CVX,113.9,5,ASK
2018-12-17 09:54:17,CVX,113.85,9,BID
2018-12-17 09:54:27,CVX,113.9,5,ASK
2018-12-17 09:54:17,CVX,113.85,9,BID
2018-12-17 09:54:30,CVX,113.9,4,ASK
2018-12-17 09:54:17,CVX,113.85,9,BID
2018-12-17 09:54:30,CVX,113.9,4,ASK
2018-12-17 09:54:17,CVX,113.85,9,BID
2018-12-17 09:54:30,CVX,113.9,4,ASK
2018-12-17 09:54:17,CVX,113.85,10,BID
2018-12-17 09:54:32,CVX,113.9,4,ASK
2018-12-17 09:54:17,CVX,113.85,10,BID
2018-12-17 09:54:32,CVX,113.9,4,ASK
2018-12-17 09:54:17,CVX,113.85,10,BID
2018-12-17 09:54:32,CVX,113.9,4,ASK
2018-12-17 09:54:36,CVX,113.87,1,BID
2018-12-17 09:54:36,CVX,113.91,10,ASK
2018-12-17 09:54:37,CVX,113.86,6,BID
2018-12-17 09:54:37,CVX,113.91,3,ASK
2018-12-17 09:54:37,CVX,113.86,6,BID
2018-12-17 09:54:38,CVX,113.91,3,ASK
2018-12-17 09:54:39,CVX,113.82,21,BID
2018-12-17 09:54:39,CVX,113.88,3,ASK
2018-12-17 09:54:40,CVX,113.82,3,BID
2018-12-17 09:54:40,CVX,113.87,7,ASK
2018-12-17 09:54:41,CVX,113.82,3,BID
2018-12-17 09:54:41,CVX,113.87,7,ASK
2018-12-17 09:54:41,CVX,113.82,3,BID
2018-12-17 09:54:41,CVX,113.87,7,ASK
2018-12-17 09:54:41,CVX,113.82,3,BID
2018-12-17 09:54:41,CVX,113.87,7,ASK
2018-12-17 09:54:43,CVX,113.82,5,BID
2018-12-17 09:54:43,CVX,113.87,7,ASK
2018-12-17 09:54:43,CVX,113.82,5,BID
2018-12-17 09:54:43,CVX,113.87,7,ASK
2018-12-17 09:54:43,CVX,113.82,5,BID
2018-12-17 09:54:43,CVX,113.87,7,ASK
2018-12-17 09:54:43,CVX,113.82,5,BID
2018-12-17 09:54:43,CVX,113.87,7,ASK
2018-12-17 09:54:47,CVX,113.82,6,BID
2018-12-17 09:54:47,CVX,113.87,7,ASK
2018-12-17 09:54:47,CVX,113.82,6,BID
2018-12-17 09:54:47,CVX,113.87,7,ASK
2018-12-17 09:54:47,CVX,113.82,6,BID
2018-12-17 09:54:47,CVX,113.87,7,ASK
2018-12-17 09:54:47,CVX,113.82,6,BID
2018-12-17 09:54:47,CVX,113.87,7,ASK
2018-12-17 09:54:47,CVX,113.82,6,BID
2018-12-17 09:54:47,CVX,113.87,7,ASK
2018-12-17 09:54:47,CVX,113.82,6,BID
2018-12-17 09:54:47,CVX,113.87,7,ASK
2018-12-17 09:54:54,CVX,113.88,3,BID
2018-12-17 09:54:54,CVX,113.95,10,ASK
2018-12-17 09:54:54,CVX,113.9,2,BID
2018-12-17 09:54:54,CVX,113.95,10,ASK
2018-12-17 09:54:56,CVX,113.91,1,BID
2018-12-17 09:54:56,CVX,113.95,10,ASK
2018-12-17 09:54:56,CVX,113.91,1,BID
2018-12-17 09:54:56,CVX,113.95,10,ASK
2018-12-17 09:54:56,CVX,113.91,1,BID
2018-12-17 09:54:56,CVX,113.95,10,ASK
2018-12-17 09:54:59,CVX,113.88,3,BID
2018-12-17 09:54:59,CVX,113.93,1,ASK
2018-12-17 09:55:00,CVX,113.89,2,BID
2018-12-17 09:54:59,CVX,113.94,18,ASK
2018-12-17 09:55:01,CVX,113.9,3,BID
2018-12-17 09:55:01,CVX,113.99,8,ASK
2018-12-17 09:55:01,CVX,113.9,3,BID
2018-12-17 09:55:01,CVX,113.99,8,ASK
2018-12-17 09:55:01,CVX,113.9,3,BID
2018-12-17 09:55:01,CVX,113.99,8,ASK
2018-12-17 09:55:02,CVX,113.9,4,BID
2018-12-17 09:55:02,CVX,113.99,7,ASK
2018-12-17 09:55:03,CVX,113.9,4,BID
2018-12-17 09:55:03,CVX,113.99,8,ASK
2018-12-17 09:55:03,CVX,113.9,4,BID
2018-12-17 09:55:03,CVX,113.99,8,ASK
2018-12-17 09:55:03,CVX,113.9,4,BID
2018-12-17 09:55:03,CVX,113.99,8,ASK
2018-12-17 09:55:04,CVX,113.9,4,BID
2018-12-17 09:55:04,CVX,113.99,6,ASK
2018-12-17 09:55:04,CVX,113.9,4,BID
2018-12-17 09:55:04,CVX,113.99,6,ASK
2018-12-17 09:55:07,CVX,113.9,5,BID
2018-12-17 09:55:07,CVX,113.98,1,ASK
2018-12-17 09:55:00,CVX,113.89,6,BID
2018-12-17 09:55:09,CVX,113.98,7,ASK
2018-12-17 09:55:00,CVX,113.89,5,BID
2018-12-17 09:55:10,CVX,113.98,8,ASK
2018-12-17 09:55:00,CVX,113.89,5,BID
2018-12-17 09:55:10,CVX,113.98,8,ASK
2018-12-17 09:55:13,CVX,113.9,2,BID
2018-12-17 09:55:13,CVX,113.98,8,ASK
2018-12-17 09:55:13,CVX,113.9,3,BID
2018-12-17 09:55:15,CVX,113.98,8,ASK
2018-12-17 09:55:13,CVX,113.9,4,BID
2018-12-17 09:55:15,CVX,113.98,8,ASK
2018-12-17 09:55:17,CVX,113.9,13,BID
2018-12-17 09:55:16,CVX,113.98,10,ASK
2018-12-17 09:55:17,CVX,113.9,13,BID
2018-12-17 09:55:16,CVX,113.98,9,ASK
2018-12-17 09:55:19,CVX,113.91,2,BID
2018-12-17 09:55:16,CVX,113.98,9,ASK
2018-12-17 09:55:20,CVX,113.91,3,BID
2018-12-17 09:55:20,CVX,113.98,11,ASK
2018-12-17 09:55:20,CVX,113.91,3,BID
2018-12-17 09:55:20,CVX,113.98,11,ASK
2018-12-17 09:55:21,CVX,113.92,3,BID
2018-12-17 09:55:20,CVX,113.98,11,ASK
2018-12-17 09:55:21,CVX,113.92,3,BID
2018-12-17 09:55:20,CVX,113.98,11,ASK
2018-12-17 09:55:21,CVX,113.92,3,BID
2018-12-17 09:55:20,CVX,113.98,11,ASK
2018-12-17 09:55:25,CVX,113.92,4,BID
2018-12-17 09:55:20,CVX,113.98,16,ASK
2018-12-17 09:55:25,CVX,113.92,4,BID
2018-12-17 09:55:20,CVX,113.98,9,ASK
2018-12-17 09:55:27,CVX,113.92,4,BID
2018-12-17 09:55:20,CVX,113.98,9,ASK
2018-12-17 09:55:28,CVX,113.93,1,BID
2018-12-17 09:55:20,CVX,113.98,9,ASK
2018-12-17 09:55:30,CVX,113.93,3,BID
2018-12-17 09:55:20,CVX,113.98,9,ASK
2018-12-17 09:55:30,CVX,113.93,4,BID
2018-12-17 09:55:20,CVX,113.98,9,ASK
2018-12-17 09:55:31,CVX,113.96,1,BID
2018-12-17 09:55:31,CVX,114.02,2,ASK
2018-12-17 09:55:32,CVX,113.96,3,BID
2018-12-17 09:55:32,CVX,114.02,2,ASK
2018-12-17 09:55:32,CVX,113.96,3,BID
2018-12-17 09:55:32,CVX,114.02,2,ASK
2018-12-17 09:55:32,CVX,113.96,3,BID
2018-12-17 09:55:32,CVX,114.02,2,ASK
2018-12-17 09:55:35,CVX,114.0,3,BID
2018-12-17 09:53:19,CVX,114.05,3,ASK
2018-12-17 09:55:35,CVX,114.0,3,BID
2018-12-17 09:53:19,CVX,114.05,3,ASK
2018-12-17 09:55:37,CVX,114.0,3,BID
2018-12-17 09:55:37,CVX,114.05,6,ASK
2018-12-17 09:55:37,CVX,114.0,3,BID
2018-12-17 09:55:37,CVX,114.05,6,ASK
2018-12-17 09:55:39,CVX,114.0,4,BID
2018-12-17 09:55:39,CVX,114.05,6,ASK
2018-12-17 09:55:40,CVX,114.0,6,BID
2018-12-17 09:55:39,CVX,114.05,6,ASK
2018-12-17 09:55:40,CVX,114.0,6,BID
2018-12-17 09:55:39,CVX,114.05,6,ASK
2018-12-17 09:55:40,CVX,114.0,6,BID
2018-12-17 09:55:39,CVX,114.05,6,ASK
2018-12-17 09:55:40,CVX,114.0,6,BID
2018-12-17 09:55:39,CVX,114.05,6,ASK
2018-12-17 09:55:40,CVX,114.0,6,BID
2018-12-17 09:55:39,CVX,114.05,6,ASK
2018-12-17 09:55:40,CVX,114.0,6,BID
2018-12-17 09:55:39,CVX,114.05,6,ASK
2018-12-17 09:55:40,CVX,114.0,6,BID
2018-12-17 09:55:39,CVX,114.05,6,ASK
2018-12-17 09:55:40,CVX,114.0,6,BID
2018-12-17 09:55:39,CVX,114.05,6,ASK
2018-12-17 09:55:40,CVX,114.0,6,BID
2018-12-17 09:55:49,CVX,114.05,5,ASK
2018-12-17 09:55:40,CVX,114.0,6,BID
2018-12-17 09:55:49,CVX,114.05,5,ASK
2018-12-17 09:55:40,CVX,114.0,6,BID
2018-12-17 09:55:49,CVX,114.05,5,ASK
2018-12-17 09:55:40,CVX,114.0,6,BID
2018-12-17 09:55:51,CVX,114.05,6,ASK
2018-12-17 09:55:40,CVX,114.0,6,BID
2018-12-17 09:55:52,CVX,114.05,5,ASK
2018-12-17 09:55:53,CVX,113.95,1,BID
2018-12-17 09:55:53,CVX,114.0,12,ASK
2018-12-17 09:55:54,CVX,113.95,1,BID
2018-12-17 09:55:53,CVX,114.01,16,ASK
2018-12-17 09:55:54,CVX,113.95,1,BID
2018-12-17 09:55:53,CVX,114.01,16,ASK
2018-12-17 09:55:54,CVX,113.95,1,BID
2018-12-17 09:55:53,CVX,114.01,16,ASK
2018-12-17 09:55:58,CVX,113.95,1,BID
2018-12-17 09:55:58,CVX,114.01,19,ASK
2018-12-17 09:55:58,CVX,113.95,1,BID
2018-12-17 09:55:58,CVX,114.01,18,ASK
2018-12-17 09:56:00,CVX,113.95,1,BID
2018-12-17 09:56:00,CVX,114.01,18,ASK
2018-12-17 09:56:00,CVX,113.95,2,BID
2018-12-17 09:56:00,CVX,114.03,2,ASK
2018-12-17 09:56:01,CVX,113.95,2,BID
2018-12-17 09:56:01,CVX,114.03,4,ASK
2018-12-17 09:56:01,CVX,113.95,2,BID
2018-12-17 09:56:01,CVX,114.03,4,ASK
2018-12-17 09:56:03,CVX,113.95,3,BID
2018-12-17 09:56:03,CVX,114.03,8,ASK
2018-12-17 09:56:03,CVX,113.95,3,BID
2018-12-17 09:56:03,CVX,114.03,8,ASK
2018-12-17 09:56:03,CVX,113.95,3,BID
2018-12-17 09:56:03,CVX,114.03,8,ASK
2018-12-17 09:56:03,CVX,113.95,3,BID
2018-12-17 09:56:03,CVX,114.03,8,ASK
2018-12-17 09:56:07,CVX,113.98,1,BID
2018-12-17 09:56:07,CVX,114.03,8,ASK
2018-12-17 09:56:08,CVX,113.97,2,BID
2018-12-17 09:56:08,CVX,114.03,8,ASK
2018-12-17 09:56:09,CVX,113.97,2,BID
2018-12-17 09:56:09,CVX,114.03,7,ASK
2018-12-17 09:56:10,CVX,114.03,4,BID
2018-12-17 09:56:10,CVX,114.07,11,ASK
2018-12-17 09:56:11,CVX,114.04,3,BID
2018-12-17 09:56:11,CVX,114.09,2,ASK
2018-12-17 09:56:12,CVX,114.04,3,BID
2018-12-17 09:56:12,CVX,114.1,15,ASK
2018-12-17 09:56:13,CVX,114.04,3,BID
2018-12-17 09:56:13,CVX,114.1,17,ASK
2018-12-17 09:56:13,CVX,114.04,4,BID
2018-12-17 09:56:12,CVX,114.1,17,ASK
2018-12-17 09:56:16,CVX,114.04,4,BID
2018-12-17 09:56:15,CVX,114.1,17,ASK
2018-12-17 09:56:16,CVX,114.04,4,BID
2018-12-17 09:56:15,CVX,114.1,17,ASK
2018-12-17 09:56:16,CVX,114.04,4,BID
2018-12-17 09:56:15,CVX,114.1,17,ASK
2018-12-17 09:56:18,CVX,114.06,4,BID
2018-12-17 09:56:18,CVX,114.1,2,ASK
2018-12-17 09:56:19,CVX,114.03,16,BID
2018-12-17 09:56:19,CVX,114.09,2,ASK
2018-12-17 09:56:19,CVX,114.03,15,BID
2018-12-17 09:56:20,CVX,114.09,3,ASK
2018-12-17 09:56:19,CVX,114.03,16,BID
2018-12-17 09:56:20,CVX,114.09,4,ASK
2018-12-17 09:56:19,CVX,114.03,16,BID
2018-12-17 09:56:20,CVX,114.09,4,ASK
2018-12-17 09:56:19,CVX,114.03,16,BID
2018-12-17 09:56:20,CVX,114.09,4,ASK
2018-12-17 09:56:19,CVX,114.03,16,BID
2018-12-17 09:56:20,CVX,114.09,4,ASK
2018-12-17 09:56:19,CVX,114.03,16,BID
2018-12-17 09:56:25,CVX,114.09,3,ASK
2018-12-17 09:56:19,CVX,114.03,16,BID
2018-12-17 09:56:25,CVX,114.09,3,ASK
2018-12-17 09:56:27,CVX,114.05,6,BID
2018-12-17 09:56:19,CVX,114.1,4,ASK
2018-12-17 09:56:27,CVX,114.05,7,BID
2018-12-17 09:56:19,CVX,114.1,4,ASK
2018-12-17 09:56:29,CVX,114.02,3,BID
2018-12-17 09:56:29,CVX,114.07,17,ASK
2018-12-17 09:56:31,CVX,113.97,12,BID
2018-12-17 09:56:31,CVX,114.02,1,ASK
2018-12-17 09:56:32,CVX,113.97,15,BID
2018-12-17 09:56:32,CVX,114.01,1,ASK
2018-12-17 09:56:32,CVX,113.97,15,BID
2018-12-17 09:56:32,CVX,114.01,2,ASK
2018-12-17 09:56:34,CVX,113.97,15,BID
2018-12-17 09:56:34,CVX,114.01,3,ASK
2018-12-17 09:56:34,CVX,113.97,15,BID
2018-12-17 09:56:34,CVX,114.01,3,ASK
2018-12-17 09:56:36,CVX,113.97,17,BID
2018-12-17 09:56:34,CVX,114.01,3,ASK
2018-12-17 09:56:36,CVX,113.97,17,BID
2018-12-17 09:56:34,CVX,114.01,3,ASK
2018-12-17 09:56:37,CVX,113.94,13,BID
2018-12-17 09:56:37,CVX,113.98,4,ASK
2018-12-17 09:56:37,CVX,113.94,12,BID
2018-12-17 09:56:39,CVX,113.98,4,ASK
2018-12-17 09:56:37,CVX,113.94,12,BID
2018-12-17 09:56:39,CVX,113.98,4,ASK
2018-12-17 09:56:37,CVX,113.94,12,BID
2018-12-17 09:56:39,CVX,113.98,4,ASK
2018-12-17 09:56:37,CVX,113.94,12,BID
2018-12-17 09:56:39,CVX,113.98,4,ASK
2018-12-17 09:56:43,CVX,113.9,1,BID
2018-12-17 09:56:43,CVX,113.96,2,ASK
2018-12-17 09:56:44,CVX,113.9,1,BID
2018-12-17 09:56:44,CVX,113.96,4,ASK
2018-12-17 09:56:44,CVX,113.9,1,BID
2018-12-17 09:56:44,CVX,113.96,5,ASK
2018-12-17 09:56:45,CVX,113.9,1,BID
2018-12-17 09:56:44,CVX,113.96,4,ASK
2018-12-17 09:56:47,CVX,113.91,2,BID
2018-12-17 09:56:47,CVX,113.96,4,ASK
2018-12-17 09:56:47,CVX,113.91,2,BID
2018-12-17 09:56:47,CVX,113.96,4,ASK
2018-12-17 09:56:49,CVX,113.91,3,BID
2018-12-17 09:56:47,CVX,113.96,4,ASK
2018-12-17 09:56:49,CVX,113.91,3,BID
2018-12-17 09:56:47,CVX,113.96,4,ASK
2018-12-17 09:56:49,CVX,113.91,3,BID
2018-12-17 09:56:47,CVX,113.96,4,ASK
2018-12-17 09:56:49,CVX,113.91,3,BID
2018-12-17 09:56:47,CVX,113.96,4,ASK
2018-12-17 09:56:49,CVX,113.91,3,BID
2018-12-17 09:56:47,CVX,113.96,4,ASK
2018-12-17 09:56:49,CVX,113.91,3,BID
2018-12-17 09:56:47,CVX,113.96,4,ASK
2018-12-17 09:56:54,CVX,113.9,2,BID
2018-12-17 09:56:47,CVX,113.96,4,ASK
2018-12-17 09:56:56,CVX,113.9,2,BID
2018-12-17 09:56:56,CVX,113.95,3,ASK
2018-12-17 09:56:57,CVX,113.9,2,BID
2018-12-17 09:56:57,CVX,113.95,4,ASK
2018-12-17 09:56:58,CVX,113.9,5,BID
2018-12-17 09:56:58,CVX,113.95,4,ASK
2018-12-17 09:56:58,CVX,113.9,5,BID
2018-12-17 09:56:58,CVX,113.95,4,ASK
2018-12-17 09:56:59,CVX,113.95,1,BID
2018-12-17 09:56:59,CVX,114.0,3,ASK
2018-12-17 09:57:00,CVX,113.94,10,BID
2018-12-17 09:57:00,CVX,114.0,3,ASK
2018-12-17 09:57:00,CVX,113.94,10,BID
2018-12-17 09:57:01,CVX,114.0,3,ASK
2018-12-17 09:57:00,CVX,113.94,10,BID
2018-12-17 09:57:01,CVX,114.0,3,ASK
2018-12-17 09:57:04,CVX,113.94,12,BID
2018-12-17 09:57:04,CVX,113.99,2,ASK
2018-12-17 09:57:04,CVX,113.93,1,BID
2018-12-17 09:57:04,CVX,113.97,2,ASK
2018-12-17 09:57:04,CVX,113.93,1,BID
2018-12-17 09:57:04,CVX,113.97,2,ASK
2018-12-17 09:57:04,CVX,113.93,1,BID
2018-12-17 09:57:04,CVX,113.97,2,ASK
2018-12-17 09:57:07,CVX,113.9,7,BID
2018-12-17 09:57:07,CVX,113.94,3,ASK
2018-12-17 09:57:09,CVX,113.9,7,BID
2018-12-17 09:57:09,CVX,113.95,9,ASK
2018-12-17 09:57:09,CVX,113.9,8,BID
2018-12-17 09:57:09,CVX,113.96,4,ASK
2018-12-17 09:57:09,CVX,113.9,8,BID
2018-12-17 09:57:09,CVX,113.96,4,ASK
2018-12-17 09:57:09,CVX,113.9,8,BID
2018-12-17 09:57:09,CVX,113.96,4,ASK
2018-12-17 09:57:13,CVX,113.88,3,BID
2018-12-17 09:57:12,CVX,113.94,4,ASK
2018-12-17 09:57:13,CVX,113.88,3,BID
2018-12-17 09:57:13,CVX,113.94,5,ASK
2018-12-17 09:57:13,CVX,113.88,3,BID
2018-12-17 09:57:13,CVX,113.94,5,ASK
2018-12-17 09:57:16,CVX,113.89,3,BID
2018-12-17 09:57:16,CVX,113.95,2,ASK
2018-12-17 09:57:17,CVX,113.89,4,BID
2018-12-17 09:57:17,CVX,113.95,9,ASK
2018-12-17 09:57:18,CVX,113.89,4,BID
2018-12-17 09:57:18,CVX,113.95,10,ASK
2018-12-17 09:57:18,CVX,113.89,4,BID
2018-12-17 09:57:18,CVX,113.95,10,ASK
2018-12-17 09:57:20,CVX,113.9,3,BID
2018-12-17 09:57:18,CVX,113.95,10,ASK
2018-12-17 09:57:20,CVX,113.9,3,BID
2018-12-17 09:57:18,CVX,113.95,10,ASK
2018-12-17 09:57:20,CVX,113.9,3,BID
2018-12-17 09:57:18,CVX,113.95,10,ASK
2018-12-17 09:57:23,CVX,113.9,5,BID
2018-12-17 09:57:18,CVX,113.95,10,ASK
2018-12-17 09:57:24,CVX,113.93,1,BID
2018-12-17 09:57:24,CVX,113.96,10,ASK
2018-12-17 09:57:25,CVX,113.86,4,BID
2018-12-17 09:57:25,CVX,113.91,2,ASK
2018-12-17 09:57:25,CVX,113.86,4,BID
2018-12-17 09:57:25,CVX,113.91,3,ASK
2018-12-17 09:57:25,CVX,113.86,4,BID
2018-12-17 09:57:25,CVX,113.91,3,ASK
2018-12-17 09:57:27,CVX,113.86,12,BID
2018-12-17 09:57:27,CVX,113.94,3,ASK
2018-12-17 09:57:27,CVX,113.86,12,BID
2018-12-17 09:57:29,CVX,113.94,1,ASK
2018-12-17 09:57:27,CVX,113.86,13,BID
2018-12-17 09:57:27,CVX,113.95,5,ASK
2018-12-17 09:57:27,CVX,113.86,13,BID
2018-12-17 09:57:31,CVX,113.94,2,ASK
2018-12-17 09:57:27,CVX,113.86,12,BID
2018-12-17 09:57:31,CVX,113.94,2,ASK
2018-12-17 09:57:33,CVX,113.87,1,BID
2018-12-17 09:57:33,CVX,113.94,4,ASK
2018-12-17 09:57:34,CVX,113.88,1,BID
2018-12-17 09:57:34,CVX,113.94,4,ASK
2018-12-17 09:57:34,CVX,113.88,2,BID
2018-12-17 09:57:34,CVX,113.94,4,ASK
2018-12-17 09:57:35,CVX,113.88,2,BID
2018-12-17 09:57:35,CVX,113.94,4,ASK
2018-12-17 09:57:36,CVX,113.88,2,BID
2018-12-17 09:57:36,CVX,113.94,4,ASK
2018-12-17 09:57:36,CVX,113.88,2,BID
2018-12-17 09:57:36,CVX,113.94,4,ASK
2018-12-17 09:57:39,CVX,113.89,4,BID
2018-12-17 09:57:39,CVX,113.94,4,ASK
2018-12-17 09:57:39,CVX,113.89,4,BID
2018-12-17 09:57:39,CVX,113.94,4,ASK
2018-12-17 09:57:41,CVX,113.91,2,BID
2018-12-17 09:57:41,CVX,113.97,5,ASK
2018-12-17 09:57:42,CVX,113.95,3,BID
2018-12-17 09:57:42,CVX,113.99,3,ASK
2018-12-17 09:57:42,CVX,113.95,3,BID
2018-12-17 09:56:37,CVX,114.0,3,ASK
2018-12-17 09:57:44,CVX,113.96,3,BID
2018-12-17 09:57:44,CVX,114.01,4,ASK
2018-12-17 09:57:44,CVX,113.96,4,BID
2018-12-17 09:57:44,CVX,114.0,1,ASK
2018-12-17 09:57:46,CVX,113.97,2,BID
2018-12-17 09:57:46,CVX,114.01,4,ASK
2018-12-17 09:57:47,CVX,113.99,2,BID
2018-12-17 09:57:47,CVX,114.04,12,ASK
2018-12-17 09:57:48,CVX,113.98,2,BID
2018-12-17 09:57:48,CVX,114.03,5,ASK
2018-12-17 09:57:48,CVX,113.98,2,BID
2018-12-17 09:57:48,CVX,114.03,7,ASK
2018-12-17 09:57:50,CVX,113.98,1,BID
2018-12-17 09:57:50,CVX,114.0,3,ASK
2018-12-17 09:57:50,CVX,113.98,1,BID
2018-12-17 09:57:50,CVX,114.0,3,ASK
2018-12-17 09:57:52,CVX,113.92,4,BID
2018-12-17 09:57:52,CVX,113.96,2,ASK
2018-12-17 09:57:52,CVX,113.93,8,BID
2018-12-17 09:57:51,CVX,113.98,7,ASK
2018-12-17 09:57:52,CVX,113.92,5,BID
2018-12-17 09:57:54,CVX,113.97,1,ASK
2018-12-17 09:57:52,CVX,113.92,5,BID
2018-12-17 09:57:54,CVX,113.97,3,ASK
2018-12-17 09:57:52,CVX,113.92,5,BID
2018-12-17 09:57:54,CVX,113.97,3,ASK
2018-12-17 09:57:52,CVX,113.92,5,BID
2018-12-17 09:57:56,CVX,113.97,4,ASK
2018-12-17 09:57:52,CVX,113.92,6,BID
2018-12-17 09:57:58,CVX,113.97,5,ASK
2018-12-17 09:57:52,CVX,113.92,6,BID
2018-12-17 09:57:58,CVX,113.97,5,ASK
2018-12-17 09:58:00,CVX,113.93,13,BID
2018-12-17 09:58:00,CVX,113.99,2,ASK
2018-12-17 09:58:00,CVX,113.93,13,BID
2018-12-17 09:58:00,CVX,113.99,2,ASK
2018-12-17 09:58:02,CVX,113.96,2,BID
2018-12-17 09:58:02,CVX,113.99,1,ASK
2018-12-17 09:58:03,CVX,113.97,2,BID
2018-12-17 09:58:03,CVX,114.0,4,ASK
2018-12-17 09:58:03,CVX,113.97,2,BID
2018-12-17 09:58:03,CVX,114.0,4,ASK
2018-12-17 09:58:03,CVX,113.97,2,BID
2018-12-17 09:58:03,CVX,114.0,4,ASK
2018-12-17 09:58:06,CVX,113.93,13,BID
2018-12-17 09:58:05,CVX,114.0,11,ASK
2018-12-17 09:58:06,CVX,113.93,13,BID
2018-12-17 09:58:05,CVX,114.0,11,ASK
2018-12-17 09:58:08,CVX,113.93,13,BID
2018-12-17 09:58:08,CVX,113.99,1,ASK
2018-12-17 09:58:08,CVX,113.93,13,BID
2018-12-17 09:58:08,CVX,113.99,1,ASK
2018-12-17 09:58:08,CVX,113.93,13,BID
2018-12-17 09:58:08,CVX,113.99,1,ASK
2018-12-17 09:58:11,CVX,113.93,14,BID
2018-12-17 09:58:11,CVX,114.0,13,ASK
2018-12-17 09:58:11,CVX,113.93,14,BID
2018-12-17 09:58:11,CVX,114.0,13,ASK
2018-12-17 09:58:13,CVX,113.94,2,BID
2018-12-17 09:58:13,CVX,114.0,13,ASK
2018-12-17 09:58:13,CVX,113.94,2,BID
2018-12-17 09:58:13,CVX,114.0,13,ASK
2018-12-17 09:58:14,CVX,113.94,2,BID
2018-12-17 09:58:14,CVX,113.99,2,ASK
2018-12-17 09:58:14,CVX,113.94,2,BID
2018-12-17 09:58:14,CVX,113.99,2,ASK
2018-12-17 09:58:14,CVX,113.94,2,BID
2018-12-17 09:58:14,CVX,113.99,2,ASK
2018-12-17 09:58:18,CVX,113.96,1,BID
2018-12-17 09:58:18,CVX,113.99,2,ASK
2018-12-17 09:58:19,CVX,113.97,3,BID
2018-12-17 09:58:19,CVX,114.0,1,ASK
2018-12-17 09:58:20,CVX,113.96,7,BID
2018-12-17 09:58:20,CVX,114.0,1,ASK
2018-12-17 09:58:21,CVX,113.99,3,BID
2018-12-17 09:58:21,CVX,114.06,7,ASK
2018-12-17 09:58:22,CVX,113.99,3,BID
2018-12-17 09:58:21,CVX,114.06,6,ASK
2018-12-17 09:58:23,CVX,114.0,5,BID
2018-12-17 09:58:23,CVX,114.07,21,ASK
2018-12-17 09:58:24,CVX,114.01,3,BID
2018-12-17 09:58:23,CVX,114.07,21,ASK
2018-12-17 09:58:25,CVX,114.02,1,BID
2018-12-17 09:58:25,CVX,114.07,1,ASK
2018-12-17 09:58:25,CVX,114.02,2,BID
2018-12-17 09:58:25,CVX,114.08,2,ASK
2018-12-17 09:58:25,CVX,114.02,2,BID
2018-12-17 09:58:25,CVX,114.08,2,ASK
2018-12-17 09:58:28,CVX,114.04,4,BID
2018-12-17 09:58:28,CVX,114.08,3,ASK
2018-12-17 09:58:28,CVX,114.04,4,BID
2018-12-17 09:58:28,CVX,114.08,3,ASK
2018-12-17 09:58:30,CVX,114.04,4,BID
2018-12-17 09:58:30,CVX,114.08,3,ASK
2018-12-17 09:58:31,CVX,114.03,5,BID
2018-12-17 09:58:31,CVX,114.07,3,ASK
2018-12-17 09:58:31,CVX,114.03,6,BID
2018-12-17 09:58:31,CVX,114.07,3,ASK
2018-12-17 09:58:33,CVX,114.03,6,BID
2018-12-17 09:58:33,CVX,114.07,4,ASK
2018-12-17 09:58:34,CVX,114.02,4,BID
2018-12-17 09:58:34,CVX,114.06,6,ASK
2018-12-17 09:58:34,CVX,114.02,4,BID
2018-12-17 09:58:35,CVX,114.06,7,ASK
2018-12-17 09:58:36,CVX,114.01,4,BID
2018-12-17 09:58:36,CVX,114.06,12,ASK
2018-12-17 09:58:36,CVX,114.01,4,BID
2018-12-17 09:58:36,CVX,114.06,12,ASK
2018-12-17 09:58:38,CVX,113.99,12,BID
2018-12-17 09:58:38,CVX,114.05,3,ASK
2018-12-17 09:58:38,CVX,113.99,12,BID
2018-12-17 09:58:38,CVX,114.05,3,ASK
2018-12-17 09:58:38,CVX,113.99,12,BID
2018-12-17 09:58:38,CVX,114.05,4,ASK
2018-12-17 09:58:38,CVX,113.99,12,BID
2018-12-17 09:58:40,CVX,114.05,3,ASK
2018-12-17 09:58:42,CVX,113.99,14,BID
2018-12-17 09:58:40,CVX,114.05,3,ASK
2018-12-17 09:58:42,CVX,113.99,14,BID
2018-12-17 09:58:40,CVX,114.05,3,ASK
2018-12-17 09:58:44,CVX,113.99,16,BID
2018-12-17 09:58:44,CVX,114.02,4,ASK
2018-12-17 09:58:44,CVX,113.99,16,BID
2018-12-17 09:58:44,CVX,114.02,4,ASK
2018-12-17 09:58:44,CVX,113.99,16,BID
2018-12-17 09:58:44,CVX,114.02,4,ASK
2018-12-17 09:58:44,CVX,113.99,17,BID
2018-12-17 09:58:47,CVX,114.02,1,ASK
2018-12-17 09:58:48,CVX,114.0,2,BID
2018-12-17 09:58:48,CVX,114.05,10,ASK
2018-12-17 09:58:48,CVX,114.0,2,BID
2018-12-17 09:58:48,CVX,114.05,11,ASK
2018-12-17 09:58:48,CVX,114.0,2,BID
2018-12-17 09:58:48,CVX,114.05,11,ASK
2018-12-17 09:58:48,CVX,114.0,3,BID
2018-12-17 09:58:48,CVX,114.05,11,ASK
2018-12-17 09:58:48,CVX,114.0,4,BID
2018-12-17 09:58:48,CVX,114.05,11,ASK
2018-12-17 09:58:53,CVX,114.0,6,BID
2018-12-17 09:58:48,CVX,114.05,11,ASK
2018-12-17 09:58:53,CVX,114.0,6,BID
2018-12-17 09:58:48,CVX,114.05,11,ASK
2018-12-17 09:58:53,CVX,114.0,5,BID
2018-12-17 09:58:48,CVX,114.05,11,ASK
2018-12-17 09:58:53,CVX,114.0,5,BID
2018-12-17 09:58:48,CVX,114.05,11,ASK
2018-12-17 09:58:53,CVX,114.0,5,BID
2018-12-17 09:58:48,CVX,114.05,11,ASK
2018-12-17 09:58:58,CVX,113.96,4,BID
2018-12-17 09:58:58,CVX,114.02,9,ASK
2018-12-17 09:58:58,CVX,113.96,4,BID
2018-12-17 09:58:58,CVX,114.02,9,ASK
2018-12-17 09:59:00,CVX,113.96,6,BID
2018-12-17 09:59:00,CVX,114.02,9,ASK
2018-12-17 09:59:00,CVX,113.96,6,BID
2018-12-17 09:59:00,CVX,114.02,9,ASK
2018-12-17 09:59:02,CVX,113.94,6,BID
2018-12-17 09:59:02,CVX,113.99,3,ASK
2018-12-17 09:59:03,CVX,113.94,6,BID
2018-12-17 09:59:03,CVX,113.98,2,ASK
2018-12-17 09:59:03,CVX,113.94,6,BID
2018-12-17 09:59:03,CVX,113.98,2,ASK
2018-12-17 09:59:03,CVX,113.94,6,BID
2018-12-17 09:59:03,CVX,113.98,2,ASK
2018-12-17 09:59:06,CVX,113.93,31,BID
2018-12-17 09:59:06,CVX,113.97,2,ASK
2018-12-17 09:59:06,CVX,113.93,31,BID
2018-12-17 09:59:06,CVX,113.97,2,ASK
2018-12-17 09:59:07,CVX,113.91,5,BID
2018-12-17 09:59:08,CVX,113.93,3,ASK
2018-12-17 09:59:07,CVX,113.91,5,BID
2018-12-17 09:59:08,CVX,113.93,3,ASK
2018-12-17 09:59:10,CVX,113.9,22,BID
2018-12-17 09:59:10,CVX,113.94,4,ASK
2018-12-17 09:59:10,CVX,113.9,22,BID
2018-12-17 09:59:10,CVX,113.94,4,ASK
2018-12-17 09:59:10,CVX,113.9,22,BID
2018-12-17 09:59:10,CVX,113.94,4,ASK
2018-12-17 09:59:10,CVX,113.9,22,BID
2018-12-17 09:59:12,CVX,113.94,4,ASK
2018-12-17 09:57:38,CVX,113.88,3,BID
2018-12-17 09:59:14,CVX,113.94,4,ASK
2018-12-17 09:59:14,CVX,113.86,14,BID
2018-12-17 09:59:14,CVX,113.89,3,ASK
2018-12-17 09:59:15,CVX,113.87,9,BID
2018-12-17 09:59:15,CVX,113.91,1,ASK
2018-12-17 09:59:15,CVX,113.87,9,BID
2018-12-17 09:59:16,CVX,113.91,1,ASK
2018-12-17 09:59:17,CVX,113.86,16,BID
2018-12-17 09:59:17,CVX,113.91,1,ASK
2018-12-17 09:59:17,CVX,113.86,15,BID
2018-12-17 09:59:19,CVX,113.91,1,ASK
2018-12-17 09:59:17,CVX,113.86,16,BID
2018-12-17 09:59:20,CVX,113.91,2,ASK
2018-12-17 09:59:17,CVX,113.86,16,BID
2018-12-17 09:59:20,CVX,113.91,2,ASK
2018-12-17 09:59:17,CVX,113.86,23,BID
2018-12-17 09:59:22,CVX,113.91,2,ASK
2018-12-17 09:59:23,CVX,113.87,1,BID
2018-12-17 09:59:23,CVX,113.91,2,ASK
2018-12-17 09:59:24,CVX,113.92,1,BID
2018-12-17 09:59:24,CVX,113.97,3,ASK
2018-12-17 09:59:25,CVX,113.93,1,BID
2018-12-17 09:59:25,CVX,113.99,5,ASK
2018-12-17 09:59:25,CVX,113.93,1,BID
2018-12-17 09:59:25,CVX,113.98,1,ASK
2018-12-17 09:59:27,CVX,113.94,3,BID
2018-12-17 09:59:27,CVX,113.98,1,ASK
2018-12-17 09:59:28,CVX,113.99,2,BID
2018-12-17 09:59:28,CVX,114.03,1,ASK
2018-12-17 09:59:29,CVX,113.98,6,BID
2018-12-17 09:59:29,CVX,114.01,1,ASK
2018-12-17 09:59:30,CVX,113.94,3,BID
2018-12-17 09:59:30,CVX,113.99,3,ASK
2018-12-17 09:59:31,CVX,113.95,1,BID
2018-12-17 09:59:30,CVX,113.99,3,ASK
2018-12-17 09:59:32,CVX,113.95,2,BID
2018-12-17 09:59:30,CVX,113.99,3,ASK
2018-12-17 09:59:32,CVX,113.95,2,BID
2018-12-17 09:59:30,CVX,113.99,3,ASK
2018-12-17 09:59:34,CVX,113.95,3,BID
2018-12-17 09:59:34,CVX,114.01,1,ASK
2018-12-17 09:59:35,CVX,113.95,3,BID
2018-12-17 09:59:35,CVX,114.0,2,ASK
2018-12-17 09:59:36,CVX,114.0,19,BID
2018-12-17 09:59:36,CVX,114.03,9,ASK
2018-12-17 09:59:36,CVX,114.01,2,BID
2018-12-17 09:59:36,CVX,114.03,9,ASK
2018-12-17 09:59:36,CVX,114.01,2,BID
2018-12-17 09:59:36,CVX,114.03,9,ASK
2018-12-17 09:59:37,CVX,114.01,1,BID
2018-12-17 09:59:37,CVX,114.03,9,ASK
2018-12-17 09:59:38,CVX,114.01,6,BID
2018-12-17 09:59:38,CVX,114.03,10,ASK
2018-12-17 09:59:36,CVX,114.0,10,BID
2018-12-17 09:59:38,CVX,114.03,13,ASK
2018-12-17 09:59:41,CVX,114.0,10,BID
2018-12-17 09:59:38,CVX,114.03,13,ASK
2018-12-17 09:59:43,CVX,113.98,1,BID
2018-12-17 09:59:43,CVX,114.02,9,ASK
2018-12-17 09:59:44,CVX,113.97,5,BID
2018-12-17 09:59:44,CVX,114.02,20,ASK
2018-12-17 09:59:45,CVX,113.97,3,BID
2018-12-17 09:59:45,CVX,114.02,20,ASK
2018-12-17 09:59:45,CVX,113.97,3,BID
2018-12-17 09:59:45,CVX,114.02,20,ASK
2018-12-17 09:59:45,CVX,113.97,3,BID
2018-12-17 09:59:45,CVX,114.02,20,ASK
2018-12-17 09:59:45,CVX,113.97,3,BID
2018-12-17 09:59:45,CVX,114.02,20,ASK
2018-12-17 09:59:45,CVX,113.97,3,BID
2018-12-17 09:59:45,CVX,114.02,20,ASK
2018-12-17 09:59:50,CVX,113.98,2,BID
2018-12-17 09:59:38,CVX,114.03,13,ASK
2018-12-17 09:59:51,CVX,114.01,4,BID
2018-12-17 09:59:51,CVX,114.06,15,ASK
2018-12-17 09:59:51,CVX,114.01,4,BID
2018-12-17 09:59:51,CVX,114.06,15,ASK
2018-12-17 09:59:52,CVX,114.01,5,BID
2018-12-17 09:59:51,CVX,114.06,15,ASK
2018-12-17 09:59:52,CVX,114.01,5,BID
2018-12-17 09:59:51,CVX,114.06,15,ASK
2018-12-17 09:59:52,CVX,114.01,5,BID
2018-12-17 09:59:51,CVX,114.06,15,ASK
2018-12-17 09:59:50,CVX,113.97,5,BID
2018-12-17 09:59:55,CVX,114.02,1,ASK
2018-12-17 09:59:56,CVX,113.99,2,BID
2018-12-17 09:59:56,CVX,114.05,6,ASK
2018-12-17 09:59:58,CVX,114.0,1,BID
2018-12-17 09:59:58,CVX,114.05,6,ASK
2018-12-17 09:59:59,CVX,114.0,3,BID
2018-12-17 09:59:59,CVX,114.05,6,ASK
2018-12-17 10:00:00,CVX,113.99,3,BID
2018-12-17 10:00:00,CVX,114.03,1,ASK
2018-12-17 10:00:00,CVX,113.99,4,BID
2018-12-17 10:00:00,CVX,114.02,1,ASK
2018-12-17 10:00:01,CVX,113.96,20,BID
2018-12-17 10:00:01,CVX,114.0,1,ASK
2018-12-17 10:00:02,CVX,113.97,5,BID
2018-12-17 10:00:02,CVX,114.01,3,ASK
2018-12-17 10:00:02,CVX,114.01,2,BID
2018-12-17 10:00:02,CVX,114.03,1,ASK
2018-12-17 10:00:03,CVX,114.01,2,BID
2018-12-17 10:00:03,CVX,114.05,7,ASK
2018-12-17 10:00:04,CVX,113.98,2,BID
2018-12-17 10:00:04,CVX,114.03,1,ASK
2018-12-17 10:00:05,CVX,113.98,2,BID
2018-12-17 10:00:05,CVX,114.03,6,ASK
2018-12-17 10:00:07,CVX,113.97,6,BID
2018-12-17 10:00:07,CVX,114.01,1,ASK
2018-12-17 10:00:07,CVX,113.97,5,BID
2018-12-17 10:00:07,CVX,114.0,1,ASK
2018-12-17 10:00:07,CVX,113.99,4,BID
2018-12-17 10:00:08,CVX,114.07,7,ASK
2018-12-17 10:00:08,CVX,114.02,1,BID
2018-12-17 10:00:08,CVX,114.06,1,ASK
2018-12-17 10:00:09,CVX,113.98,3,BID
2018-12-17 10:00:08,CVX,114.05,5,ASK
2018-12-17 10:00:09,CVX,113.98,4,BID
2018-12-17 10:00:08,CVX,114.05,5,ASK
2018-12-17 10:00:09,CVX,113.98,5,BID
2018-12-17 10:00:10,CVX,114.02,1,ASK
2018-12-17 10:00:12,CVX,113.92,7,BID
2018-12-17 10:00:11,CVX,113.98,2,ASK
2018-12-17 10:00:13,CVX,113.92,5,BID
2018-12-17 10:00:13,CVX,113.97,2,ASK
2018-12-17 10:00:15,CVX,113.93,5,BID
2018-12-17 10:00:15,CVX,114.02,1,ASK
2018-12-17 10:00:15,CVX,113.93,5,BID
2018-12-17 10:00:15,CVX,114.02,1,ASK
2018-12-17 10:00:17,CVX,113.93,5,BID
2018-12-17 10:00:17,CVX,114.01,4,ASK
2018-12-17 10:00:19,CVX,113.93,6,BID
2018-12-17 10:00:19,CVX,114.01,6,ASK
2018-12-17 10:00:21,CVX,113.91,5,BID
2018-12-17 10:00:21,CVX,113.98,2,ASK
2018-12-17 10:00:22,CVX,113.89,4,BID
2018-12-17 10:00:22,CVX,113.93,1,ASK
2018-12-17 10:00:23,CVX,113.89,4,BID
2018-12-17 10:00:23,CVX,113.93,1,ASK
2018-12-17 10:00:23,CVX,113.89,3,BID
2018-12-17 10:00:24,CVX,113.92,1,ASK
2018-12-17 10:00:26,CVX,113.91,4,BID
2018-12-17 10:00:26,CVX,113.97,3,ASK
2018-12-17 10:00:26,CVX,113.91,5,BID
2018-12-17 10:00:26,CVX,113.97,5,ASK
2018-12-17 10:00:27,CVX,113.89,3,BID
2018-12-17 10:00:27,CVX,113.94,2,ASK
2018-12-17 10:00:27,CVX,113.89,3,BID
2018-12-17 10:00:27,CVX,113.94,2,ASK
2018-12-17 10:00:30,CVX,113.89,3,BID
2018-12-17 10:00:29,CVX,113.94,10,ASK
2018-12-17 10:00:30,CVX,113.89,3,BID
2018-12-17 10:00:29,CVX,113.94,10,ASK
2018-12-17 10:00:30,CVX,113.89,3,BID
2018-12-17 10:00:29,CVX,113.94,10,ASK
2018-12-17 10:00:32,CVX,113.9,5,BID
2018-12-17 10:00:32,CVX,113.94,11,ASK
2018-12-17 10:00:32,CVX,113.9,5,BID
2018-12-17 10:00:32,CVX,113.94,11,ASK
2018-12-17 10:00:34,CVX,113.9,5,BID
2018-12-17 10:00:34,CVX,113.94,12,ASK
2018-12-17 10:00:35,CVX,113.89,3,BID
2018-12-17 10:00:35,CVX,113.92,1,ASK
2018-12-17 10:00:36,CVX,113.89,3,BID
2018-12-17 10:00:36,CVX,113.92,2,ASK
2018-12-17 10:00:37,CVX,113.89,4,BID
2018-12-17 10:00:37,CVX,113.92,2,ASK
2018-12-17 10:00:38,CVX,113.9,1,BID
2018-12-17 10:00:38,CVX,113.92,1,ASK
2018-12-17 10:00:40,CVX,113.89,7,BID
2018-12-17 10:00:40,CVX,113.92,2,ASK
2018-12-17 10:00:41,CVX,113.89,7,BID
2018-12-17 10:00:40,CVX,113.92,2,ASK
2018-12-17 10:00:41,CVX,113.91,3,BID
2018-12-17 10:00:41,CVX,113.93,3,ASK
2018-12-17 10:00:41,CVX,113.91,3,BID
2018-12-17 10:00:41,CVX,113.93,3,ASK
2018-12-17 10:00:43,CVX,113.91,2,BID
2018-12-17 10:00:43,CVX,113.93,3,ASK
2018-12-17 10:00:44,CVX,113.91,3,BID
2018-12-17 10:00:43,CVX,113.93,3,ASK
2018-12-17 10:00:44,CVX,113.91,3,BID
2018-12-17 10:00:43,CVX,113.93,3,ASK
2018-12-17 10:00:47,CVX,113.91,3,BID
2018-12-17 10:00:47,CVX,113.93,4,ASK
2018-12-17 10:00:47,CVX,113.91,2,BID
2018-12-17 10:00:47,CVX,113.93,4,ASK
2018-12-17 10:00:47,CVX,113.91,2,BID
2018-12-17 10:00:47,CVX,113.93,4,ASK
2018-12-17 10:00:41,CVX,113.89,7,BID
2018-12-17 10:00:50,CVX,113.93,10,ASK
2018-12-17 10:00:41,CVX,113.89,7,BID
2018-12-17 10:00:50,CVX,113.93,10,ASK
2018-12-17 10:00:41,CVX,113.89,8,BID
2018-12-17 10:00:51,CVX,113.93,10,ASK
2018-12-17 10:00:41,CVX,113.89,8,BID
2018-12-17 10:00:51,CVX,113.93,10,ASK
2018-12-17 10:00:53,CVX,113.9,2,BID
2018-12-17 10:00:51,CVX,113.93,10,ASK
2018-12-17 10:00:54,CVX,113.9,5,BID
2018-12-17 10:00:54,CVX,113.94,20,ASK
2018-12-17 10:00:54,CVX,113.92,3,BID
2018-12-17 10:00:26,CVX,113.95,4,ASK
2018-12-17 10:00:55,CVX,113.92,3,BID
2018-12-17 10:00:55,CVX,113.95,6,ASK
2018-12-17 10:00:57,CVX,113.9,14,BID
2018-12-17 10:00:57,CVX,113.95,7,ASK
2018-12-17 10:00:57,CVX,113.9,12,BID
2018-12-17 10:00:58,CVX,113.95,9,ASK
2018-12-17 10:01:00,CVX,113.9,14,BID
2018-12-17 10:01:00,CVX,113.95,9,ASK
2018-12-17 10:01:00,CVX,113.9,14,BID
2018-12-17 10:01:00,CVX,113.95,9,ASK
2018-12-17 10:01:00,CVX,113.9,14,BID
2018-12-17 10:01:00,CVX,113.95,9,ASK
2018-12-17 10:01:00,CVX,113.9,14,BID
2018-12-17 10:01:00,CVX,113.95,9,ASK
2018-12-17 10:01:03,CVX,113.9,12,BID
2018-12-17 10:01:03,CVX,113.95,9,ASK
2018-12-17 10:01:03,CVX,113.9,12,BID
2018-12-17 10:01:03,CVX,113.95,9,ASK
2018-12-17 10:01:03,CVX,113.9,12,BID
2018-12-17 10:01:03,CVX,113.95,9,ASK
2018-12-17 10:01:07,CVX,113.87,8,BID
2018-12-17 10:01:07,CVX,113.92,10,ASK
2018-12-17 10:01:07,CVX,113.87,10,BID
2018-12-17 10:01:07,CVX,113.92,10,ASK
2018-12-17 10:01:08,CVX,113.87,10,BID
2018-12-17 10:01:08,CVX,113.93,11,ASK
2018-12-17 10:01:10,CVX,113.93,3,BID
2018-12-17 10:01:10,CVX,113.98,18,ASK
2018-12-17 10:01:10,CVX,113.93,4,BID
2018-12-17 10:01:10,CVX,113.97,1,ASK
2018-12-17 10:01:10,CVX,113.93,5,BID
2018-12-17 10:01:12,CVX,113.97,1,ASK
2018-12-17 10:01:10,CVX,113.93,5,BID
2018-12-17 10:01:12,CVX,113.98,12,ASK
2018-12-17 10:01:13,CVX,113.93,8,BID
2018-12-17 10:01:13,CVX,113.97,2,ASK
2018-12-17 10:01:15,CVX,113.93,8,BID
2018-12-17 10:01:15,CVX,113.97,3,ASK
2018-12-17 10:01:16,CVX,113.93,8,BID
2018-12-17 10:01:15,CVX,113.97,3,ASK
2018-12-17 10:01:17,CVX,113.93,8,BID
2018-12-17 10:01:17,CVX,113.97,5,ASK
2018-12-17 10:01:18,CVX,113.92,2,BID
2018-12-17 10:01:18,CVX,113.97,5,ASK
2018-12-17 10:01:19,CVX,113.93,4,BID
2018-12-17 10:01:19,CVX,113.97,6,ASK
2018-12-17 10:01:19,CVX,113.93,3,BID
2018-12-17 10:01:19,CVX,113.97,12,ASK
2018-12-17 10:01:19,CVX,113.93,3,BID
2018-12-17 10:01:19,CVX,113.97,12,ASK
2018-12-17 10:01:22,CVX,113.93,3,BID
2018-12-17 10:01:22,CVX,113.97,13,ASK
2018-12-17 10:01:23,CVX,113.93,3,BID
2018-12-17 10:01:23,CVX,113.95,1,ASK
2018-12-17 10:01:23,CVX,113.91,1,BID
2018-12-17 10:01:23,CVX,113.94,16,ASK
2018-12-17 10:01:25,CVX,113.9,14,BID
2018-12-17 10:01:25,CVX,113.93,1,ASK
2018-12-17 10:01:26,CVX,113.93,2,BID
2018-12-17 10:01:26,CVX,113.96,1,ASK
2018-12-17 10:01:26,CVX,113.95,2,BID
2018-12-17 10:01:26,CVX,113.98,10,ASK
2018-12-17 10:01:26,CVX,113.95,2,BID
2018-12-17 10:01:26,CVX,113.98,10,ASK
2018-12-17 10:01:26,CVX,113.95,2,BID
2018-12-17 10:01:26,CVX,113.98,10,ASK
2018-12-17 10:01:30,CVX,113.95,2,BID
2018-12-17 10:01:26,CVX,113.98,10,ASK
2018-12-17 10:01:26,CVX,113.93,5,BID
2018-12-17 10:01:31,CVX,113.97,1,ASK
2018-12-17 10:01:31,CVX,113.93,5,BID
2018-12-17 10:01:31,CVX,113.97,1,ASK
2018-12-17 10:01:33,CVX,113.93,6,BID
2018-12-17 10:01:33,CVX,113.97,2,ASK
2018-12-17 10:01:33,CVX,113.93,7,BID
2018-12-17 10:01:33,CVX,113.97,2,ASK
2018-12-17 10:01:34,CVX,113.93,14,BID
2018-12-17 10:01:34,CVX,113.98,13,ASK
2018-12-17 10:01:35,CVX,113.93,12,BID
2018-12-17 10:01:35,CVX,113.98,12,ASK
2018-12-17 10:01:35,CVX,113.93,12,BID
2018-12-17 10:01:36,CVX,113.97,1,ASK
2018-12-17 10:01:37,CVX,113.92,4,BID
2018-12-17 10:01:37,CVX,113.97,9,ASK
2018-12-17 10:01:38,CVX,113.92,6,BID
2018-12-17 10:01:37,CVX,113.97,9,ASK
2018-12-17 10:01:39,CVX,113.92,6,BID
2018-12-17 10:01:37,CVX,113.97,9,ASK
2018-12-17 10:01:40,CVX,113.95,20,BID
2018-12-17 10:01:40,CVX,114.0,4,ASK
2018-12-17 10:01:41,CVX,113.95,21,BID
2018-12-17 10:01:40,CVX,114.0,4,ASK
2018-12-17 10:01:41,CVX,113.95,21,BID
2018-12-17 10:01:40,CVX,114.0,4,ASK
2018-12-17 10:01:41,CVX,113.95,21,BID
2018-12-17 10:01:40,CVX,114.0,4,ASK
2018-12-17 10:01:41,CVX,113.95,21,BID
2018-12-17 10:01:40,CVX,114.0,4,ASK
2018-12-17 10:01:41,CVX,113.95,21,BID
2018-12-17 10:01:40,CVX,114.0,4,ASK
2018-12-17 10:01:46,CVX,113.96,2,BID
2018-12-17 10:01:40,CVX,114.0,4,ASK
2018-12-17 10:01:47,CVX,113.96,4,BID
2018-12-17 10:01:40,CVX,114.0,4,ASK
2018-12-17 10:01:48,CVX,113.96,12,BID
2018-12-17 10:01:40,CVX,114.0,4,ASK
2018-12-17 10:01:50,CVX,113.96,14,BID
2018-12-17 10:01:50,CVX,113.99,1,ASK
2018-12-17 10:01:51,CVX,113.95,19,BID
2018-12-17 10:01:50,CVX,113.99,15,ASK
2018-12-17 10:01:52,CVX,113.94,1,BID
2018-12-17 10:01:52,CVX,113.97,2,ASK
2018-12-17 10:01:40,CVX,113.93,11,BID
2018-12-17 10:01:53,CVX,113.97,2,ASK
2018-12-17 10:01:40,CVX,113.92,22,BID
2018-12-17 10:01:53,CVX,113.97,4,ASK
2018-12-17 10:01:55,CVX,113.92,21,BID
2018-12-17 10:01:55,CVX,113.97,5,ASK
2018-12-17 10:01:55,CVX,113.96,9,BID
2018-12-17 10:01:55,CVX,114.0,5,ASK
2018-12-17 10:01:56,CVX,113.96,10,BID
2018-12-17 10:01:55,CVX,114.0,5,ASK
2018-12-17 10:01:58,CVX,113.93,9,BID
2018-12-17 10:01:55,CVX,114.0,5,ASK
2018-12-17 10:01:58,CVX,113.93,9,BID
2018-12-17 10:01:55,CVX,114.0,5,ASK
2018-12-17 10:02:00,CVX,113.93,9,BID
2018-12-17 10:02:00,CVX,113.99,14,ASK
2018-12-17 10:02:00,CVX,113.93,10,BID
2018-12-17 10:02:01,CVX,113.99,13,ASK
2018-12-17 10:02:01,CVX,113.94,8,BID
2018-12-17 10:02:01,CVX,113.99,13,ASK
2018-12-17 10:02:01,CVX,113.94,8,BID
2018-12-17 10:02:01,CVX,113.99,13,ASK
2018-12-17 10:02:04,CVX,113.94,12,BID
2018-12-17 10:02:04,CVX,113.99,15,ASK
2018-12-17 10:02:05,CVX,113.94,12,BID
2018-12-17 10:02:04,CVX,113.99,15,ASK
2018-12-17 10:02:06,CVX,113.94,12,BID
2018-12-17 10:02:04,CVX,113.99,15,ASK
2018-12-17 10:02:07,CVX,113.94,12,BID
2018-12-17 10:02:07,CVX,113.98,2,ASK
2018-12-17 10:02:07,CVX,113.94,18,BID
2018-12-17 10:02:08,CVX,113.98,2,ASK
2018-12-17 10:02:08,CVX,113.94,13,BID
2018-12-17 10:02:08,CVX,113.98,3,ASK
2018-12-17 10:02:10,CVX,113.94,13,BID
2018-12-17 10:02:10,CVX,113.97,1,ASK
2018-12-17 10:02:10,CVX,113.94,13,BID
2018-12-17 10:02:10,CVX,113.97,1,ASK
2018-12-17 10:02:10,CVX,113.94,13,BID
2018-12-17 10:02:10,CVX,113.97,1,ASK
2018-12-17 10:02:13,CVX,113.92,12,BID
2018-12-17 10:02:13,CVX,113.96,1,ASK
2018-12-17 10:02:14,CVX,113.92,11,BID
2018-12-17 10:02:14,CVX,113.96,1,ASK
2018-12-17 10:02:15,CVX,113.92,10,BID
2018-12-17 10:02:15,CVX,113.96,1,ASK
2018-12-17 10:02:15,CVX,113.92,10,BID
2018-12-17 10:02:16,CVX,113.95,3,ASK
2018-12-17 10:02:17,CVX,113.92,10,BID
2018-12-17 10:02:17,CVX,113.95,4,ASK
2018-12-17 10:02:17,CVX,113.93,10,BID
2018-12-17 10:02:17,CVX,113.96,2,ASK
2018-12-17 10:02:19,CVX,113.93,2,BID
2018-12-17 10:02:18,CVX,113.96,4,ASK
2018-12-17 10:02:19,CVX,113.93,3,BID
2018-12-17 10:02:18,CVX,113.96,4,ASK
2018-12-17 10:02:21,CVX,113.97,5,BID
2018-12-17 10:02:21,CVX,114.0,5,ASK
2018-12-17 10:02:21,CVX,113.97,5,BID
2018-12-17 10:02:21,CVX,114.0,5,ASK
2018-12-17 10:02:22,CVX,113.97,5,BID
2018-12-17 10:02:21,CVX,114.0,11,ASK
2018-12-17 10:02:24,CVX,113.94,3,BID
2018-12-17 10:02:24,CVX,113.96,1,ASK
2018-12-17 10:02:24,CVX,113.94,3,BID
2018-12-17 10:02:24,CVX,113.98,6,ASK
2018-12-17 10:02:24,CVX,113.94,3,BID
2018-12-17 10:02:26,CVX,113.97,1,ASK
2018-12-17 10:02:26,CVX,113.94,5,BID
2018-12-17 10:02:26,CVX,113.97,2,ASK
2018-12-17 10:02:26,CVX,113.94,5,BID
2018-12-17 10:02:28,CVX,113.97,2,ASK
2018-12-17 10:02:28,CVX,113.91,12,BID
2018-12-17 10:02:29,CVX,113.95,3,ASK
2018-12-17 10:02:30,CVX,113.9,13,BID
2018-12-17 10:02:30,CVX,113.93,11,ASK
2018-12-17 10:01:08,CVX,113.87,13,BID
2018-12-17 10:02:31,CVX,113.92,4,ASK
2018-12-17 10:02:32,CVX,113.87,13,BID
2018-12-17 10:02:32,CVX,113.92,4,ASK
2018-12-17 10:02:33,CVX,113.89,1,BID
2018-12-17 10:02:33,CVX,113.91,1,ASK
2018-12-17 10:02:33,CVX,113.87,12,BID
2018-12-17 10:02:33,CVX,113.91,1,ASK
2018-12-17 10:02:35,CVX,113.91,1,BID
2018-12-17 10:02:35,CVX,113.94,1,ASK
2018-12-17 10:02:35,CVX,113.89,5,BID
2018-12-17 10:02:35,CVX,113.94,3,ASK
2018-12-17 10:02:36,CVX,113.88,2,BID
2018-12-17 10:02:37,CVX,113.92,3,ASK
2018-12-17 10:02:37,CVX,113.87,14,BID
2018-12-17 10:02:37,CVX,113.92,4,ASK
2018-12-17 10:02:37,CVX,113.87,14,BID
2018-12-17 10:02:37,CVX,113.92,4,ASK
2018-12-17 10:02:40,CVX,113.87,14,BID
2018-12-17 10:02:40,CVX,113.9,1,ASK
2018-12-17 10:02:41,CVX,113.87,14,BID
2018-12-17 10:02:41,CVX,113.9,2,ASK
2018-12-17 10:02:41,CVX,113.87,15,BID
2018-12-17 10:02:41,CVX,113.9,2,ASK
2018-12-17 10:02:41,CVX,113.87,15,BID
2018-12-17 10:02:42,CVX,113.9,5,ASK
2018-12-17 10:02:44,CVX,113.83,4,BID
2018-12-17 10:02:44,CVX,113.87,2,ASK
2018-12-17 10:02:45,CVX,113.85,5,BID
2018-12-17 10:02:45,CVX,113.88,1,ASK
2018-12-17 10:02:45,CVX,113.85,5,BID
2018-12-17 10:02:45,CVX,113.89,4,ASK
2018-12-17 10:02:45,CVX,113.85,5,BID
2018-12-17 10:02:45,CVX,113.89,4,ASK
2018-12-17 10:02:48,CVX,113.84,4,BID
2018-12-17 10:02:48,CVX,113.88,1,ASK
2018-12-17 10:02:44,CVX,113.83,5,BID
2018-12-17 10:02:48,CVX,113.87,1,ASK
2018-12-17 10:02:44,CVX,113.83,5,BID
2018-12-17 10:02:50,CVX,113.87,1,ASK
2018-12-17 10:02:44,CVX,113.83,5,BID
2018-12-17 10:02:51,CVX,113.87,2,ASK
2018-12-17 10:02:44,CVX,113.83,5,BID
2018-12-17 10:02:51,CVX,113.87,2,ASK
2018-12-17 09:52:26,CVX,113.81,23,BID
2018-12-17 10:02:53,CVX,113.83,2,ASK
2018-12-17 10:02:54,CVX,113.82,1,BID
2018-12-17 10:02:54,CVX,113.84,4,ASK
2018-12-17 10:02:55,CVX,113.83,2,BID
2018-12-17 10:02:54,CVX,113.84,4,ASK
2018-12-17 10:02:56,CVX,113.82,3,BID
2018-12-17 10:02:56,CVX,113.84,1,ASK
2018-12-17 10:02:56,CVX,113.82,3,BID
2018-12-17 10:02:57,CVX,113.84,2,ASK
2018-12-17 10:02:57,CVX,113.81,22,BID
2018-12-17 10:02:57,CVX,113.84,2,ASK
2018-12-17 10:02:59,CVX,113.82,9,BID
2018-12-17 10:02:59,CVX,113.85,4,ASK
2018-12-17 10:03:00,CVX,113.82,9,BID
2018-12-17 10:03:00,CVX,113.85,3,ASK
2018-12-17 10:03:00,CVX,113.82,10,BID
2018-12-17 10:03:00,CVX,113.85,3,ASK
2018-12-17 10:03:00,CVX,113.82,10,BID
2018-12-17 10:03:00,CVX,113.85,3,ASK
2018-12-17 10:02:57,CVX,113.81,17,BID
2018-12-17 10:03:03,CVX,113.84,2,ASK
2018-12-17 10:03:03,CVX,113.82,15,BID
2018-12-17 10:03:04,CVX,113.87,13,ASK
2018-12-17 10:03:03,CVX,113.82,15,BID
2018-12-17 10:03:04,CVX,113.87,13,ASK
2018-12-17 10:03:03,CVX,113.82,15,BID
2018-12-17 10:03:04,CVX,113.87,13,ASK
