timestamp,ticker,price,volume,bid_ask
2018-12-17 09:40:35,DIA,239.46,10,BID
2018-12-17 09:40:35,DIA,239.49,17,ASK
2018-12-17 09:40:37,DIA,239.47,10,BID
2018-12-17 09:40:37,DIA,239.49,11,ASK
2018-12-17 09:40:38,DIA,239.47,10,BID
2018-12-17 09:40:37,DIA,239.5,37,ASK
2018-12-17 09:40:38,DIA,239.47,10,BID
2018-12-17 09:40:38,DIA,239.49,12,ASK
2018-12-17 09:40:40,DIA,239.47,10,BID
2018-12-17 09:40:40,DIA,239.5,10,ASK
2018-12-17 09:40:40,DIA,239.45,21,BID
2018-12-17 09:40:41,DIA,239.46,1,ASK
2018-12-17 09:40:42,DIA,239.43,3,BID
2018-12-17 09:40:42,DIA,239.44,1,ASK
2018-12-17 09:40:43,DIA,239.41,18,BID
2018-12-17 09:40:43,DIA,239.44,19,ASK
2018-12-17 09:40:44,DIA,239.41,10,BID
2018-12-17 09:40:44,DIA,239.44,21,ASK
2018-12-17 09:40:45,DIA,239.44,10,BID
2018-12-17 09:40:44,DIA,239.45,13,ASK
2018-12-17 09:40:41,DIA,239.4,18,BID
2018-12-17 09:40:46,DIA,239.43,10,ASK
2018-12-17 09:40:47,DIA,239.45,8,BID
2018-12-17 09:40:47,DIA,239.46,16,ASK
2018-12-17 09:40:47,DIA,239.44,15,BID
2018-12-17 09:40:47,DIA,239.47,12,ASK
2018-12-17 09:40:49,DIA,239.43,10,BID
2018-12-17 09:40:49,DIA,239.47,12,ASK
2018-12-17 09:40:49,DIA,239.42,5,BID
2018-12-17 09:40:50,DIA,239.44,10,ASK
2018-12-17 09:40:51,DIA,239.44,10,BID
2018-12-17 09:40:51,DIA,239.47,10,ASK
2018-12-17 09:40:51,DIA,239.44,11,BID
2018-12-17 09:40:51,DIA,239.47,17,ASK
2018-12-17 09:40:52,DIA,239.43,10,BID
2018-12-17 09:40:52,DIA,239.45,11,ASK
2018-12-17 09:40:54,DIA,239.44,11,BID
2018-12-17 09:40:50,DIA,239.48,11,ASK
2018-12-17 09:40:54,DIA,239.45,9,BID
2018-12-17 09:40:50,DIA,239.48,11,ASK
2018-12-17 09:40:56,DIA,239.46,10,BID
2018-12-17 09:40:56,DIA,239.48,10,ASK
2018-12-17 09:40:57,DIA,239.43,13,BID
2018-12-17 09:40:57,DIA,239.46,10,ASK
2018-12-17 09:40:58,DIA,239.42,10,BID
2018-12-17 09:40:58,DIA,239.45,17,ASK
2018-12-17 09:40:59,DIA,239.4,1,BID
2018-12-17 09:40:59,DIA,239.42,11,ASK
2018-12-17 09:41:00,DIA,239.41,3,BID
2018-12-17 09:41:00,DIA,239.44,22,ASK
2018-12-17 09:41:01,DIA,239.42,11,BID
2018-12-17 09:41:01,DIA,239.45,18,ASK
2018-12-17 09:41:01,DIA,239.42,17,BID
2018-12-17 09:41:02,DIA,239.44,10,ASK
2018-12-17 09:41:02,DIA,239.43,14,BID
2018-12-17 09:41:02,DIA,239.45,17,ASK
2018-12-17 09:41:04,DIA,239.41,19,BID
2018-12-17 09:41:02,DIA,239.45,17,ASK
2018-12-17 09:41:04,DIA,239.37,24,BID
2018-12-17 09:41:04,DIA,239.41,10,ASK
2018-12-17 09:41:05,DIA,239.36,10,BID
2018-12-17 09:41:05,DIA,239.39,15,ASK
2018-12-17 09:41:06,DIA,239.31,10,BID
2018-12-17 09:41:06,DIA,239.34,12,ASK
2018-12-17 09:41:08,DIA,239.3,10,BID
2018-12-17 09:41:08,DIA,239.33,10,ASK
2018-12-17 09:41:08,DIA,239.26,2,BID
2018-12-17 09:41:08,DIA,239.28,1,ASK
2018-12-17 09:41:09,DIA,239.23,11,BID
2018-12-17 09:41:09,DIA,239.27,13,ASK
2018-12-17 09:41:10,DIA,239.23,11,BID
2018-12-17 09:41:10,DIA,239.25,10,ASK
2018-12-17 09:41:11,DIA,239.14,6,BID
2018-12-17 09:41:11,DIA,239.19,12,ASK
2018-12-17 09:41:12,DIA,239.13,14,BID
2018-12-17 09:41:12,DIA,239.16,12,ASK
2018-12-17 09:41:14,DIA,239.14,2,BID
2018-12-17 09:41:13,DIA,239.16,11,ASK
2018-12-17 09:41:14,DIA,239.1,4,BID
2018-12-17 09:41:14,DIA,239.11,2,ASK
2018-12-17 09:41:15,DIA,239.1,3,BID
2018-12-17 09:41:15,DIA,239.12,10,ASK
2018-12-17 09:41:16,DIA,239.08,17,BID
2018-12-17 09:41:16,DIA,239.11,14,ASK
2018-12-17 09:41:17,DIA,239.08,13,BID
2018-12-17 09:41:17,DIA,239.11,11,ASK
2018-12-17 09:41:18,DIA,239.06,28,BID
2018-12-17 09:41:18,DIA,239.1,18,ASK
2018-12-17 09:41:20,DIA,239.03,12,BID
2018-12-17 09:41:20,DIA,239.07,16,ASK
2018-12-17 09:41:21,DIA,239.03,1,BID
2018-12-17 09:41:21,DIA,239.06,21,ASK
2018-12-17 09:41:22,DIA,239.02,12,BID
2018-12-17 09:41:22,DIA,239.04,10,ASK
2018-12-17 09:41:23,DIA,239.02,12,BID
2018-12-17 09:41:23,DIA,239.03,10,ASK
2018-12-17 09:41:24,DIA,239.04,11,BID
2018-12-17 09:41:24,DIA,239.07,13,ASK
2018-12-17 09:41:25,DIA,239.04,23,BID
2018-12-17 09:41:25,DIA,239.07,18,ASK
2018-12-17 09:41:25,DIA,239.05,10,BID
2018-12-17 09:41:25,DIA,239.08,10,ASK
2018-12-17 09:41:27,DIA,239.05,10,BID
2018-12-17 09:41:27,DIA,239.08,10,ASK
2018-12-17 09:41:28,DIA,239.05,15,BID
2018-12-17 09:41:28,DIA,239.09,15,ASK
2018-12-17 09:41:29,DIA,239.1,1,BID
2018-12-17 09:41:29,DIA,239.12,10,ASK
2018-12-17 09:41:30,DIA,239.11,11,BID
2018-12-17 09:41:30,DIA,239.14,12,ASK
2018-12-17 09:41:30,DIA,239.13,15,BID
2018-12-17 09:41:30,DIA,239.17,15,ASK
2018-12-17 09:41:31,DIA,239.13,23,BID
2018-12-17 09:41:31,DIA,239.17,10,ASK
2018-12-17 09:41:32,DIA,239.15,14,BID
2018-12-17 09:41:32,DIA,239.18,15,ASK
2018-12-17 09:41:34,DIA,239.12,10,BID
2018-12-17 09:41:34,DIA,239.14,11,ASK
2018-12-17 09:41:35,DIA,239.12,10,BID
2018-12-17 09:41:35,DIA,239.15,17,ASK
2018-12-17 09:41:36,DIA,239.12,10,BID
2018-12-17 09:41:36,DIA,239.14,15,ASK
2018-12-17 09:41:37,DIA,239.1,10,BID
2018-12-17 09:41:37,DIA,239.13,15,ASK
2018-12-17 09:41:38,DIA,239.1,10,BID
2018-12-17 09:41:38,DIA,239.12,14,ASK
2018-12-17 09:41:39,DIA,239.11,10,BID
2018-12-17 09:41:38,DIA,239.14,16,ASK
2018-12-17 09:41:40,DIA,239.07,14,BID
2018-12-17 09:41:40,DIA,239.1,10,ASK
2018-12-17 09:41:41,DIA,239.08,10,BID
2018-12-17 09:41:41,DIA,239.11,17,ASK
2018-12-17 09:41:42,DIA,239.05,10,BID
2018-12-17 09:41:42,DIA,239.08,17,ASK
2018-12-17 09:41:43,DIA,239.03,2,BID
2018-12-17 09:41:43,DIA,239.05,15,ASK
2018-12-17 09:41:44,DIA,239.03,10,BID
2018-12-17 09:41:44,DIA,239.06,10,ASK
2018-12-17 09:41:45,DIA,239.02,16,BID
2018-12-17 09:41:45,DIA,239.05,10,ASK
2018-12-17 09:41:46,DIA,239.02,14,BID
2018-12-17 09:41:46,DIA,239.05,10,ASK
2018-12-17 09:41:47,DIA,239.04,4,BID
2018-12-17 09:41:47,DIA,239.05,20,ASK
2018-12-17 09:41:48,DIA,239.06,11,BID
2018-12-17 09:41:48,DIA,239.09,17,ASK
2018-12-17 09:41:49,DIA,239.08,16,BID
2018-12-17 09:41:49,DIA,239.1,9,ASK
2018-12-17 09:41:49,DIA,239.1,1,BID
2018-12-17 09:41:49,DIA,239.12,27,ASK
2018-12-17 09:41:51,DIA,239.1,10,BID
2018-12-17 09:41:51,DIA,239.13,11,ASK
2018-12-17 09:41:52,DIA,239.12,12,BID
2018-12-17 09:41:51,DIA,239.15,18,ASK
2018-12-17 09:41:52,DIA,239.18,33,BID
2018-12-17 09:41:52,DIA,239.21,10,ASK
2018-12-17 09:41:53,DIA,239.19,1,BID
2018-12-17 09:41:53,DIA,239.21,10,ASK
2018-12-17 09:41:53,DIA,239.19,12,BID
2018-12-17 09:41:54,DIA,239.23,10,ASK
2018-12-17 09:41:54,DIA,239.21,2,BID
2018-12-17 09:41:54,DIA,239.24,11,ASK
2018-12-17 09:41:56,DIA,239.22,4,BID
2018-12-17 09:41:56,DIA,239.24,27,ASK
2018-12-17 09:41:58,DIA,239.21,15,BID
2018-12-17 09:41:58,DIA,239.21,4,ASK
2018-12-17 09:41:58,DIA,239.15,22,BID
2018-12-17 09:41:58,DIA,239.17,10,ASK
2018-12-17 09:41:59,DIA,239.14,17,BID
2018-12-17 09:41:59,DIA,239.17,10,ASK
2018-12-17 09:42:01,DIA,239.11,14,BID
2018-12-17 09:42:01,DIA,239.14,10,ASK
2018-12-17 09:42:02,DIA,239.13,12,BID
2018-12-17 09:42:01,DIA,239.16,16,ASK
2018-12-17 09:41:51,DIA,239.09,26,BID
2018-12-17 09:42:03,DIA,239.13,1,ASK
2018-12-17 09:42:04,DIA,239.09,13,BID
2018-12-17 09:42:04,DIA,239.12,14,ASK
2018-12-17 09:42:05,DIA,239.1,11,BID
2018-12-17 09:42:03,DIA,239.13,21,ASK
2018-12-17 09:42:06,DIA,239.03,17,BID
2018-12-17 09:42:06,DIA,239.05,7,ASK
2018-12-17 09:42:07,DIA,239.06,10,BID
2018-12-17 09:42:06,DIA,239.09,13,ASK
2018-12-17 09:42:08,DIA,239.06,10,BID
2018-12-17 09:42:08,DIA,239.08,10,ASK
2018-12-17 09:42:09,DIA,239.06,10,BID
2018-12-17 09:42:09,DIA,239.08,12,ASK
2018-12-17 09:42:10,DIA,239.07,14,BID
2018-12-17 09:42:10,DIA,239.1,10,ASK
2018-12-17 09:42:11,DIA,239.05,11,BID
2018-12-17 09:42:11,DIA,239.09,10,ASK
2018-12-17 09:42:12,DIA,239.06,10,BID
2018-12-17 09:42:12,DIA,239.09,10,ASK
2018-12-17 09:42:13,DIA,239.02,10,BID
2018-12-17 09:42:13,DIA,239.05,4,ASK
2018-12-17 09:42:13,DIA,239.01,34,BID
2018-12-17 09:42:14,DIA,239.04,10,ASK
2018-12-17 09:42:15,DIA,239.0,22,BID
2018-12-17 09:42:15,DIA,239.03,11,ASK
2018-12-17 09:42:16,DIA,239.01,11,BID
2018-12-17 09:42:16,DIA,239.03,11,ASK
2018-12-17 09:42:17,DIA,238.97,10,BID
2018-12-17 09:42:17,DIA,239.01,16,ASK
2018-12-17 09:42:18,DIA,238.99,10,BID
2018-12-17 09:42:18,DIA,239.02,20,ASK
2018-12-17 09:42:19,DIA,238.98,2,BID
2018-12-17 09:42:16,DIA,239.03,23,ASK
2018-12-17 09:42:19,DIA,238.99,26,BID
2018-12-17 09:42:19,DIA,239.02,15,ASK
2018-12-17 09:42:21,DIA,238.94,15,BID
2018-12-17 09:42:21,DIA,238.96,12,ASK
2018-12-17 09:42:22,DIA,238.9,3,BID
2018-12-17 09:42:22,DIA,238.93,6,ASK
2018-12-17 09:42:23,DIA,238.9,28,BID
2018-12-17 09:42:23,DIA,238.91,10,ASK
2018-12-17 09:42:24,DIA,238.88,15,BID
2018-12-17 09:42:24,DIA,238.91,11,ASK
2018-12-17 09:42:25,DIA,238.92,4,BID
2018-12-17 09:42:25,DIA,238.93,10,ASK
2018-12-17 09:42:26,DIA,238.92,3,BID
2018-12-17 09:42:26,DIA,238.94,13,ASK
2018-12-17 09:42:26,DIA,238.95,1,BID
2018-12-17 09:42:26,DIA,238.96,10,ASK
2018-12-17 09:42:26,DIA,238.89,12,BID
2018-12-17 09:42:28,DIA,238.92,10,ASK
2018-12-17 09:42:28,DIA,238.95,3,BID
2018-12-17 09:42:28,DIA,238.96,12,ASK
2018-12-17 09:42:30,DIA,238.93,10,BID
2018-12-17 09:42:28,DIA,238.96,12,ASK
2018-12-17 09:42:31,DIA,238.93,10,BID
2018-12-17 09:42:31,DIA,238.96,10,ASK
2018-12-17 09:42:31,DIA,238.92,23,BID
2018-12-17 09:42:32,DIA,238.96,19,ASK
2018-12-17 09:42:33,DIA,238.97,1,BID
2018-12-17 09:42:33,DIA,239.0,15,ASK
2018-12-17 09:42:34,DIA,238.95,10,BID
2018-12-17 09:42:34,DIA,238.99,10,ASK
2018-12-17 09:42:35,DIA,238.98,10,BID
2018-12-17 09:42:35,DIA,238.99,10,ASK
2018-12-17 09:42:36,DIA,239.0,2,BID
2018-12-17 09:42:36,DIA,239.02,16,ASK
2018-12-17 09:42:37,DIA,238.98,12,BID
2018-12-17 09:42:37,DIA,239.01,10,ASK
2018-12-17 09:42:38,DIA,238.98,3,BID
2018-12-17 09:42:36,DIA,239.02,16,ASK
2018-12-17 09:42:39,DIA,238.96,12,BID
2018-12-17 09:42:39,DIA,238.99,10,ASK
2018-12-17 09:42:40,DIA,238.96,12,BID
2018-12-17 09:42:40,DIA,238.98,5,ASK
2018-12-17 09:42:40,DIA,238.93,16,BID
2018-12-17 09:42:40,DIA,238.96,10,ASK
2018-12-17 09:42:42,DIA,238.91,18,BID
2018-12-17 09:42:42,DIA,238.96,10,ASK
2018-12-17 09:42:43,DIA,238.91,10,BID
2018-12-17 09:42:43,DIA,238.95,14,ASK
2018-12-17 09:42:44,DIA,238.94,2,BID
2018-12-17 09:42:44,DIA,238.96,20,ASK
2018-12-17 09:42:45,DIA,238.94,22,BID
2018-12-17 09:42:45,DIA,238.97,10,ASK
2018-12-17 09:42:46,DIA,238.97,10,BID
2018-12-17 09:42:46,DIA,238.99,11,ASK
2018-12-17 09:42:47,DIA,238.97,10,BID
2018-12-17 09:42:45,DIA,239.0,28,ASK
2018-12-17 09:42:48,DIA,238.92,16,BID
2018-12-17 09:42:48,DIA,238.95,10,ASK
2018-12-17 09:42:49,DIA,238.91,11,BID
2018-12-17 09:42:49,DIA,238.94,19,ASK
2018-12-17 09:42:50,DIA,238.91,10,BID
2018-12-17 09:42:50,DIA,238.94,18,ASK
2018-12-17 09:42:48,DIA,238.9,13,BID
2018-12-17 09:42:50,DIA,238.94,18,ASK
2018-12-17 09:42:52,DIA,238.9,13,BID
2018-12-17 09:42:52,DIA,238.92,10,ASK
2018-12-17 09:42:53,DIA,238.89,10,BID
2018-12-17 09:42:53,DIA,238.92,12,ASK
2018-12-17 09:42:54,DIA,238.92,21,BID
2018-12-17 09:42:54,DIA,238.95,14,ASK
2018-12-17 09:42:55,DIA,238.95,14,BID
2018-12-17 09:42:55,DIA,238.97,10,ASK
2018-12-17 09:42:56,DIA,238.94,12,BID
2018-12-17 09:42:56,DIA,238.97,10,ASK
2018-12-17 09:42:57,DIA,238.92,10,BID
2018-12-17 09:42:57,DIA,238.95,25,ASK
2018-12-17 09:42:58,DIA,238.92,10,BID
2018-12-17 09:42:58,DIA,238.95,2,ASK
2018-12-17 09:42:59,DIA,238.92,10,BID
2018-12-17 09:42:59,DIA,238.95,14,ASK
2018-12-17 09:43:00,DIA,238.92,10,BID
2018-12-17 09:43:00,DIA,238.95,20,ASK
2018-12-17 09:43:01,DIA,238.91,10,BID
2018-12-17 09:43:01,DIA,238.94,11,ASK
2018-12-17 09:43:02,DIA,238.92,13,BID
2018-12-17 09:43:00,DIA,238.95,20,ASK
2018-12-17 09:43:03,DIA,238.92,11,BID
2018-12-17 09:43:02,DIA,238.95,20,ASK
2018-12-17 09:43:04,DIA,238.9,35,BID
2018-12-17 09:43:04,DIA,238.93,10,ASK
2018-12-17 09:43:05,DIA,238.91,10,BID
2018-12-17 09:43:05,DIA,238.94,10,ASK
2018-12-17 09:42:53,DIA,238.88,21,BID
2018-12-17 09:43:06,DIA,238.91,10,ASK
2018-12-17 09:43:07,DIA,238.87,10,BID
2018-12-17 09:43:07,DIA,238.89,17,ASK
2018-12-17 09:43:08,DIA,238.87,13,BID
2018-12-17 09:43:08,DIA,238.9,10,ASK
2018-12-17 09:43:09,DIA,238.81,11,BID
2018-12-17 09:43:09,DIA,238.83,10,ASK
2018-12-17 09:43:10,DIA,238.82,10,BID
2018-12-17 09:43:10,DIA,238.84,13,ASK
2018-12-17 09:43:11,DIA,238.86,10,BID
2018-12-17 09:43:11,DIA,238.88,15,ASK
2018-12-17 09:43:12,DIA,238.85,10,BID
2018-12-17 09:43:12,DIA,238.88,16,ASK
2018-12-17 09:43:13,DIA,238.82,16,BID
2018-12-17 09:43:13,DIA,238.86,16,ASK
2018-12-17 09:43:14,DIA,238.82,10,BID
2018-12-17 09:43:14,DIA,238.85,12,ASK
2018-12-17 09:43:15,DIA,238.8,24,BID
2018-12-17 09:43:15,DIA,238.82,18,ASK
2018-12-17 09:43:16,DIA,238.79,10,BID
2018-12-17 09:43:16,DIA,238.81,2,ASK
2018-12-17 09:43:17,DIA,238.74,11,BID
2018-12-17 09:43:17,DIA,238.78,16,ASK
2018-12-17 09:43:18,DIA,238.72,14,BID
2018-12-17 09:43:18,DIA,238.74,1,ASK
2018-12-17 09:43:19,DIA,238.65,2,BID
2018-12-17 09:43:19,DIA,238.7,1,ASK
2018-12-17 09:43:19,DIA,238.64,4,BID
2018-12-17 09:43:19,DIA,238.65,1,ASK
2018-12-17 09:43:20,DIA,238.6,22,BID
2018-12-17 09:43:20,DIA,238.63,12,ASK
2018-12-17 09:43:20,DIA,238.56,31,BID
2018-12-17 09:43:20,DIA,238.55,9,ASK
2018-12-17 09:43:21,DIA,238.5,2,BID
2018-12-17 09:43:21,DIA,238.5,1,ASK
2018-12-17 09:43:21,DIA,238.52,17,BID
2018-12-17 09:43:21,DIA,238.56,18,ASK
2018-12-17 09:43:21,DIA,238.54,2,BID
2018-12-17 09:43:21,DIA,238.55,10,ASK
2018-12-17 09:43:22,DIA,238.51,2,BID
2018-12-17 09:43:22,DIA,238.53,15,ASK
2018-12-17 09:43:22,DIA,238.49,35,BID
2018-12-17 09:43:22,DIA,238.53,18,ASK
2018-12-17 09:43:23,DIA,238.52,12,BID
2018-12-17 09:43:23,DIA,238.54,19,ASK
2018-12-17 09:43:24,DIA,238.52,2,BID
2018-12-17 09:43:24,DIA,238.52,10,ASK
2018-12-17 09:43:25,DIA,238.52,10,BID
2018-12-17 09:43:25,DIA,238.55,10,ASK
2018-12-17 09:43:26,DIA,238.49,23,BID
2018-12-17 09:43:26,DIA,238.52,10,ASK
2018-12-17 09:43:28,DIA,238.44,11,BID
2018-12-17 09:43:28,DIA,238.47,10,ASK
2018-12-17 09:43:29,DIA,238.49,11,BID
2018-12-17 09:43:29,DIA,238.52,10,ASK
2018-12-17 09:43:30,DIA,238.49,37,BID
2018-12-17 09:43:30,DIA,238.52,10,ASK
2018-12-17 09:43:31,DIA,238.47,14,BID
2018-12-17 09:43:31,DIA,238.48,8,ASK
2018-12-17 09:43:33,DIA,238.45,12,BID
2018-12-17 09:43:33,DIA,238.49,16,ASK
2018-12-17 09:43:33,DIA,238.47,15,BID
2018-12-17 09:43:34,DIA,238.48,1,ASK
2018-12-17 09:43:36,DIA,238.48,24,BID
2018-12-17 09:43:36,DIA,238.51,10,ASK
2018-12-17 09:43:38,DIA,238.48,27,BID
2018-12-17 09:43:38,DIA,238.51,10,ASK
2018-12-17 09:43:38,DIA,238.49,10,BID
2018-12-17 09:43:38,DIA,238.5,6,ASK
2018-12-17 09:43:39,DIA,238.41,6,BID
2018-12-17 09:43:39,DIA,238.44,1,ASK
2018-12-17 09:43:39,DIA,238.39,15,BID
2018-12-17 09:43:39,DIA,238.43,10,ASK
2018-12-17 09:43:40,DIA,238.38,18,BID
2018-12-17 09:43:41,DIA,238.41,10,ASK
2018-12-17 09:43:42,DIA,238.35,10,BID
2018-12-17 09:43:41,DIA,238.39,19,ASK
2018-12-17 09:43:43,DIA,238.37,11,BID
2018-12-17 09:43:43,DIA,238.4,1,ASK
2018-12-17 09:43:46,DIA,238.31,25,BID
2018-12-17 09:43:46,DIA,238.34,1,ASK
2018-12-17 09:43:47,DIA,238.3,3,BID
2018-12-17 09:43:47,DIA,238.33,10,ASK
2018-12-17 09:43:48,DIA,238.33,3,BID
2018-12-17 09:43:48,DIA,238.34,10,ASK
2018-12-17 09:43:49,DIA,238.34,10,BID
2018-12-17 09:43:49,DIA,238.38,14,ASK
2018-12-17 09:43:50,DIA,238.36,10,BID
2018-12-17 09:43:50,DIA,238.4,19,ASK
2018-12-17 09:43:51,DIA,238.35,22,BID
2018-12-17 09:43:51,DIA,238.38,10,ASK
2018-12-17 09:43:52,DIA,238.35,11,BID
2018-12-17 09:43:52,DIA,238.38,10,ASK
2018-12-17 09:43:53,DIA,238.37,17,BID
2018-12-17 09:43:53,DIA,238.41,10,ASK
2018-12-17 09:43:54,DIA,238.36,5,BID
2018-12-17 09:43:54,DIA,238.39,10,ASK
2018-12-17 09:43:55,DIA,238.37,20,BID
2018-12-17 09:43:55,DIA,238.4,10,ASK
2018-12-17 09:43:56,DIA,238.41,12,BID
2018-12-17 09:43:56,DIA,238.45,17,ASK
2018-12-17 09:43:57,DIA,238.4,10,BID
2018-12-17 09:43:57,DIA,238.43,19,ASK
2018-12-17 09:43:58,DIA,238.43,17,BID
2018-12-17 09:43:58,DIA,238.47,10,ASK
2018-12-17 09:44:00,DIA,238.44,11,BID
2018-12-17 09:44:00,DIA,238.47,10,ASK
2018-12-17 09:44:00,DIA,238.43,17,BID
2018-12-17 09:44:00,DIA,238.47,10,ASK
2018-12-17 09:44:01,DIA,238.45,19,BID
2018-12-17 09:44:01,DIA,238.5,9,ASK
2018-12-17 09:44:02,DIA,238.46,10,BID
2018-12-17 09:44:02,DIA,238.49,8,ASK
2018-12-17 09:44:04,DIA,238.48,11,BID
2018-12-17 09:44:04,DIA,238.52,4,ASK
2018-12-17 09:44:04,DIA,238.48,11,BID
2018-12-17 09:44:04,DIA,238.52,13,ASK
2018-12-17 09:44:05,DIA,238.56,10,BID
2018-12-17 09:44:05,DIA,238.59,10,ASK
2018-12-17 09:44:06,DIA,238.55,22,BID
2018-12-17 09:44:06,DIA,238.59,10,ASK
2018-12-17 09:44:06,DIA,238.55,12,BID
2018-12-17 09:44:06,DIA,238.59,10,ASK
2018-12-17 09:44:07,DIA,238.55,13,BID
2018-12-17 09:44:07,DIA,238.58,10,ASK
2018-12-17 09:44:09,DIA,238.56,11,BID
2018-12-17 09:44:09,DIA,238.59,11,ASK
2018-12-17 09:44:10,DIA,238.58,10,BID
2018-12-17 09:44:10,DIA,238.61,11,ASK
2018-12-17 09:44:10,DIA,238.6,10,BID
2018-12-17 09:44:10,DIA,238.63,10,ASK
2018-12-17 09:44:11,DIA,238.61,11,BID
2018-12-17 09:44:11,DIA,238.64,19,ASK
2018-12-17 09:44:12,DIA,238.61,11,BID
2018-12-17 09:44:12,DIA,238.64,10,ASK
2018-12-17 09:44:14,DIA,238.66,2,BID
2018-12-17 09:44:14,DIA,238.69,18,ASK
2018-12-17 09:44:15,DIA,238.63,14,BID
2018-12-17 09:44:15,DIA,238.67,13,ASK
2018-12-17 09:44:16,DIA,238.63,11,BID
2018-12-17 09:44:15,DIA,238.66,20,ASK
2018-12-17 09:44:18,DIA,238.64,12,BID
2018-12-17 09:44:18,DIA,238.67,10,ASK
2018-12-17 09:44:19,DIA,238.65,10,BID
2018-12-17 09:44:18,DIA,238.68,14,ASK
2018-12-17 09:44:20,DIA,238.67,10,BID
2018-12-17 09:44:20,DIA,238.7,13,ASK
2018-12-17 09:44:21,DIA,238.67,10,BID
2018-12-17 09:44:21,DIA,238.7,10,ASK
2018-12-17 09:44:21,DIA,238.69,11,BID
2018-12-17 09:44:21,DIA,238.72,27,ASK
2018-12-17 09:44:22,DIA,238.72,12,BID
2018-12-17 09:44:22,DIA,238.75,13,ASK
2018-12-17 09:44:24,DIA,238.71,10,BID
2018-12-17 09:44:24,DIA,238.74,11,ASK
2018-12-17 09:44:24,DIA,238.68,10,BID
2018-12-17 09:44:24,DIA,238.72,11,ASK
2018-12-17 09:44:26,DIA,238.68,7,BID
2018-12-17 09:44:26,DIA,238.71,10,ASK
2018-12-17 09:44:27,DIA,238.69,8,BID
2018-12-17 09:44:26,DIA,238.72,15,ASK
2018-12-17 09:44:16,DIA,238.62,12,BID
2018-12-17 09:44:27,DIA,238.66,10,ASK
2018-12-17 09:44:29,DIA,238.65,10,BID
2018-12-17 09:44:29,DIA,238.67,10,ASK
2018-12-17 09:44:30,DIA,238.65,11,BID
2018-12-17 09:44:29,DIA,238.69,12,ASK
2018-12-17 09:44:31,DIA,238.65,16,BID
2018-12-17 09:44:31,DIA,238.68,9,ASK
2018-12-17 09:44:31,DIA,238.65,16,BID
2018-12-17 09:44:31,DIA,238.68,9,ASK
2018-12-17 09:44:32,DIA,238.65,15,BID
2018-12-17 09:44:32,DIA,238.67,10,ASK
2018-12-17 09:44:34,DIA,238.62,22,BID
2018-12-17 09:44:34,DIA,238.66,11,ASK
2018-12-17 09:44:35,DIA,238.6,10,BID
2018-12-17 09:44:35,DIA,238.63,22,ASK
2018-12-17 09:44:35,DIA,238.66,16,BID
2018-12-17 09:44:35,DIA,238.69,14,ASK
2018-12-17 09:44:36,DIA,238.71,1,BID
2018-12-17 09:44:36,DIA,238.72,17,ASK
2018-12-17 09:44:37,DIA,238.67,1,BID
2018-12-17 09:44:37,DIA,238.7,15,ASK
2018-12-17 09:44:38,DIA,238.65,11,BID
2018-12-17 09:44:38,DIA,238.68,22,ASK
2018-12-17 09:44:40,DIA,238.65,3,BID
2018-12-17 09:44:40,DIA,238.68,22,ASK
2018-12-17 09:44:41,DIA,238.67,12,BID
2018-12-17 09:44:41,DIA,238.7,14,ASK
2018-12-17 09:44:42,DIA,238.69,12,BID
2018-12-17 09:44:42,DIA,238.72,13,ASK
2018-12-17 09:44:43,DIA,238.72,18,BID
2018-12-17 09:44:43,DIA,238.75,13,ASK
2018-12-17 09:44:44,DIA,238.72,18,BID
2018-12-17 09:44:44,DIA,238.75,10,ASK
2018-12-17 09:44:44,DIA,238.72,15,BID
2018-12-17 09:44:44,DIA,238.74,10,ASK
2018-12-17 09:44:44,DIA,238.72,15,BID
2018-12-17 09:44:46,DIA,238.74,10,ASK
2018-12-17 09:44:47,DIA,238.7,16,BID
2018-12-17 09:44:47,DIA,238.73,2,ASK
2018-12-17 09:44:48,DIA,238.7,10,BID
2018-12-17 09:44:48,DIA,238.72,10,ASK
2018-12-17 09:44:48,DIA,238.73,15,BID
2018-12-17 09:44:48,DIA,238.77,18,ASK
2018-12-17 09:44:49,DIA,238.78,6,BID
2018-12-17 09:44:49,DIA,238.79,10,ASK
2018-12-17 09:44:50,DIA,238.76,12,BID
2018-12-17 09:44:50,DIA,238.79,11,ASK
2018-12-17 09:44:52,DIA,238.77,10,BID
2018-12-17 09:44:52,DIA,238.79,10,ASK
2018-12-17 09:44:52,DIA,238.78,12,BID
2018-12-17 09:44:52,DIA,238.81,14,ASK
2018-12-17 09:44:53,DIA,238.76,13,BID
2018-12-17 09:44:54,DIA,238.79,10,ASK
2018-12-17 09:44:54,DIA,238.78,19,BID
2018-12-17 09:44:54,DIA,238.82,37,ASK
2018-12-17 09:44:56,DIA,238.77,1,BID
2018-12-17 09:44:56,DIA,238.78,3,ASK
2018-12-17 09:44:57,DIA,238.72,21,BID
2018-12-17 09:44:57,DIA,238.75,12,ASK
2018-12-17 09:44:57,DIA,238.7,17,BID
2018-12-17 09:44:57,DIA,238.73,14,ASK
2018-12-17 09:44:59,DIA,238.67,11,BID
2018-12-17 09:44:59,DIA,238.71,10,ASK
2018-12-17 09:45:00,DIA,238.67,1,BID
2018-12-17 09:45:00,DIA,238.7,14,ASK
2018-12-17 09:45:00,DIA,238.67,4,BID
2018-12-17 09:45:00,DIA,238.68,10,ASK
2018-12-17 09:45:01,DIA,238.59,20,BID
2018-12-17 09:45:01,DIA,238.63,4,ASK
2018-12-17 09:45:02,DIA,238.6,10,BID
2018-12-17 09:45:02,DIA,238.63,10,ASK
2018-12-17 09:44:08,DIA,238.53,19,BID
2018-12-17 09:45:03,DIA,238.56,1,ASK
2018-12-17 09:45:04,DIA,238.54,10,BID
2018-12-17 09:45:04,DIA,238.57,12,ASK
2018-12-17 09:45:06,DIA,238.55,11,BID
2018-12-17 09:45:06,DIA,238.59,15,ASK
2018-12-17 09:45:06,DIA,238.55,28,BID
2018-12-17 09:45:07,DIA,238.59,12,ASK
2018-12-17 09:45:08,DIA,238.5,10,BID
2018-12-17 09:45:08,DIA,238.53,10,ASK
2018-12-17 09:45:09,DIA,238.45,1,BID
2018-12-17 09:45:09,DIA,238.48,10,ASK
2018-12-17 09:45:09,DIA,238.47,17,BID
2018-12-17 09:45:09,DIA,238.5,13,ASK
2018-12-17 09:43:58,DIA,238.43,17,BID
2018-12-17 09:45:11,DIA,238.46,8,ASK
2018-12-17 09:45:11,DIA,238.42,10,BID
2018-12-17 09:45:11,DIA,238.44,26,ASK
2018-12-17 09:45:12,DIA,238.45,11,BID
2018-12-17 09:45:12,DIA,238.48,30,ASK
2018-12-17 09:45:13,DIA,238.45,11,BID
2018-12-17 09:45:12,DIA,238.48,37,ASK
2018-12-17 09:45:15,DIA,238.45,13,BID
2018-12-17 09:45:14,DIA,238.48,28,ASK
2018-12-17 09:45:16,DIA,238.47,11,BID
2018-12-17 09:45:09,DIA,238.49,14,ASK
2018-12-17 09:45:16,DIA,238.49,14,BID
2018-12-17 09:45:16,DIA,238.52,24,ASK
2018-12-17 09:45:16,DIA,238.45,20,BID
2018-12-17 09:45:17,DIA,238.49,10,ASK
2018-12-17 09:45:19,DIA,238.51,11,BID
2018-12-17 09:45:19,DIA,238.53,10,ASK
2018-12-17 09:45:19,DIA,238.55,17,BID
2018-12-17 09:45:19,DIA,238.59,7,ASK
2018-12-17 09:45:20,DIA,238.51,5,BID
2018-12-17 09:45:20,DIA,238.52,14,ASK
2018-12-17 09:45:21,DIA,238.53,2,BID
2018-12-17 09:45:21,DIA,238.57,27,ASK
2018-12-17 09:45:21,DIA,238.52,10,BID
2018-12-17 09:45:21,DIA,238.55,10,ASK
2018-12-17 09:45:22,DIA,238.56,3,BID
2018-12-17 09:45:22,DIA,238.57,10,ASK
2018-12-17 09:45:23,DIA,238.58,13,BID
2018-12-17 09:45:23,DIA,238.6,10,ASK
2018-12-17 09:45:24,DIA,238.61,17,BID
2018-12-17 09:45:24,DIA,238.65,12,ASK
2018-12-17 09:45:25,DIA,238.65,17,BID
2018-12-17 09:45:25,DIA,238.68,10,ASK
2018-12-17 09:45:26,DIA,238.65,1,BID
2018-12-17 09:45:26,DIA,238.67,11,ASK
2018-12-17 09:45:28,DIA,238.64,16,BID
2018-12-17 09:45:28,DIA,238.67,10,ASK
2018-12-17 09:45:30,DIA,238.69,10,BID
2018-12-17 09:45:30,DIA,238.71,11,ASK
2018-12-17 09:45:31,DIA,238.66,15,BID
2018-12-17 09:45:31,DIA,238.7,10,ASK
2018-12-17 09:45:32,DIA,238.68,10,BID
2018-12-17 09:45:31,DIA,238.71,31,ASK
2018-12-17 09:45:33,DIA,238.69,12,BID
2018-12-17 09:45:33,DIA,238.72,17,ASK
2018-12-17 09:45:34,DIA,238.67,10,BID
2018-12-17 09:45:34,DIA,238.7,19,ASK
2018-12-17 09:45:35,DIA,238.71,11,BID
2018-12-17 09:45:35,DIA,238.75,18,ASK
2018-12-17 09:45:35,DIA,238.74,11,BID
2018-12-17 09:45:35,DIA,238.77,12,ASK
2018-12-17 09:45:36,DIA,238.76,17,BID
2018-12-17 09:45:36,DIA,238.79,10,ASK
2018-12-17 09:45:38,DIA,238.75,11,BID
2018-12-17 09:45:38,DIA,238.78,11,ASK
2018-12-17 09:45:39,DIA,238.74,10,BID
2018-12-17 09:45:39,DIA,238.77,16,ASK
2018-12-17 09:45:40,DIA,238.79,3,BID
2018-12-17 09:45:40,DIA,238.81,26,ASK
2018-12-17 09:45:41,DIA,238.81,11,BID
2018-12-17 09:45:41,DIA,238.84,10,ASK
2018-12-17 09:45:42,DIA,238.84,11,BID
2018-12-17 09:43:13,DIA,238.86,15,ASK
2018-12-17 09:45:43,DIA,238.81,12,BID
2018-12-17 09:45:43,DIA,238.85,13,ASK
2018-12-17 09:45:44,DIA,238.83,11,BID
2018-12-17 09:45:44,DIA,238.85,13,ASK
2018-12-17 09:45:45,DIA,238.82,10,BID
2018-12-17 09:45:44,DIA,238.85,19,ASK
2018-12-17 09:45:46,DIA,238.8,12,BID
2018-12-17 09:45:46,DIA,238.82,1,ASK
2018-12-17 09:45:47,DIA,238.81,15,BID
2018-12-17 09:45:44,DIA,238.85,17,ASK
2018-12-17 09:45:48,DIA,238.83,11,BID
2018-12-17 09:45:48,DIA,238.86,17,ASK
2018-12-17 09:45:47,DIA,238.81,15,BID
2018-12-17 09:45:49,DIA,238.84,11,ASK
2018-12-17 09:45:50,DIA,238.78,20,BID
2018-12-17 09:45:50,DIA,238.82,36,ASK
2018-12-17 09:45:51,DIA,238.78,10,BID
2018-12-17 09:45:51,DIA,238.81,15,ASK
2018-12-17 09:45:52,DIA,238.77,15,BID
2018-12-17 09:45:52,DIA,238.8,1,ASK
2018-12-17 09:45:53,DIA,238.77,12,BID
2018-12-17 09:45:53,DIA,238.8,12,ASK
2018-12-17 09:45:54,DIA,238.75,22,BID
2018-12-17 09:45:54,DIA,238.77,4,ASK
2018-12-17 09:45:55,DIA,238.72,10,BID
2018-12-17 09:45:55,DIA,238.75,10,ASK
2018-12-17 09:45:56,DIA,238.72,4,BID
2018-12-17 09:45:56,DIA,238.74,12,ASK
2018-12-17 09:45:57,DIA,238.74,11,BID
2018-12-17 09:45:57,DIA,238.77,17,ASK
2018-12-17 09:45:58,DIA,238.74,15,BID
2018-12-17 09:45:58,DIA,238.79,15,ASK
2018-12-17 09:45:59,DIA,238.78,11,BID
2018-12-17 09:45:59,DIA,238.8,15,ASK
2018-12-17 09:46:00,DIA,238.8,11,BID
2018-12-17 09:46:00,DIA,238.82,10,ASK
2018-12-17 09:46:01,DIA,238.8,19,BID
2018-12-17 09:46:01,DIA,238.83,11,ASK
2018-12-17 09:46:01,DIA,238.8,17,BID
2018-12-17 09:46:02,DIA,238.82,10,ASK
2018-12-17 09:46:03,DIA,238.8,2,BID
2018-12-17 09:46:03,DIA,238.82,21,ASK
2018-12-17 09:46:04,DIA,238.8,11,BID
2018-12-17 09:46:03,DIA,238.83,17,ASK
2018-12-17 09:46:05,DIA,238.82,4,BID
2018-12-17 09:45:48,DIA,238.85,15,ASK
2018-12-17 09:46:06,DIA,238.82,14,BID
2018-12-17 09:46:06,DIA,238.86,10,ASK
2018-12-17 09:46:07,DIA,238.84,11,BID
2018-12-17 09:46:07,DIA,238.86,10,ASK
2018-12-17 09:46:08,DIA,238.86,1,BID
2018-12-17 09:46:08,DIA,238.87,10,ASK
2018-12-17 09:46:09,DIA,238.86,11,BID
2018-12-17 09:46:09,DIA,238.88,10,ASK
2018-12-17 09:46:10,DIA,238.87,12,BID
2018-12-17 09:46:10,DIA,238.9,21,ASK
2018-12-17 09:46:11,DIA,238.88,11,BID
2018-12-17 09:46:10,DIA,238.9,21,ASK
2018-12-17 09:46:12,DIA,238.89,11,BID
2018-12-17 09:46:11,DIA,238.92,19,ASK
2018-12-17 09:46:11,DIA,238.88,17,BID
2018-12-17 09:46:13,DIA,238.91,10,ASK
2018-12-17 09:46:14,DIA,238.91,12,BID
2018-12-17 09:43:04,DIA,238.95,36,ASK
2018-12-17 09:46:15,DIA,238.93,11,BID
2018-12-17 09:46:15,DIA,238.95,10,ASK
2018-12-17 09:46:16,DIA,238.89,12,BID
2018-12-17 09:46:16,DIA,238.91,11,ASK
2018-12-17 09:46:14,DIA,238.88,18,BID
2018-12-17 09:46:17,DIA,238.9,11,ASK
2018-12-17 09:46:18,DIA,238.86,14,BID
2018-12-17 09:46:18,DIA,238.88,1,ASK
2018-12-17 09:46:19,DIA,238.86,11,BID
2018-12-17 09:46:19,DIA,238.89,11,ASK
2018-12-17 09:46:20,DIA,238.88,14,BID
2018-12-17 09:46:20,DIA,238.9,11,ASK
2018-12-17 09:46:21,DIA,238.91,11,BID
2018-12-17 09:46:20,DIA,238.93,16,ASK
2018-12-17 09:46:22,DIA,238.9,13,BID
2018-12-17 09:46:22,DIA,238.92,10,ASK
2018-12-17 09:46:23,DIA,238.9,13,BID
2018-12-17 09:46:23,DIA,238.92,10,ASK
2018-12-17 09:46:24,DIA,238.91,14,BID
2018-12-17 09:46:24,DIA,238.93,10,ASK
2018-12-17 09:46:25,DIA,238.88,19,BID
2018-12-17 09:46:25,DIA,238.9,11,ASK
2018-12-17 09:46:26,DIA,238.87,14,BID
2018-12-17 09:46:26,DIA,238.89,11,ASK
2018-12-17 09:46:27,DIA,238.86,11,BID
2018-12-17 09:46:27,DIA,238.89,10,ASK
2018-12-17 09:46:27,DIA,238.86,15,BID
2018-12-17 09:46:28,DIA,238.9,21,ASK
2018-12-17 09:46:29,DIA,238.84,15,BID
2018-12-17 09:46:29,DIA,238.87,12,ASK
2018-12-17 09:46:30,DIA,238.84,12,BID
2018-12-17 09:46:30,DIA,238.87,13,ASK
2018-12-17 09:46:31,DIA,238.8,15,BID
2018-12-17 09:46:31,DIA,238.83,10,ASK
2018-12-17 09:46:31,DIA,238.85,5,BID
2018-12-17 09:46:31,DIA,238.86,20,ASK
2018-12-17 09:46:32,DIA,238.94,13,BID
2018-12-17 09:46:32,DIA,238.98,29,ASK
2018-12-17 09:46:32,DIA,238.91,12,BID
2018-12-17 09:46:32,DIA,238.93,1,ASK
2018-12-17 09:46:33,DIA,238.92,1,BID
2018-12-17 09:46:33,DIA,238.94,21,ASK
2018-12-17 09:46:35,DIA,238.89,12,BID
2018-12-17 09:46:35,DIA,238.92,1,ASK
2018-12-17 09:46:37,DIA,238.9,15,BID
2018-12-17 09:46:37,DIA,238.93,10,ASK
2018-12-17 09:46:38,DIA,238.92,11,BID
2018-12-17 09:46:38,DIA,238.95,14,ASK
2018-12-17 09:46:39,DIA,238.92,11,BID
2018-12-17 09:46:39,DIA,238.95,13,ASK
2018-12-17 09:46:40,DIA,238.92,11,BID
2018-12-17 09:46:40,DIA,238.95,13,ASK
2018-12-17 09:46:41,DIA,238.9,12,BID
2018-12-17 09:46:41,DIA,238.93,10,ASK
2018-12-17 09:46:42,DIA,238.9,12,BID
2018-12-17 09:46:42,DIA,238.92,11,ASK
2018-12-17 09:46:43,DIA,238.88,18,BID
2018-12-17 09:46:43,DIA,238.91,1,ASK
2018-12-17 09:46:44,DIA,238.9,2,BID
2018-12-17 09:46:44,DIA,238.91,5,ASK
2018-12-17 09:46:45,DIA,238.9,10,BID
2018-12-17 09:46:45,DIA,238.93,11,ASK
2018-12-17 09:46:45,DIA,238.89,11,BID
2018-12-17 09:46:46,DIA,238.91,1,ASK
2018-12-17 09:46:47,DIA,238.88,16,BID
2018-12-17 09:46:47,DIA,238.91,11,ASK
2018-12-17 09:46:48,DIA,238.88,1,BID
2018-12-17 09:46:48,DIA,238.89,16,ASK
2018-12-17 09:46:49,DIA,238.87,14,BID
2018-12-17 09:46:49,DIA,238.89,1,ASK
2018-12-17 09:46:50,DIA,238.83,12,BID
2018-12-17 09:46:50,DIA,238.84,10,ASK
2018-12-17 09:46:51,DIA,238.78,16,BID
2018-12-17 09:46:51,DIA,238.81,13,ASK
2018-12-17 09:46:52,DIA,238.79,10,BID
2018-12-17 09:46:52,DIA,238.82,12,ASK
2018-12-17 09:46:53,DIA,238.81,10,BID
2018-12-17 09:46:53,DIA,238.84,10,ASK
2018-12-17 09:46:54,DIA,238.82,12,BID
2018-12-17 09:46:54,DIA,238.85,11,ASK
2018-12-17 09:46:55,DIA,238.8,11,BID
2018-12-17 09:46:55,DIA,238.83,11,ASK
2018-12-17 09:46:56,DIA,238.8,11,BID
2018-12-17 09:46:56,DIA,238.83,1,ASK
2018-12-17 09:46:57,DIA,238.8,11,BID
2018-12-17 09:46:57,DIA,238.82,1,ASK
2018-12-17 09:46:58,DIA,238.82,15,BID
2018-12-17 09:46:58,DIA,238.85,12,ASK
2018-12-17 09:46:59,DIA,238.82,11,BID
2018-12-17 09:46:59,DIA,238.85,12,ASK
2018-12-17 09:47:00,DIA,238.83,16,BID
2018-12-17 09:47:00,DIA,238.86,11,ASK
2018-12-17 09:47:01,DIA,238.82,23,BID
2018-12-17 09:47:01,DIA,238.85,11,ASK
2018-12-17 09:47:02,DIA,238.8,15,BID
2018-12-17 09:47:02,DIA,238.83,11,ASK
2018-12-17 09:47:03,DIA,238.86,22,BID
2018-12-17 09:47:03,DIA,238.9,11,ASK
2018-12-17 09:47:03,DIA,238.87,14,BID
2018-12-17 09:47:03,DIA,238.9,12,ASK
2018-12-17 09:47:05,DIA,238.87,17,BID
2018-12-17 09:47:05,DIA,238.91,22,ASK
2018-12-17 09:47:06,DIA,238.88,15,BID
2018-12-17 09:47:05,DIA,238.92,16,ASK
2018-12-17 09:47:07,DIA,238.88,15,BID
2018-12-17 09:47:07,DIA,238.91,11,ASK
2018-12-17 09:47:08,DIA,238.88,11,BID
2018-12-17 09:47:08,DIA,238.91,1,ASK
2018-12-17 09:47:09,DIA,238.82,10,BID
2018-12-17 09:47:09,DIA,238.84,1,ASK
2018-12-17 09:47:10,DIA,238.8,13,BID
2018-12-17 09:47:10,DIA,238.83,13,ASK
2018-12-17 09:47:11,DIA,238.81,10,BID
2018-12-17 09:47:11,DIA,238.83,13,ASK
2018-12-17 09:47:12,DIA,238.82,18,BID
2018-12-17 09:47:12,DIA,238.85,17,ASK
2018-12-17 09:47:13,DIA,238.84,11,BID
2018-12-17 09:47:13,DIA,238.87,10,ASK
2018-12-17 09:47:14,DIA,238.85,10,BID
2018-12-17 09:47:14,DIA,238.88,5,ASK
2018-12-17 09:47:15,DIA,238.84,14,BID
2018-12-17 09:47:15,DIA,238.87,12,ASK
2018-12-17 09:47:16,DIA,238.85,16,BID
2018-12-17 09:47:16,DIA,238.88,10,ASK
2018-12-17 09:47:17,DIA,238.86,11,BID
2018-12-17 09:47:17,DIA,238.89,11,ASK
2018-12-17 09:47:18,DIA,238.79,13,BID
2018-12-17 09:47:18,DIA,238.83,2,ASK
2018-12-17 09:47:19,DIA,238.81,10,BID
2018-12-17 09:47:19,DIA,238.84,17,ASK
2018-12-17 09:47:20,DIA,238.79,13,BID
2018-12-17 09:47:20,DIA,238.82,10,ASK
2018-12-17 09:47:21,DIA,238.81,13,BID
2018-12-17 09:47:21,DIA,238.84,12,ASK
2018-12-17 09:47:22,DIA,238.81,13,BID
2018-12-17 09:47:22,DIA,238.84,12,ASK
2018-12-17 09:47:23,DIA,238.81,13,BID
2018-12-17 09:47:23,DIA,238.84,12,ASK
2018-12-17 09:47:23,DIA,238.81,13,BID
2018-12-17 09:47:23,DIA,238.84,12,ASK
2018-12-17 09:47:25,DIA,238.79,10,BID
2018-12-17 09:47:25,DIA,238.82,13,ASK
2018-12-17 09:47:26,DIA,238.74,30,BID
2018-12-17 09:47:26,DIA,238.78,11,ASK
2018-12-17 09:47:27,DIA,238.75,14,BID
2018-12-17 09:47:27,DIA,238.78,10,ASK
2018-12-17 09:47:28,DIA,238.72,18,BID
2018-12-17 09:47:28,DIA,238.75,1,ASK
2018-12-17 09:47:29,DIA,238.74,9,BID
2018-12-17 09:47:29,DIA,238.75,1,ASK
2018-12-17 09:47:30,DIA,238.74,19,BID
2018-12-17 09:47:29,DIA,238.76,14,ASK
2018-12-17 09:47:31,DIA,238.71,1,BID
2018-12-17 09:47:31,DIA,238.73,12,ASK
2018-12-17 09:47:32,DIA,238.7,14,BID
2018-12-17 09:47:32,DIA,238.73,16,ASK
2018-12-17 09:47:33,DIA,238.72,12,BID
2018-12-17 09:47:33,DIA,238.75,15,ASK
2018-12-17 09:47:34,DIA,238.76,15,BID
2018-12-17 09:47:34,DIA,238.8,17,ASK
2018-12-17 09:47:34,DIA,238.76,17,BID
2018-12-17 09:47:34,DIA,238.8,17,ASK
2018-12-17 09:47:34,DIA,238.76,17,BID
2018-12-17 09:47:36,DIA,238.79,10,ASK
2018-12-17 09:47:37,DIA,238.75,2,BID
2018-12-17 09:47:37,DIA,238.78,13,ASK
2018-12-17 09:47:38,DIA,238.74,2,BID
2018-12-17 09:47:38,DIA,238.77,11,ASK
2018-12-17 09:47:39,DIA,238.74,12,BID
2018-12-17 09:47:39,DIA,238.77,11,ASK
2018-12-17 09:47:40,DIA,238.71,16,BID
2018-12-17 09:47:40,DIA,238.75,15,ASK
2018-12-17 09:47:41,DIA,238.71,17,BID
2018-12-17 09:47:41,DIA,238.75,11,ASK
2018-12-17 09:47:42,DIA,238.74,2,BID
2018-12-17 09:47:42,DIA,238.76,20,ASK
2018-12-17 09:47:43,DIA,238.71,1,BID
2018-12-17 09:47:43,DIA,238.72,11,ASK
2018-12-17 09:47:44,DIA,238.7,1,BID
2018-12-17 09:47:44,DIA,238.73,14,ASK
2018-12-17 09:47:45,DIA,238.7,15,BID
2018-12-17 09:47:45,DIA,238.74,16,ASK
2018-12-17 09:47:46,DIA,238.72,11,BID
2018-12-17 09:47:46,DIA,238.75,16,ASK
2018-12-17 09:47:48,DIA,238.71,12,BID
2018-12-17 09:47:48,DIA,238.74,10,ASK
2018-12-17 09:47:48,DIA,238.71,12,BID
2018-12-17 09:47:48,DIA,238.74,12,ASK
2018-12-17 09:47:49,DIA,238.72,12,BID
2018-12-17 09:47:49,DIA,238.76,13,ASK
2018-12-17 09:47:50,DIA,238.72,17,BID
2018-12-17 09:47:50,DIA,238.75,10,ASK
2018-12-17 09:47:51,DIA,238.73,15,BID
2018-12-17 09:47:51,DIA,238.76,17,ASK
2018-12-17 09:47:53,DIA,238.73,15,BID
2018-12-17 09:47:53,DIA,238.74,1,ASK
2018-12-17 09:47:53,DIA,238.71,16,BID
2018-12-17 09:47:53,DIA,238.74,14,ASK
2018-12-17 09:47:54,DIA,238.71,10,BID
2018-12-17 09:47:54,DIA,238.74,16,ASK
2018-12-17 09:47:55,DIA,238.71,10,BID
2018-12-17 09:47:55,DIA,238.74,20,ASK
2018-12-17 09:47:56,DIA,238.71,10,BID
2018-12-17 09:47:55,DIA,238.74,20,ASK
2018-12-17 09:47:57,DIA,238.74,11,BID
2018-12-17 09:47:57,DIA,238.76,12,ASK
2018-12-17 09:47:58,DIA,238.75,12,BID
2018-12-17 09:47:58,DIA,238.79,10,ASK
2018-12-17 09:47:59,DIA,238.72,12,BID
2018-12-17 09:47:59,DIA,238.75,10,ASK
2018-12-17 09:48:00,DIA,238.67,14,BID
2018-12-17 09:48:00,DIA,238.7,14,ASK
2018-12-17 09:48:01,DIA,238.66,11,BID
2018-12-17 09:48:01,DIA,238.68,1,ASK
2018-12-17 09:48:02,DIA,238.65,11,BID
2018-12-17 09:48:02,DIA,238.68,16,ASK
2018-12-17 09:48:03,DIA,238.66,14,BID
2018-12-17 09:48:03,DIA,238.69,11,ASK
2018-12-17 09:48:04,DIA,238.66,14,BID
2018-12-17 09:48:00,DIA,238.7,14,ASK
2018-12-17 09:48:06,DIA,238.66,11,BID
2018-12-17 09:48:06,DIA,238.68,10,ASK
2018-12-17 09:48:06,DIA,238.66,13,BID
2018-12-17 09:48:06,DIA,238.68,11,ASK
2018-12-17 09:48:07,DIA,238.64,16,BID
2018-12-17 09:48:07,DIA,238.66,10,ASK
2018-12-17 09:48:08,DIA,238.63,10,BID
2018-12-17 09:48:08,DIA,238.66,17,ASK
2018-12-17 09:48:09,DIA,238.62,12,BID
2018-12-17 09:48:09,DIA,238.66,20,ASK
2018-12-17 09:48:10,DIA,238.62,12,BID
2018-12-17 09:48:10,DIA,238.66,16,ASK
2018-12-17 09:48:08,DIA,238.61,16,BID
2018-12-17 09:48:12,DIA,238.63,1,ASK
2018-12-17 09:45:24,DIA,238.6,16,BID
2018-12-17 09:48:13,DIA,238.63,11,ASK
2018-12-17 09:48:14,DIA,238.58,10,BID
2018-12-17 09:48:13,DIA,238.61,14,ASK
2018-12-17 09:48:15,DIA,238.58,1,BID
2018-12-17 09:48:15,DIA,238.6,1,ASK
2018-12-17 09:48:16,DIA,238.58,1,BID
2018-12-17 09:48:14,DIA,238.61,16,ASK
2018-12-17 09:48:17,DIA,238.58,10,BID
2018-12-17 09:48:17,DIA,238.62,10,ASK
2018-12-17 09:48:17,DIA,238.6,10,BID
2018-12-17 09:48:17,DIA,238.62,21,ASK
2018-12-17 09:48:19,DIA,238.6,25,BID
2018-12-17 09:48:19,DIA,238.63,10,ASK
2018-12-17 09:48:19,DIA,238.57,17,BID
2018-12-17 09:48:20,DIA,238.6,11,ASK
2018-12-17 09:48:20,DIA,238.56,10,BID
2018-12-17 09:48:20,DIA,238.58,10,ASK
2018-12-17 09:48:22,DIA,238.57,11,BID
2018-12-17 09:48:22,DIA,238.59,10,ASK
2018-12-17 09:48:22,DIA,238.58,10,BID
2018-12-17 09:48:22,DIA,238.61,20,ASK
2018-12-17 09:48:23,DIA,238.57,11,BID
2018-12-17 09:48:23,DIA,238.6,13,ASK
2018-12-17 09:48:25,DIA,238.57,10,BID
2018-12-17 09:48:23,DIA,238.6,13,ASK
2018-12-17 09:48:26,DIA,238.55,15,BID
2018-12-17 09:48:26,DIA,238.58,10,ASK
2018-12-17 09:48:26,DIA,238.53,19,BID
2018-12-17 09:48:27,DIA,238.56,10,ASK
2018-12-17 09:48:27,DIA,238.52,10,BID
2018-12-17 09:48:27,DIA,238.55,11,ASK
2018-12-17 09:48:28,DIA,238.53,25,BID
2018-12-17 09:48:28,DIA,238.56,10,ASK
2018-12-17 09:48:30,DIA,238.54,10,BID
2018-12-17 09:48:30,DIA,238.57,10,ASK
2018-12-17 09:48:28,DIA,238.53,18,BID
2018-12-17 09:48:30,DIA,238.56,11,ASK
2018-12-17 09:48:31,DIA,238.54,10,BID
2018-12-17 09:48:31,DIA,238.57,15,ASK
2018-12-17 09:48:33,DIA,238.58,8,BID
2018-12-17 09:48:33,DIA,238.61,17,ASK
2018-12-17 09:48:33,DIA,238.57,11,BID
2018-12-17 09:48:33,DIA,238.6,10,ASK
2018-12-17 09:48:35,DIA,238.58,12,BID
2018-12-17 09:48:35,DIA,238.61,10,ASK
2018-12-17 09:48:35,DIA,238.58,12,BID
2018-12-17 09:48:35,DIA,238.61,10,ASK
2018-12-17 09:48:37,DIA,238.57,13,BID
2018-12-17 09:48:37,DIA,238.61,10,ASK
2018-12-17 09:48:38,DIA,238.58,1,BID
2018-12-17 09:48:38,DIA,238.61,10,ASK
2018-12-17 09:48:38,DIA,238.59,10,BID
2018-12-17 09:48:38,DIA,238.61,14,ASK
2018-12-17 09:48:39,DIA,238.6,2,BID
2018-12-17 09:48:39,DIA,238.61,18,ASK
2018-12-17 09:48:41,DIA,238.6,18,BID
2018-12-17 09:48:41,DIA,238.63,10,ASK
2018-12-17 09:48:42,DIA,238.6,16,BID
2018-12-17 09:48:42,DIA,238.62,1,ASK
2018-12-17 09:48:42,DIA,238.6,15,BID
2018-12-17 09:48:43,DIA,238.62,11,ASK
2018-12-17 09:48:44,DIA,238.61,7,BID
2018-12-17 09:48:43,DIA,238.64,14,ASK
2018-12-17 09:48:44,DIA,238.64,14,BID
2018-12-17 09:48:44,DIA,238.66,10,ASK
2018-12-17 09:48:45,DIA,238.63,16,BID
2018-12-17 09:48:45,DIA,238.66,10,ASK
2018-12-17 09:48:47,DIA,238.62,14,BID
2018-12-17 09:48:46,DIA,238.66,14,ASK
2018-12-17 09:48:47,DIA,238.61,15,BID
2018-12-17 09:48:48,DIA,238.65,10,ASK
2018-12-17 09:48:47,DIA,238.61,15,BID
2018-12-17 09:48:49,DIA,238.65,10,ASK
2018-12-17 09:48:50,DIA,238.59,10,BID
2018-12-17 09:48:50,DIA,238.61,10,ASK
2018-12-17 09:48:51,DIA,238.58,27,BID
2018-12-17 09:48:51,DIA,238.61,10,ASK
2018-12-17 09:48:52,DIA,238.6,11,BID
2018-12-17 09:48:51,DIA,238.64,16,ASK
2018-12-17 09:48:53,DIA,238.63,18,BID
2018-12-17 09:48:46,DIA,238.66,14,ASK
2018-12-17 09:48:54,DIA,238.63,16,BID
2018-12-17 09:48:53,DIA,238.67,12,ASK
2018-12-17 09:48:54,DIA,238.62,16,BID
2018-12-17 09:48:54,DIA,238.65,10,ASK
2018-12-17 09:48:56,DIA,238.6,15,BID
2018-12-17 09:48:56,DIA,238.64,12,ASK
2018-12-17 09:48:57,DIA,238.62,16,BID
2018-12-17 09:48:56,DIA,238.66,20,ASK
2018-12-17 09:48:58,DIA,238.58,11,BID
2018-12-17 09:48:58,DIA,238.62,17,ASK
2018-12-17 09:48:59,DIA,238.6,11,BID
2018-12-17 09:48:59,DIA,238.63,16,ASK
2018-12-17 09:49:00,DIA,238.6,11,BID
2018-12-17 09:48:59,DIA,238.63,12,ASK
2018-12-17 09:49:01,DIA,238.61,1,BID
2018-12-17 09:49:01,DIA,238.64,18,ASK
2018-12-17 09:49:01,DIA,238.64,15,BID
2018-12-17 09:49:01,DIA,238.66,10,ASK
2018-12-17 09:49:02,DIA,238.65,17,BID
2018-12-17 09:49:02,DIA,238.69,14,ASK
2018-12-17 09:49:02,DIA,238.65,20,BID
2018-12-17 09:49:03,DIA,238.68,11,ASK
2018-12-17 09:49:03,DIA,238.71,5,BID
2018-12-17 09:49:03,DIA,238.74,15,ASK
2018-12-17 09:49:04,DIA,238.75,11,BID
2018-12-17 09:49:04,DIA,238.78,12,ASK
2018-12-17 09:49:05,DIA,238.76,13,BID
2018-12-17 09:49:05,DIA,238.8,17,ASK
2018-12-17 09:49:06,DIA,238.78,21,BID
2018-12-17 09:49:06,DIA,238.81,11,ASK
2018-12-17 09:49:07,DIA,238.77,13,BID
2018-12-17 09:49:07,DIA,238.81,14,ASK
2018-12-17 09:49:07,DIA,238.79,11,BID
2018-12-17 09:49:07,DIA,238.82,11,ASK
2018-12-17 09:49:04,DIA,238.75,14,BID
2018-12-17 09:49:09,DIA,238.78,13,ASK
2018-12-17 09:49:10,DIA,238.73,13,BID
2018-12-17 09:49:10,DIA,238.76,10,ASK
2018-12-17 09:49:04,DIA,238.71,17,BID
2018-12-17 09:49:11,DIA,238.74,10,ASK
2018-12-17 09:49:11,DIA,238.7,16,BID
2018-12-17 09:49:12,DIA,238.73,10,ASK
2018-12-17 09:49:14,DIA,238.71,17,BID
2018-12-17 09:49:14,DIA,238.74,11,ASK
2018-12-17 09:49:15,DIA,238.69,10,BID
2018-12-17 09:49:15,DIA,238.72,13,ASK
2018-12-17 09:49:16,DIA,238.66,15,BID
2018-12-17 09:49:16,DIA,238.7,12,ASK
2018-12-17 09:49:18,DIA,238.69,18,BID
2018-12-17 09:49:18,DIA,238.73,18,ASK
2018-12-17 09:49:19,DIA,238.7,11,BID
2018-12-17 09:49:19,DIA,238.74,13,ASK
2018-12-17 09:49:19,DIA,238.68,14,BID
2018-12-17 09:49:19,DIA,238.71,10,ASK
2018-12-17 09:49:20,DIA,238.66,15,BID
2018-12-17 09:49:20,DIA,238.7,24,ASK
2018-12-17 09:49:20,DIA,238.66,17,BID
2018-12-17 09:49:20,DIA,238.68,1,ASK
2018-12-17 09:49:21,DIA,238.63,16,BID
2018-12-17 09:49:21,DIA,238.66,11,ASK
2018-12-17 09:49:22,DIA,238.63,10,BID
2018-12-17 09:49:22,DIA,238.65,13,ASK
2018-12-17 09:49:22,DIA,238.58,15,BID
2018-12-17 09:49:22,DIA,238.61,11,ASK
2018-12-17 09:49:23,DIA,238.59,15,BID
2018-12-17 09:49:22,DIA,238.62,21,ASK
2018-12-17 09:49:24,DIA,238.59,15,BID
2018-12-17 09:49:24,DIA,238.61,3,ASK
2018-12-17 09:49:24,DIA,238.61,10,BID
2018-12-17 09:49:24,DIA,238.64,21,ASK
2018-12-17 09:49:25,DIA,238.59,10,BID
2018-12-17 09:49:25,DIA,238.6,10,ASK
2018-12-17 09:49:26,DIA,238.61,2,BID
2018-12-17 09:49:26,DIA,238.64,1,ASK
2018-12-17 09:49:27,DIA,238.65,11,BID
2018-12-17 09:49:27,DIA,238.67,3,ASK
2018-12-17 09:49:27,DIA,238.68,16,BID
2018-12-17 09:49:27,DIA,238.69,4,ASK
2018-12-17 09:49:27,DIA,238.68,16,BID
2018-12-17 09:49:27,DIA,238.68,1,ASK
2018-12-17 09:49:28,DIA,238.63,10,BID
2018-12-17 09:49:28,DIA,238.65,17,ASK
2018-12-17 09:49:28,DIA,238.59,11,BID
2018-12-17 09:49:28,DIA,238.62,11,ASK
2018-12-17 09:49:28,DIA,238.6,10,BID
2018-12-17 09:49:28,DIA,238.63,18,ASK
2018-12-17 09:49:29,DIA,238.61,10,BID
2018-12-17 09:49:29,DIA,238.63,10,ASK
2018-12-17 09:49:30,DIA,238.57,10,BID
2018-12-17 09:49:30,DIA,238.59,17,ASK
2018-12-17 09:49:32,DIA,238.6,9,BID
2018-12-17 09:49:32,DIA,238.63,19,ASK
2018-12-17 09:49:33,DIA,238.65,8,BID
2018-12-17 09:49:33,DIA,238.66,23,ASK
2018-12-17 09:49:34,DIA,238.65,24,BID
2018-12-17 09:49:34,DIA,238.69,10,ASK
2018-12-17 09:49:35,DIA,238.67,10,BID
2018-12-17 09:49:35,DIA,238.71,9,ASK
2018-12-17 09:49:36,DIA,238.7,19,BID
2018-12-17 09:49:36,DIA,238.73,10,ASK
2018-12-17 09:49:37,DIA,238.71,14,BID
2018-12-17 09:49:37,DIA,238.74,10,ASK
2018-12-17 09:49:39,DIA,238.72,10,BID
2018-12-17 09:49:39,DIA,238.74,11,ASK
2018-12-17 09:49:41,DIA,238.74,17,BID
2018-12-17 09:49:41,DIA,238.78,24,ASK
2018-12-17 09:49:43,DIA,238.76,1,BID
2018-12-17 09:49:43,DIA,238.77,18,ASK
2018-12-17 09:49:45,DIA,238.8,10,BID
2018-12-17 09:49:45,DIA,238.84,25,ASK
2018-12-17 09:49:46,DIA,238.81,10,BID
2018-12-17 09:49:46,DIA,238.83,1,ASK
2018-12-17 09:49:48,DIA,238.83,12,BID
2018-12-17 09:49:48,DIA,238.85,11,ASK
2018-12-17 09:49:50,DIA,238.83,12,BID
2018-12-17 09:49:50,DIA,238.86,15,ASK
2018-12-17 09:49:51,DIA,238.84,16,BID
2018-12-17 09:49:51,DIA,238.87,10,ASK
2018-12-17 09:49:52,DIA,238.84,3,BID
2018-12-17 09:49:52,DIA,238.85,10,ASK
2018-12-17 09:49:54,DIA,238.83,10,BID
2018-12-17 09:49:54,DIA,238.87,11,ASK
2018-12-17 09:49:55,DIA,238.86,10,BID
2018-12-17 09:49:55,DIA,238.88,10,ASK
2018-12-17 09:49:56,DIA,238.87,10,BID
2018-12-17 09:49:56,DIA,238.9,11,ASK
2018-12-17 09:49:57,DIA,238.84,12,BID
2018-12-17 09:49:57,DIA,238.86,10,ASK
2018-12-17 09:49:58,DIA,238.86,10,BID
2018-12-17 09:49:58,DIA,238.88,17,ASK
2018-12-17 09:49:59,DIA,238.85,10,BID
2018-12-17 09:49:59,DIA,238.88,10,ASK
2018-12-17 09:50:00,DIA,238.85,10,BID
2018-12-17 09:50:00,DIA,238.87,2,ASK
2018-12-17 09:50:01,DIA,238.82,16,BID
2018-12-17 09:50:01,DIA,238.85,3,ASK
2018-12-17 09:49:46,DIA,238.79,13,BID
2018-12-17 09:50:02,DIA,238.83,11,ASK
2018-12-17 09:50:03,DIA,238.77,15,BID
2018-12-17 09:50:03,DIA,238.8,2,ASK
2018-12-17 09:50:04,DIA,238.78,10,BID
2018-12-17 09:50:04,DIA,238.8,1,ASK
2018-12-17 09:50:05,DIA,238.75,10,BID
2018-12-17 09:50:05,DIA,238.78,12,ASK
2018-12-17 09:50:06,DIA,238.74,10,BID
2018-12-17 09:50:06,DIA,238.76,2,ASK
2018-12-17 09:50:07,DIA,238.74,10,BID
2018-12-17 09:50:07,DIA,238.77,18,ASK
2018-12-17 09:50:08,DIA,238.74,10,BID
2018-12-17 09:50:08,DIA,238.76,12,ASK
2018-12-17 09:50:09,DIA,238.74,10,BID
2018-12-17 09:50:07,DIA,238.77,18,ASK
2018-12-17 09:50:10,DIA,238.76,10,BID
2018-12-17 09:50:10,DIA,238.79,20,ASK
2018-12-17 09:50:11,DIA,238.75,10,BID
2018-12-17 09:50:11,DIA,238.78,12,ASK
2018-12-17 09:50:12,DIA,238.75,9,BID
2018-12-17 09:50:12,DIA,238.78,12,ASK
2018-12-17 09:50:13,DIA,238.75,10,BID
2018-12-17 09:50:13,DIA,238.78,12,ASK
2018-12-17 09:50:14,DIA,238.8,10,BID
2018-12-17 09:50:14,DIA,238.82,13,ASK
2018-12-17 09:50:15,DIA,238.78,13,BID
2018-12-17 09:50:14,DIA,238.82,14,ASK
2018-12-17 09:50:16,DIA,238.76,10,BID
2018-12-17 09:50:16,DIA,238.79,3,ASK
2018-12-17 09:50:17,DIA,238.74,10,BID
2018-12-17 09:50:17,DIA,238.77,1,ASK
2018-12-17 09:50:18,DIA,238.77,2,BID
2018-12-17 09:50:18,DIA,238.78,15,ASK
2018-12-17 09:50:19,DIA,238.72,6,BID
2018-12-17 09:50:19,DIA,238.75,15,ASK
2018-12-17 09:50:20,DIA,238.72,10,BID
2018-12-17 09:50:20,DIA,238.74,2,ASK
2018-12-17 09:50:21,DIA,238.71,10,BID
2018-12-17 09:50:21,DIA,238.73,2,ASK
2018-12-17 09:50:22,DIA,238.74,16,BID
2018-12-17 09:50:22,DIA,238.76,2,ASK
2018-12-17 09:50:23,DIA,238.72,13,BID
2018-12-17 09:50:23,DIA,238.75,1,ASK
2018-12-17 09:50:24,DIA,238.73,10,BID
2018-12-17 09:50:24,DIA,238.76,18,ASK
2018-12-17 09:50:25,DIA,238.72,10,BID
2018-12-17 09:50:25,DIA,238.75,11,ASK
2018-12-17 09:50:26,DIA,238.7,14,BID
2018-12-17 09:50:26,DIA,238.73,2,ASK
2018-12-17 09:50:27,DIA,238.7,14,BID
2018-12-17 09:50:27,DIA,238.73,13,ASK
2018-12-17 09:50:28,DIA,238.7,14,BID
2018-12-17 09:50:28,DIA,238.73,1,ASK
2018-12-17 09:50:29,DIA,238.72,10,BID
2018-12-17 09:50:29,DIA,238.74,14,ASK
2018-12-17 09:50:30,DIA,238.72,10,BID
2018-12-17 09:50:30,DIA,238.74,14,ASK
2018-12-17 09:50:31,DIA,238.7,12,BID
2018-12-17 09:50:31,DIA,238.74,15,ASK
2018-12-17 09:50:32,DIA,238.71,10,BID
2018-12-17 09:50:32,DIA,238.74,15,ASK
2018-12-17 09:50:33,DIA,238.73,2,BID
2018-12-17 09:50:25,DIA,238.76,16,ASK
2018-12-17 09:50:34,DIA,238.72,10,BID
2018-12-17 09:50:34,DIA,238.75,17,ASK
2018-12-17 09:50:35,DIA,238.72,10,BID
2018-12-17 09:50:35,DIA,238.76,17,ASK
2018-12-17 09:50:36,DIA,238.74,10,BID
2018-12-17 09:50:36,DIA,238.76,15,ASK
2018-12-17 09:50:37,DIA,238.74,19,BID
2018-12-17 09:50:37,DIA,238.77,1,ASK
2018-12-17 09:50:38,DIA,238.74,14,BID
2018-12-17 09:50:38,DIA,238.77,4,ASK
2018-12-17 09:50:39,DIA,238.73,10,BID
2018-12-17 09:50:39,DIA,238.76,2,ASK
2018-12-17 09:50:40,DIA,238.74,17,BID
2018-12-17 09:50:39,DIA,238.77,20,ASK
2018-12-17 09:50:41,DIA,238.77,8,BID
2018-12-17 09:50:41,DIA,238.79,3,ASK
2018-12-17 09:50:42,DIA,238.76,17,BID
2018-12-17 09:50:42,DIA,238.79,3,ASK
2018-12-17 09:50:43,DIA,238.76,16,BID
2018-12-17 09:50:43,DIA,238.79,5,ASK
2018-12-17 09:50:43,DIA,238.76,16,BID
2018-12-17 09:50:43,DIA,238.79,4,ASK
2018-12-17 09:50:45,DIA,238.76,16,BID
2018-12-17 09:50:43,DIA,238.79,5,ASK
2018-12-17 09:50:46,DIA,238.79,16,BID
2018-12-17 09:50:46,DIA,238.82,1,ASK
2018-12-17 09:50:47,DIA,238.78,16,BID
2018-12-17 09:50:46,DIA,238.81,12,ASK
2018-12-17 09:50:48,DIA,238.81,11,BID
2018-12-17 09:50:48,DIA,238.84,15,ASK
2018-12-17 09:50:49,DIA,238.8,10,BID
2018-12-17 09:50:49,DIA,238.83,17,ASK
2018-12-17 09:50:50,DIA,238.83,20,BID
2018-12-17 09:50:50,DIA,238.86,15,ASK
2018-12-17 09:50:51,DIA,238.84,10,BID
2018-12-17 09:50:51,DIA,238.88,17,ASK
2018-12-17 09:50:52,DIA,238.86,10,BID
2018-12-17 09:50:52,DIA,238.89,12,ASK
2018-12-17 09:50:53,DIA,238.92,1,BID
2018-12-17 09:50:52,DIA,238.94,19,ASK
2018-12-17 09:50:54,DIA,238.87,17,BID
2018-12-17 09:50:54,DIA,238.9,11,ASK
2018-12-17 09:50:55,DIA,238.87,10,BID
2018-12-17 09:50:55,DIA,238.89,1,ASK
2018-12-17 09:50:55,DIA,238.87,10,BID
2018-12-17 09:50:55,DIA,238.89,1,ASK
2018-12-17 09:50:55,DIA,238.85,22,BID
2018-12-17 09:50:55,DIA,238.88,16,ASK
2018-12-17 09:50:58,DIA,238.86,10,BID
2018-12-17 09:50:58,DIA,238.89,13,ASK
2018-12-17 09:50:59,DIA,238.84,10,BID
2018-12-17 09:50:59,DIA,238.87,2,ASK
2018-12-17 09:51:00,DIA,238.85,11,BID
2018-12-17 09:51:00,DIA,238.88,12,ASK
2018-12-17 09:51:00,DIA,238.84,23,BID
2018-12-17 09:51:01,DIA,238.87,12,ASK
2018-12-17 09:51:02,DIA,238.83,10,BID
2018-12-17 09:51:02,DIA,238.85,2,ASK
2018-12-17 09:51:03,DIA,238.79,10,BID
2018-12-17 09:51:03,DIA,238.81,11,ASK
2018-12-17 09:51:04,DIA,238.79,11,BID
2018-12-17 09:51:04,DIA,238.82,12,ASK
2018-12-17 09:51:05,DIA,238.76,10,BID
2018-12-17 09:51:05,DIA,238.79,1,ASK
2018-12-17 09:50:41,DIA,238.74,20,BID
2018-12-17 09:51:06,DIA,238.78,18,ASK
2018-12-17 09:51:07,DIA,238.74,7,BID
2018-12-17 09:51:07,DIA,238.76,12,ASK
2018-12-17 09:51:08,DIA,238.68,10,BID
2018-12-17 09:51:08,DIA,238.7,1,ASK
2018-12-17 09:49:33,DIA,238.64,13,BID
2018-12-17 09:51:09,DIA,238.67,13,ASK
2018-12-17 09:51:10,DIA,238.66,2,BID
2018-12-17 09:51:09,DIA,238.68,12,ASK
2018-12-17 09:51:11,DIA,238.67,13,BID
2018-12-17 09:51:11,DIA,238.69,1,ASK
2018-12-17 09:51:12,DIA,238.64,10,BID
2018-12-17 09:51:12,DIA,238.67,14,ASK
2018-12-17 09:51:13,DIA,238.65,10,BID
2018-12-17 09:51:12,DIA,238.67,14,ASK
2018-12-17 09:51:14,DIA,238.66,10,BID
2018-12-17 09:51:14,DIA,238.67,17,ASK
2018-12-17 09:51:14,DIA,238.64,16,BID
2018-12-17 09:51:14,DIA,238.67,17,ASK
2018-12-17 09:51:15,DIA,238.63,4,BID
2018-12-17 09:51:15,DIA,238.64,2,ASK
2018-12-17 09:51:16,DIA,238.62,19,BID
2018-12-17 09:51:16,DIA,238.65,18,ASK
2018-12-17 09:51:17,DIA,238.61,5,BID
2018-12-17 09:51:17,DIA,238.64,17,ASK
2018-12-17 09:51:18,DIA,238.63,10,BID
2018-12-17 09:51:18,DIA,238.67,12,ASK
2018-12-17 09:51:19,DIA,238.66,10,BID
2018-12-17 09:51:19,DIA,238.68,14,ASK
2018-12-17 09:51:20,DIA,238.65,10,BID
2018-12-17 09:51:20,DIA,238.68,19,ASK
2018-12-17 09:51:21,DIA,238.66,11,BID
2018-12-17 09:51:21,DIA,238.68,14,ASK
2018-12-17 09:51:23,DIA,238.62,10,BID
2018-12-17 09:51:23,DIA,238.64,2,ASK
2018-12-17 09:51:24,DIA,238.61,13,BID
2018-12-17 09:51:24,DIA,238.64,17,ASK
2018-12-17 09:51:25,DIA,238.61,10,BID
2018-12-17 09:51:25,DIA,238.64,16,ASK
2018-12-17 09:51:26,DIA,238.63,18,BID
2018-12-17 09:51:26,DIA,238.67,15,ASK
2018-12-17 09:51:27,DIA,238.64,10,BID
2018-12-17 09:51:26,DIA,238.68,18,ASK
2018-12-17 09:51:28,DIA,238.68,10,BID
2018-12-17 09:51:28,DIA,238.7,10,ASK
2018-12-17 09:51:29,DIA,238.69,10,BID
2018-12-17 09:51:29,DIA,238.71,1,ASK
2018-12-17 09:51:30,DIA,238.71,11,BID
2018-12-17 09:51:30,DIA,238.73,16,ASK
2018-12-17 09:51:31,DIA,238.73,11,BID
2018-12-17 09:51:31,DIA,238.77,7,ASK
2018-12-17 09:51:31,DIA,238.73,24,BID
2018-12-17 09:51:31,DIA,238.77,17,ASK
2018-12-17 09:51:31,DIA,238.73,24,BID
2018-12-17 09:51:32,DIA,238.77,18,ASK
2018-12-17 09:51:33,DIA,238.75,18,BID
2018-12-17 09:51:33,DIA,238.79,13,ASK
2018-12-17 09:51:34,DIA,238.74,9,BID
2018-12-17 09:51:34,DIA,238.76,12,ASK
2018-12-17 09:51:36,DIA,238.71,11,BID
2018-12-17 09:51:36,DIA,238.74,13,ASK
2018-12-17 09:51:37,DIA,238.71,10,BID
2018-12-17 09:51:37,DIA,238.73,15,ASK
2018-12-17 09:51:38,DIA,238.69,23,BID
2018-12-17 09:51:38,DIA,238.72,12,ASK
2018-12-17 09:51:39,DIA,238.69,10,BID
2018-12-17 09:51:39,DIA,238.72,3,ASK
2018-12-17 09:51:40,DIA,238.71,18,BID
2018-12-17 09:51:39,DIA,238.73,19,ASK
2018-12-17 09:51:41,DIA,238.71,18,BID
2018-12-17 09:51:41,DIA,238.74,14,ASK
2018-12-17 09:51:42,DIA,238.74,10,BID
2018-12-17 09:51:42,DIA,238.77,17,ASK
2018-12-17 09:51:43,DIA,238.73,11,BID
2018-12-17 09:51:43,DIA,238.77,18,ASK
2018-12-17 09:51:44,DIA,238.73,14,BID
2018-12-17 09:51:44,DIA,238.76,12,ASK
2018-12-17 09:51:45,DIA,238.76,10,BID
2018-12-17 09:51:45,DIA,238.79,12,ASK
2018-12-17 09:51:46,DIA,238.74,17,BID
2018-12-17 09:51:46,DIA,238.78,11,ASK
2018-12-17 09:51:47,DIA,238.74,15,BID
2018-12-17 09:51:47,DIA,238.77,12,ASK
2018-12-17 09:51:48,DIA,238.76,26,BID
2018-12-17 09:51:48,DIA,238.79,14,ASK
2018-12-17 09:51:48,DIA,238.75,14,BID
2018-12-17 09:51:49,DIA,238.78,8,ASK
2018-12-17 09:51:50,DIA,238.75,15,BID
2018-12-17 09:51:50,DIA,238.78,7,ASK
2018-12-17 09:51:51,DIA,238.76,10,BID
2018-12-17 09:51:51,DIA,238.79,8,ASK
2018-12-17 09:51:52,DIA,238.74,7,BID
2018-12-17 09:51:52,DIA,238.77,2,ASK
2018-12-17 09:51:53,DIA,238.77,3,BID
2018-12-17 09:51:53,DIA,238.8,2,ASK
2018-12-17 09:51:55,DIA,238.74,21,BID
2018-12-17 09:51:55,DIA,238.77,3,ASK
2018-12-17 09:51:55,DIA,238.71,14,BID
2018-12-17 09:51:55,DIA,238.74,2,ASK
2018-12-17 09:51:56,DIA,238.75,5,BID
2018-12-17 09:51:56,DIA,238.78,2,ASK
2018-12-17 09:51:57,DIA,238.77,15,BID
2018-12-17 09:51:57,DIA,238.81,5,ASK
2018-12-17 09:51:58,DIA,238.78,11,BID
2018-12-17 09:51:58,DIA,238.81,11,ASK
2018-12-17 09:52:00,DIA,238.79,24,BID
2018-12-17 09:51:59,DIA,238.82,19,ASK
2018-12-17 09:52:00,DIA,238.78,10,BID
2018-12-17 09:52:00,DIA,238.81,15,ASK
2018-12-17 09:52:01,DIA,238.78,4,BID
2018-12-17 09:52:01,DIA,238.81,2,ASK
2018-12-17 09:52:01,DIA,238.8,10,BID
2018-12-17 09:52:01,DIA,238.83,7,ASK
2018-12-17 09:52:02,DIA,238.79,15,BID
2018-12-17 09:52:03,DIA,238.83,1,ASK
2018-12-17 09:52:04,DIA,238.79,7,BID
2018-12-17 09:52:04,DIA,238.82,5,ASK
2018-12-17 09:52:06,DIA,238.78,11,BID
2018-12-17 09:52:06,DIA,238.81,3,ASK
2018-12-17 09:52:06,DIA,238.8,7,BID
2018-12-17 09:52:02,DIA,238.84,14,ASK
2018-12-17 09:52:07,DIA,238.81,13,BID
2018-12-17 09:52:02,DIA,238.84,11,ASK
2018-12-17 09:52:08,DIA,238.8,9,BID
2018-12-17 09:52:08,DIA,238.83,8,ASK
2018-12-17 09:52:09,DIA,238.8,8,BID
2018-12-17 09:52:09,DIA,238.82,1,ASK
2018-12-17 09:52:10,DIA,238.75,1,BID
2018-12-17 09:52:10,DIA,238.79,7,ASK
2018-12-17 09:52:12,DIA,238.75,9,BID
2018-12-17 09:52:12,DIA,238.79,6,ASK
2018-12-17 09:52:12,DIA,238.75,7,BID
2018-12-17 09:52:12,DIA,238.79,12,ASK
2018-12-17 09:52:12,DIA,238.74,17,BID
2018-12-17 09:52:13,DIA,238.78,11,ASK
2018-12-17 09:52:14,DIA,238.73,14,BID
2018-12-17 09:52:14,DIA,238.76,1,ASK
2018-12-17 09:52:16,DIA,238.7,34,BID
2018-12-17 09:52:16,DIA,238.74,2,ASK
2018-12-17 09:52:16,DIA,238.72,1,BID
2018-12-17 09:52:16,DIA,238.73,6,ASK
2018-12-17 09:52:17,DIA,238.68,19,BID
2018-12-17 09:52:17,DIA,238.72,6,ASK
2018-12-17 09:52:18,DIA,238.66,13,BID
2018-12-17 09:52:18,DIA,238.7,5,ASK
2018-12-17 09:52:19,DIA,238.61,24,BID
2018-12-17 09:52:19,DIA,238.65,2,ASK
2018-12-17 09:52:20,DIA,238.65,1,BID
2018-12-17 09:52:20,DIA,238.66,6,ASK
2018-12-17 09:52:21,DIA,238.66,4,BID
2018-12-17 09:52:21,DIA,238.69,11,ASK
2018-12-17 09:52:23,DIA,238.66,4,BID
2018-12-17 09:52:22,DIA,238.69,6,ASK
2018-12-17 09:52:24,DIA,238.66,1,BID
2018-12-17 09:52:24,DIA,238.69,5,ASK
2018-12-17 09:52:25,DIA,238.65,22,BID
2018-12-17 09:52:24,DIA,238.69,6,ASK
2018-12-17 09:52:25,DIA,238.65,33,BID
2018-12-17 09:52:26,DIA,238.68,1,ASK
2018-12-17 09:52:26,DIA,238.66,2,BID
2018-12-17 09:52:26,DIA,238.69,9,ASK
2018-12-17 09:52:27,DIA,238.66,13,BID
2018-12-17 09:52:28,DIA,238.7,4,ASK
2018-12-17 09:52:28,DIA,238.71,1,BID
2018-12-17 09:52:27,DIA,238.73,13,ASK
2018-12-17 09:52:29,DIA,238.68,12,BID
2018-12-17 09:52:29,DIA,238.71,3,ASK
2018-12-17 09:52:30,DIA,238.67,10,BID
2018-12-17 09:52:30,DIA,238.7,3,ASK
2018-12-17 09:52:31,DIA,238.67,10,BID
2018-12-17 09:52:31,DIA,238.7,2,ASK
2018-12-17 09:52:33,DIA,238.7,1,BID
2018-12-17 09:52:29,DIA,238.72,9,ASK
2018-12-17 09:52:33,DIA,238.68,28,BID
2018-12-17 09:52:33,DIA,238.71,9,ASK
2018-12-17 09:52:34,DIA,238.68,26,BID
2018-12-17 09:52:34,DIA,238.72,5,ASK
2018-12-17 09:52:36,DIA,238.67,15,BID
2018-12-17 09:52:35,DIA,238.7,5,ASK
2018-12-17 09:52:36,DIA,238.67,18,BID
2018-12-17 09:52:36,DIA,238.7,8,ASK
2018-12-17 09:52:25,DIA,238.65,26,BID
2018-12-17 09:52:37,DIA,238.68,2,ASK
2018-12-17 09:52:25,DIA,238.65,26,BID
2018-12-17 09:52:39,DIA,238.68,3,ASK
2018-12-17 09:52:40,DIA,238.62,29,BID
2018-12-17 09:52:40,DIA,238.66,1,ASK
2018-12-17 09:52:40,DIA,238.62,29,BID
2018-12-17 09:52:40,DIA,238.66,6,ASK
2018-12-17 09:52:41,DIA,238.63,18,BID
2018-12-17 09:52:41,DIA,238.67,6,ASK
2018-12-17 09:52:42,DIA,238.69,1,BID
2018-12-17 09:52:42,DIA,238.72,9,ASK
2018-12-17 09:52:43,DIA,238.7,4,BID
2018-12-17 09:52:43,DIA,238.74,28,ASK
2018-12-17 09:52:45,DIA,238.7,16,BID
2018-12-17 09:52:45,DIA,238.72,1,ASK
2018-12-17 09:52:45,DIA,238.69,7,BID
2018-12-17 09:52:45,DIA,238.72,6,ASK
2018-12-17 09:52:47,DIA,238.7,12,BID
2018-12-17 09:52:47,DIA,238.74,6,ASK
2018-12-17 09:52:47,DIA,238.71,17,BID
2018-12-17 09:52:47,DIA,238.75,5,ASK
2018-12-17 09:52:48,DIA,238.72,10,BID
2018-12-17 09:52:49,DIA,238.75,2,ASK
2018-12-17 09:52:49,DIA,238.7,32,BID
2018-12-17 09:52:49,DIA,238.74,6,ASK
2018-12-17 09:52:50,DIA,238.73,25,BID
2018-12-17 09:52:51,DIA,238.77,5,ASK
2018-12-17 09:52:52,DIA,238.74,10,BID
2018-12-17 09:52:52,DIA,238.77,1,ASK
2018-12-17 09:52:50,DIA,238.73,26,BID
2018-12-17 09:52:53,DIA,238.77,5,ASK
2018-12-17 09:52:50,DIA,238.73,26,BID
2018-12-17 09:52:54,DIA,238.77,2,ASK
2018-12-17 09:52:50,DIA,238.72,20,BID
2018-12-17 09:52:54,DIA,238.77,8,ASK
2018-12-17 09:52:56,DIA,238.69,20,BID
2018-12-17 09:52:56,DIA,238.72,1,ASK
2018-12-17 09:52:56,DIA,238.72,26,BID
2018-12-17 09:52:56,DIA,238.75,10,ASK
2018-12-17 09:52:57,DIA,238.72,26,BID
2018-12-17 09:52:57,DIA,238.76,1,ASK
2018-12-17 09:52:59,DIA,238.73,7,BID
2018-12-17 09:52:59,DIA,238.76,1,ASK
2018-12-17 09:53:00,DIA,238.72,1,BID
2018-12-17 09:52:59,DIA,238.75,9,ASK
2018-12-17 09:53:01,DIA,238.73,4,BID
2018-12-17 09:53:01,DIA,238.75,2,ASK
2018-12-17 09:53:01,DIA,238.73,15,BID
2018-12-17 09:53:01,DIA,238.76,12,ASK
2018-12-17 09:53:03,DIA,238.74,1,BID
2018-12-17 09:53:03,DIA,238.76,10,ASK
2018-12-17 09:53:03,DIA,238.74,16,BID
2018-12-17 09:53:03,DIA,238.77,4,ASK
2018-12-17 09:53:04,DIA,238.73,16,BID
2018-12-17 09:53:05,DIA,238.77,6,ASK
2018-12-17 09:53:05,DIA,238.71,7,BID
2018-12-17 09:53:05,DIA,238.74,2,ASK
2018-12-17 09:53:06,DIA,238.7,22,BID
2018-12-17 09:53:07,DIA,238.74,5,ASK
2018-12-17 09:53:08,DIA,238.65,23,BID
2018-12-17 09:53:08,DIA,238.7,4,ASK
2018-12-17 09:53:09,DIA,238.62,30,BID
2018-12-17 09:53:09,DIA,238.66,1,ASK
2018-12-17 09:53:10,DIA,238.63,4,BID
2018-12-17 09:53:10,DIA,238.65,1,ASK
2018-12-17 09:53:11,DIA,238.66,1,BID
2018-12-17 09:53:11,DIA,238.68,3,ASK
2018-12-17 09:53:12,DIA,238.62,22,BID
2018-12-17 09:53:12,DIA,238.65,1,ASK
2018-12-17 09:53:13,DIA,238.67,2,BID
2018-12-17 09:53:13,DIA,238.68,7,ASK
2018-12-17 09:53:14,DIA,238.63,18,BID
2018-12-17 09:53:14,DIA,238.67,1,ASK
2018-12-17 09:53:14,DIA,238.65,10,BID
2018-12-17 09:53:15,DIA,238.69,4,ASK
2018-12-17 09:53:16,DIA,238.65,14,BID
2018-12-17 09:53:16,DIA,238.68,6,ASK
2018-12-17 09:53:17,DIA,238.68,3,BID
2018-12-17 09:53:07,DIA,238.72,12,ASK
2018-12-17 09:53:17,DIA,238.74,4,BID
2018-12-17 09:53:17,DIA,238.78,19,ASK
2018-12-17 09:53:18,DIA,238.8,2,BID
2018-12-17 09:53:18,DIA,238.83,21,ASK
2018-12-17 09:53:18,DIA,238.84,4,BID
2018-12-17 09:53:18,DIA,238.85,5,ASK
2018-12-17 09:53:18,DIA,238.79,14,BID
2018-12-17 09:53:18,DIA,238.84,7,ASK
2018-12-17 09:53:19,DIA,238.79,24,BID
2018-12-17 09:53:19,DIA,238.82,1,ASK
2018-12-17 09:53:21,DIA,238.78,2,BID
2018-12-17 09:53:21,DIA,238.81,8,ASK
2018-12-17 09:53:24,DIA,238.75,20,BID
2018-12-17 09:53:24,DIA,238.79,6,ASK
2018-12-17 09:53:25,DIA,238.76,1,BID
2018-12-17 09:53:25,DIA,238.79,3,ASK
2018-12-17 09:53:24,DIA,238.75,18,BID
2018-12-17 09:53:26,DIA,238.78,2,ASK
2018-12-17 09:53:27,DIA,238.71,19,BID
2018-12-17 09:53:27,DIA,238.76,12,ASK
2018-12-17 09:53:28,DIA,238.69,11,BID
2018-12-17 09:53:28,DIA,238.74,5,ASK
2018-12-17 09:53:29,DIA,238.69,23,BID
2018-12-17 09:53:29,DIA,238.73,2,ASK
2018-12-17 09:53:29,DIA,238.64,18,BID
2018-12-17 09:53:30,DIA,238.68,4,ASK
2018-12-17 09:53:12,DIA,238.62,27,BID
2018-12-17 09:53:30,DIA,238.66,2,ASK
2018-12-17 09:53:31,DIA,238.58,36,BID
2018-12-17 09:53:31,DIA,238.62,3,ASK
2018-12-17 09:53:32,DIA,238.58,20,BID
2018-12-17 09:53:32,DIA,238.61,2,ASK
2018-12-17 09:53:32,DIA,238.57,24,BID
2018-12-17 09:53:33,DIA,238.6,1,ASK
2018-12-17 09:53:32,DIA,238.57,24,BID
2018-12-17 09:53:34,DIA,238.61,6,ASK
2018-12-17 09:53:35,DIA,238.5,24,BID
2018-12-17 09:53:35,DIA,238.53,5,ASK
2018-12-17 09:53:35,DIA,238.5,27,BID
2018-12-17 09:53:35,DIA,238.53,7,ASK
2018-12-17 09:53:36,DIA,238.5,23,BID
2018-12-17 09:53:35,DIA,238.52,3,ASK
2018-12-17 09:53:38,DIA,238.5,23,BID
2018-12-17 09:53:38,DIA,238.53,8,ASK
2018-12-17 09:53:39,DIA,238.5,1,BID
2018-12-17 09:53:39,DIA,238.52,3,ASK
2018-12-17 09:53:39,DIA,238.48,19,BID
2018-12-17 09:53:40,DIA,238.52,2,ASK
2018-12-17 09:53:42,DIA,238.49,4,BID
2018-12-17 09:53:42,DIA,238.52,4,ASK
2018-12-17 09:53:43,DIA,238.49,21,BID
2018-12-17 09:53:43,DIA,238.53,8,ASK
2018-12-17 09:53:42,DIA,238.48,33,BID
2018-12-17 09:53:44,DIA,238.51,4,ASK
2018-12-17 09:53:42,DIA,238.48,29,BID
2018-12-17 09:53:45,DIA,238.52,8,ASK
2018-12-17 09:53:46,DIA,238.49,7,BID
2018-12-17 09:53:46,DIA,238.52,4,ASK
2018-12-17 09:53:46,DIA,238.48,43,BID
2018-12-17 09:53:47,DIA,238.52,3,ASK
2018-12-17 09:53:46,DIA,238.48,38,BID
2018-12-17 09:53:48,DIA,238.52,4,ASK
2018-12-17 09:53:48,DIA,238.48,49,BID
2018-12-17 09:53:49,DIA,238.51,2,ASK
2018-12-17 09:53:50,DIA,238.5,33,BID
2018-12-17 09:53:50,DIA,238.53,8,ASK
2018-12-17 09:53:51,DIA,238.52,17,BID
2018-12-17 09:53:51,DIA,238.54,16,ASK
2018-12-17 09:53:52,DIA,238.55,8,BID
2018-12-17 09:53:52,DIA,238.57,4,ASK
2018-12-17 09:53:52,DIA,238.58,2,BID
2018-12-17 09:53:52,DIA,238.61,2,ASK
2018-12-17 09:53:53,DIA,238.61,1,BID
2018-12-17 09:53:53,DIA,238.64,7,ASK
2018-12-17 09:53:54,DIA,238.62,21,BID
2018-12-17 09:53:54,DIA,238.66,7,ASK
2018-12-17 09:53:55,DIA,238.59,13,BID
2018-12-17 09:53:56,DIA,238.62,2,ASK
2018-12-17 09:53:57,DIA,238.59,23,BID
2018-12-17 09:53:57,DIA,238.64,10,ASK
2018-12-17 09:53:58,DIA,238.57,4,BID
2018-12-17 09:53:57,DIA,238.6,3,ASK
2018-12-17 09:53:58,DIA,238.56,29,BID
2018-12-17 09:53:58,DIA,238.6,5,ASK
2018-12-17 09:53:59,DIA,238.56,21,BID
2018-12-17 09:54:00,DIA,238.59,3,ASK
2018-12-17 09:54:01,DIA,238.58,3,BID
2018-12-17 09:54:01,DIA,238.59,3,ASK
2018-12-17 09:54:01,DIA,238.58,3,BID
2018-12-17 09:54:02,DIA,238.6,9,ASK
2018-12-17 09:54:02,DIA,238.58,22,BID
2018-12-17 09:54:03,DIA,238.61,3,ASK
2018-12-17 09:54:04,DIA,238.61,1,BID
2018-12-17 09:54:04,DIA,238.64,9,ASK
2018-12-17 09:54:05,DIA,238.61,14,BID
2018-12-17 09:54:05,DIA,238.64,6,ASK
2018-12-17 09:54:06,DIA,238.63,5,BID
2018-12-17 09:54:06,DIA,238.67,17,ASK
2018-12-17 09:54:07,DIA,238.65,14,BID
2018-12-17 09:54:06,DIA,238.67,20,ASK
2018-12-17 09:54:07,DIA,238.65,29,BID
2018-12-17 09:54:07,DIA,238.7,28,ASK
2018-12-17 09:54:08,DIA,238.66,3,BID
2018-12-17 09:54:08,DIA,238.69,14,ASK
2018-12-17 09:54:09,DIA,238.69,1,BID
2018-12-17 09:54:09,DIA,238.69,7,ASK
2018-12-17 09:54:09,DIA,238.66,32,BID
2018-12-17 09:54:09,DIA,238.7,14,ASK
2018-12-17 09:54:10,DIA,238.67,11,BID
2018-12-17 09:54:09,DIA,238.7,13,ASK
2018-12-17 09:54:10,DIA,238.66,20,BID
2018-12-17 09:54:09,DIA,238.7,22,ASK
2018-12-17 09:54:12,DIA,238.66,35,BID
2018-12-17 09:54:13,DIA,238.7,20,ASK
2018-12-17 09:54:14,DIA,238.65,4,BID
2018-12-17 09:54:14,DIA,238.67,4,ASK
2018-12-17 09:54:15,DIA,238.67,3,BID
2018-12-17 09:54:15,DIA,238.7,18,ASK
2018-12-17 09:54:16,DIA,238.69,15,BID
2018-12-17 09:54:16,DIA,238.73,16,ASK
2018-12-17 09:54:17,DIA,238.7,4,BID
2018-12-17 09:54:16,DIA,238.73,25,ASK
2018-12-17 09:54:18,DIA,238.74,6,BID
2018-12-17 09:54:18,DIA,238.78,5,ASK
2018-12-17 09:54:19,DIA,238.73,2,BID
2018-12-17 09:54:19,DIA,238.77,7,ASK
2018-12-17 09:54:21,DIA,238.73,11,BID
2018-12-17 09:54:21,DIA,238.76,6,ASK
2018-12-17 09:54:17,DIA,238.7,22,BID
2018-12-17 09:54:22,DIA,238.74,2,ASK
2018-12-17 09:54:23,DIA,238.72,10,BID
2018-12-17 09:54:23,DIA,238.76,7,ASK
2018-12-17 09:54:24,DIA,238.71,1,BID
2018-12-17 09:54:24,DIA,238.74,3,ASK
2018-12-17 09:54:25,DIA,238.76,3,BID
2018-12-17 09:54:25,DIA,238.79,7,ASK
2018-12-17 09:54:26,DIA,238.72,13,BID
2018-12-17 09:54:26,DIA,238.76,2,ASK
2018-12-17 09:54:27,DIA,238.76,1,BID
2018-12-17 09:54:27,DIA,238.77,12,ASK
2018-12-17 09:54:28,DIA,238.72,11,BID
2018-12-17 09:54:28,DIA,238.75,1,ASK
2018-12-17 09:54:28,DIA,238.73,2,BID
2018-12-17 09:54:28,DIA,238.77,8,ASK
2018-12-17 09:54:30,DIA,238.76,22,BID
2018-12-17 09:54:30,DIA,238.8,8,ASK
2018-12-17 09:54:31,DIA,238.77,15,BID
2018-12-17 09:54:31,DIA,238.8,4,ASK
2018-12-17 09:54:32,DIA,238.75,2,BID
2018-12-17 09:54:32,DIA,238.78,4,ASK
2018-12-17 09:54:33,DIA,238.73,24,BID
2018-12-17 09:54:33,DIA,238.77,6,ASK
2018-12-17 09:54:34,DIA,238.74,32,BID
2018-12-17 09:54:34,DIA,238.77,2,ASK
2018-12-17 09:54:35,DIA,238.78,1,BID
2018-12-17 09:54:35,DIA,238.81,8,ASK
2018-12-17 09:54:36,DIA,238.79,4,BID
2018-12-17 09:54:36,DIA,238.83,6,ASK
2018-12-17 09:54:37,DIA,238.8,3,BID
2018-12-17 09:54:37,DIA,238.83,7,ASK
2018-12-17 09:54:38,DIA,238.79,20,BID
2018-12-17 09:54:38,DIA,238.83,9,ASK
2018-12-17 09:54:34,DIA,238.74,40,BID
2018-12-17 09:54:39,DIA,238.78,5,ASK
2018-12-17 09:54:28,DIA,238.72,18,BID
2018-12-17 09:54:40,DIA,238.76,2,ASK
2018-12-17 09:54:41,DIA,238.72,27,BID
2018-12-17 09:54:41,DIA,238.76,1,ASK
2018-12-17 09:54:42,DIA,238.72,35,BID
2018-12-17 09:54:42,DIA,238.73,1,ASK
2018-12-17 09:54:43,DIA,238.76,2,BID
2018-12-17 09:54:39,DIA,238.79,6,ASK
2018-12-17 09:54:44,DIA,238.77,4,BID
2018-12-17 09:54:44,DIA,238.81,11,ASK
2018-12-17 09:54:44,DIA,238.77,24,BID
2018-12-17 09:54:44,DIA,238.81,5,ASK
2018-12-17 09:54:46,DIA,238.78,1,BID
2018-12-17 09:54:46,DIA,238.81,1,ASK
2018-12-17 09:54:46,DIA,238.77,19,BID
2018-12-17 09:54:47,DIA,238.79,1,ASK
2018-12-17 09:54:46,DIA,238.77,15,BID
2018-12-17 09:54:47,DIA,238.81,10,ASK
2018-12-17 09:54:49,DIA,238.76,19,BID
2018-12-17 09:54:49,DIA,238.8,8,ASK
2018-12-17 09:54:50,DIA,238.78,2,BID
2018-12-17 09:54:50,DIA,238.82,14,ASK
2018-12-17 09:54:50,DIA,238.76,40,BID
2018-12-17 09:54:51,DIA,238.79,4,ASK
2018-12-17 09:54:51,DIA,238.76,40,BID
2018-12-17 09:54:51,DIA,238.8,5,ASK
2018-12-17 09:54:53,DIA,238.77,11,BID
2018-12-17 09:54:53,DIA,238.81,24,ASK
2018-12-17 09:54:54,DIA,238.79,5,BID
2018-12-17 09:54:54,DIA,238.83,14,ASK
2018-12-17 09:54:55,DIA,238.8,30,BID
2018-12-17 09:54:55,DIA,238.83,3,ASK
2018-12-17 09:54:56,DIA,238.8,34,BID
2018-12-17 09:54:56,DIA,238.84,16,ASK
2018-12-17 09:54:56,DIA,238.8,32,BID
2018-12-17 09:54:57,DIA,238.83,1,ASK
2018-12-17 09:54:57,DIA,238.8,38,BID
2018-12-17 09:54:58,DIA,238.84,8,ASK
2018-12-17 09:54:59,DIA,238.77,18,BID
2018-12-17 09:54:59,DIA,238.8,7,ASK
2018-12-17 09:55:00,DIA,238.8,4,BID
2018-12-17 09:54:58,DIA,238.84,7,ASK
2018-12-17 09:55:01,DIA,238.88,9,BID
2018-12-17 09:55:01,DIA,238.91,12,ASK
2018-12-17 09:55:01,DIA,238.86,7,BID
2018-12-17 09:55:01,DIA,238.87,1,ASK
2018-12-17 09:55:01,DIA,238.85,11,BID
2018-12-17 09:55:01,DIA,238.88,7,ASK
2018-12-17 09:55:02,DIA,238.88,4,BID
2018-12-17 09:55:02,DIA,238.91,4,ASK
2018-12-17 09:55:03,DIA,238.89,3,BID
2018-12-17 09:55:03,DIA,238.93,19,ASK
2018-12-17 09:55:04,DIA,238.9,7,BID
2018-12-17 09:55:04,DIA,238.94,29,ASK
2018-12-17 09:55:04,DIA,238.9,16,BID
2018-12-17 09:55:04,DIA,238.94,22,ASK
2018-12-17 09:55:04,DIA,238.92,4,BID
2018-12-17 09:55:04,DIA,238.95,16,ASK
2018-12-17 09:55:05,DIA,238.91,12,BID
2018-12-17 09:55:05,DIA,238.94,5,ASK
2018-12-17 09:55:08,DIA,238.89,6,BID
2018-12-17 09:55:08,DIA,238.92,1,ASK
2018-12-17 09:55:09,DIA,238.88,28,BID
2018-12-17 09:55:09,DIA,238.91,1,ASK
2018-12-17 09:55:11,DIA,238.92,1,BID
2018-12-17 09:55:11,DIA,238.94,2,ASK
2018-12-17 09:55:12,DIA,238.92,6,BID
2018-12-17 09:55:12,DIA,238.96,4,ASK
2018-12-17 09:55:14,DIA,238.93,21,BID
2018-12-17 09:55:14,DIA,238.97,7,ASK
2018-12-17 09:55:15,DIA,238.94,27,BID
2018-12-17 09:55:15,DIA,238.99,5,ASK
2018-12-17 09:55:16,DIA,238.95,1,BID
2018-12-17 09:55:16,DIA,238.98,2,ASK
2018-12-17 09:55:17,DIA,238.94,36,BID
2018-12-17 09:55:17,DIA,238.98,2,ASK
2018-12-17 09:55:18,DIA,238.94,14,BID
2018-12-17 09:55:18,DIA,238.97,7,ASK
2018-12-17 09:55:18,DIA,238.94,13,BID
2018-12-17 09:55:19,DIA,238.97,12,ASK
2018-12-17 09:55:20,DIA,238.91,5,BID
2018-12-17 09:55:20,DIA,238.94,1,ASK
2018-12-17 09:55:21,DIA,238.91,4,BID
2018-12-17 09:55:20,DIA,238.95,9,ASK
2018-12-17 09:55:20,DIA,238.9,30,BID
2018-12-17 09:55:22,DIA,238.94,1,ASK
2018-12-17 09:55:23,DIA,238.91,3,BID
2018-12-17 09:55:22,DIA,238.95,19,ASK
2018-12-17 09:55:24,DIA,238.88,18,BID
2018-12-17 09:55:24,DIA,238.91,1,ASK
2018-12-17 09:55:25,DIA,238.83,10,BID
2018-12-17 09:55:25,DIA,238.87,2,ASK
2018-12-17 09:55:26,DIA,238.85,12,BID
2018-12-17 09:55:26,DIA,238.88,7,ASK
2018-12-17 09:55:27,DIA,238.85,12,BID
2018-12-17 09:55:28,DIA,238.88,6,ASK
2018-12-17 09:55:28,DIA,238.89,1,BID
2018-12-17 09:55:28,DIA,238.9,16,ASK
2018-12-17 09:55:29,DIA,238.87,1,BID
2018-12-17 09:55:29,DIA,238.9,6,ASK
2018-12-17 09:55:30,DIA,238.87,9,BID
2018-12-17 09:55:30,DIA,238.9,6,ASK
2018-12-17 09:55:31,DIA,238.89,24,BID
2018-12-17 09:55:31,DIA,238.93,7,ASK
2018-12-17 09:55:31,DIA,238.88,29,BID
2018-12-17 09:55:32,DIA,238.93,4,ASK
2018-12-17 09:55:33,DIA,238.9,4,BID
2018-12-17 09:55:33,DIA,238.92,3,ASK
2018-12-17 09:55:34,DIA,238.9,4,BID
2018-12-17 09:55:34,DIA,238.93,7,ASK
2018-12-17 09:55:35,DIA,238.88,34,BID
2018-12-17 09:55:35,DIA,238.91,1,ASK
2018-12-17 09:55:37,DIA,238.88,26,BID
2018-12-17 09:55:37,DIA,238.9,1,ASK
2018-12-17 09:55:37,DIA,238.85,21,BID
2018-12-17 09:55:37,DIA,238.89,2,ASK
2018-12-17 09:55:38,DIA,238.87,2,BID
2018-12-17 09:55:38,DIA,238.89,4,ASK
2018-12-17 09:55:39,DIA,238.87,6,BID
2018-12-17 09:55:39,DIA,238.9,9,ASK
2018-12-17 09:55:41,DIA,238.87,8,BID
2018-12-17 09:55:41,DIA,238.91,1,ASK
2018-12-17 09:55:41,DIA,238.84,6,BID
2018-12-17 09:55:41,DIA,238.88,5,ASK
2018-12-17 09:55:43,DIA,238.81,12,BID
2018-12-17 09:55:43,DIA,238.85,1,ASK
2018-12-17 09:55:43,DIA,238.82,3,BID
2018-12-17 09:55:43,DIA,238.85,5,ASK
2018-12-17 09:55:44,DIA,238.85,13,BID
2018-12-17 09:55:44,DIA,238.89,10,ASK
2018-12-17 09:55:45,DIA,238.86,2,BID
2018-12-17 09:55:44,DIA,238.89,12,ASK
2018-12-17 09:55:46,DIA,238.86,1,BID
2018-12-17 09:55:44,DIA,238.89,12,ASK
2018-12-17 09:55:47,DIA,238.86,1,BID
2018-12-17 09:55:44,DIA,238.89,12,ASK
2018-12-17 09:55:47,DIA,238.86,1,BID
2018-12-17 09:55:44,DIA,238.89,12,ASK
2018-12-17 09:55:49,DIA,238.88,10,BID
2018-12-17 09:55:49,DIA,238.9,5,ASK
2018-12-17 09:55:49,DIA,238.88,10,BID
2018-12-17 09:55:49,DIA,238.9,5,ASK
2018-12-17 09:55:51,DIA,238.86,10,BID
2018-12-17 09:55:51,DIA,238.88,8,ASK
2018-12-17 09:55:52,DIA,238.86,16,BID
2018-12-17 09:55:52,DIA,238.89,1,ASK
2018-12-17 09:55:52,DIA,238.86,12,BID
2018-12-17 09:55:53,DIA,238.89,4,ASK
2018-12-17 09:55:52,DIA,238.86,13,BID
2018-12-17 09:55:54,DIA,238.89,3,ASK
2018-12-17 09:55:52,DIA,238.86,28,BID
2018-12-17 09:55:51,DIA,238.9,12,ASK
2018-12-17 09:55:57,DIA,238.84,24,BID
2018-12-17 09:55:57,DIA,238.87,7,ASK
2018-12-17 09:55:57,DIA,238.85,2,BID
2018-12-17 09:55:57,DIA,238.88,4,ASK
2018-12-17 09:55:58,DIA,238.85,1,BID
2018-12-17 09:55:58,DIA,238.89,4,ASK
2018-12-17 09:55:59,DIA,238.84,23,BID
2018-12-17 09:55:59,DIA,238.87,4,ASK
2018-12-17 09:56:00,DIA,238.85,14,BID
2018-12-17 09:56:00,DIA,238.89,5,ASK
2018-12-17 09:56:02,DIA,238.82,17,BID
2018-12-17 09:56:02,DIA,238.86,2,ASK
2018-12-17 09:56:03,DIA,238.82,1,BID
2018-12-17 09:56:03,DIA,238.85,6,ASK
2018-12-17 09:56:03,DIA,238.82,18,BID
2018-12-17 09:56:03,DIA,238.86,13,ASK
2018-12-17 09:56:03,DIA,238.82,15,BID
2018-12-17 09:56:03,DIA,238.86,13,ASK
2018-12-17 09:56:05,DIA,238.83,7,BID
2018-12-17 09:56:03,DIA,238.86,13,ASK
2018-12-17 09:56:03,DIA,238.82,27,BID
2018-12-17 09:56:03,DIA,238.86,13,ASK
2018-12-17 09:56:07,DIA,238.85,4,BID
2018-12-17 09:56:07,DIA,238.89,4,ASK
2018-12-17 09:56:08,DIA,238.86,5,BID
2018-12-17 09:56:08,DIA,238.88,2,ASK
2018-12-17 09:56:09,DIA,238.85,14,BID
2018-12-17 09:56:08,DIA,238.89,4,ASK
2018-12-17 09:56:11,DIA,238.87,1,BID
2018-12-17 09:56:11,DIA,238.9,5,ASK
2018-12-17 09:56:11,DIA,238.88,12,BID
2018-12-17 09:56:11,DIA,238.92,21,ASK
2018-12-17 09:56:11,DIA,238.88,19,BID
2018-12-17 09:56:11,DIA,238.92,21,ASK
2018-12-17 09:56:13,DIA,238.88,28,BID
2018-12-17 09:56:11,DIA,238.92,13,ASK
2018-12-17 09:56:15,DIA,238.86,12,BID
2018-12-17 09:56:15,DIA,238.88,1,ASK
2018-12-17 09:56:16,DIA,238.88,3,BID
2018-12-17 09:56:16,DIA,238.91,5,ASK
2018-12-17 09:56:16,DIA,238.88,19,BID
2018-12-17 09:56:16,DIA,238.91,1,ASK
2018-12-17 09:56:16,DIA,238.88,19,BID
2018-12-17 09:56:16,DIA,238.91,1,ASK
2018-12-17 09:56:18,DIA,238.92,16,BID
2018-12-17 09:56:18,DIA,238.95,4,ASK
2018-12-17 09:56:19,DIA,238.9,7,BID
2018-12-17 09:56:19,DIA,238.93,1,ASK
2018-12-17 09:56:21,DIA,238.88,21,BID
2018-12-17 09:56:21,DIA,238.91,1,ASK
2018-12-17 09:56:21,DIA,238.88,28,BID
2018-12-17 09:56:21,DIA,238.92,4,ASK
2018-12-17 09:56:21,DIA,238.88,16,BID
2018-12-17 09:56:23,DIA,238.91,4,ASK
2018-12-17 09:56:24,DIA,238.89,2,BID
2018-12-17 09:56:24,DIA,238.91,5,ASK
2018-12-17 09:56:24,DIA,238.89,12,BID
2018-12-17 09:56:24,DIA,238.91,1,ASK
2018-12-17 09:56:24,DIA,238.89,12,BID
2018-12-17 09:56:25,DIA,238.91,8,ASK
2018-12-17 09:56:24,DIA,238.89,12,BID
2018-12-17 09:56:26,DIA,238.92,13,ASK
2018-12-17 09:56:27,DIA,238.94,2,BID
2018-12-17 09:56:27,DIA,238.98,9,ASK
2018-12-17 09:56:28,DIA,238.92,26,BID
2018-12-17 09:56:28,DIA,238.95,1,ASK
2018-12-17 09:56:29,DIA,238.9,23,BID
2018-12-17 09:56:29,DIA,238.93,1,ASK
2018-12-17 09:56:31,DIA,238.88,12,BID
2018-12-17 09:56:31,DIA,238.91,7,ASK
2018-12-17 09:56:32,DIA,238.87,1,BID
2018-12-17 09:56:32,DIA,238.89,1,ASK
2018-12-17 09:56:33,DIA,238.86,2,BID
2018-12-17 09:56:33,DIA,238.9,5,ASK
2018-12-17 09:56:33,DIA,238.87,9,BID
2018-12-17 09:56:34,DIA,238.91,7,ASK
2018-12-17 09:56:34,DIA,238.88,5,BID
2018-12-17 09:56:34,DIA,238.92,7,ASK
2018-12-17 09:56:33,DIA,238.86,9,BID
2018-12-17 09:56:35,DIA,238.89,1,ASK
2018-12-17 09:56:37,DIA,238.85,1,BID
2018-12-17 09:56:37,DIA,238.89,4,ASK
2018-12-17 09:56:37,DIA,238.81,22,BID
2018-12-17 09:56:37,DIA,238.85,2,ASK
2018-12-17 09:56:39,DIA,238.84,7,BID
2018-12-17 09:56:39,DIA,238.86,1,ASK
2018-12-17 09:56:39,DIA,238.85,21,BID
2018-12-17 09:56:40,DIA,238.89,6,ASK
2018-12-17 09:56:38,DIA,238.83,16,BID
2018-12-17 09:56:40,DIA,238.87,5,ASK
2018-12-17 09:56:41,DIA,238.82,14,BID
2018-12-17 09:56:42,DIA,238.86,1,ASK
2018-12-17 09:56:42,DIA,238.82,1,BID
2018-12-17 09:56:42,DIA,238.86,6,ASK
2018-12-17 09:56:44,DIA,238.84,1,BID
2018-12-17 09:56:44,DIA,238.87,6,ASK
2018-12-17 09:56:45,DIA,238.83,13,BID
2018-12-17 09:56:45,DIA,238.87,5,ASK
2018-12-17 09:56:45,DIA,238.87,5,BID
2018-12-17 09:56:45,DIA,238.91,3,ASK
2018-12-17 09:56:47,DIA,238.85,6,BID
2018-12-17 09:56:47,DIA,238.87,1,ASK
2018-12-17 09:56:48,DIA,238.83,15,BID
2018-12-17 09:56:48,DIA,238.85,4,ASK
2018-12-17 09:56:49,DIA,238.84,2,BID
2018-12-17 09:56:47,DIA,238.87,4,ASK
2018-12-17 09:56:49,DIA,238.84,26,BID
2018-12-17 09:56:49,DIA,238.88,7,ASK
2018-12-17 09:56:51,DIA,238.86,1,BID
2018-12-17 09:56:51,DIA,238.89,1,ASK
2018-12-17 09:56:52,DIA,238.87,3,BID
2018-12-17 09:56:52,DIA,238.9,4,ASK
2018-12-17 09:56:53,DIA,238.87,3,BID
2018-12-17 09:56:53,DIA,238.91,4,ASK
2018-12-17 09:56:54,DIA,238.87,4,BID
2018-12-17 09:56:53,DIA,238.9,7,ASK
2018-12-17 09:56:54,DIA,238.87,12,BID
2018-12-17 09:56:55,DIA,238.9,5,ASK
2018-12-17 09:56:56,DIA,238.88,6,BID
2018-12-17 09:56:56,DIA,238.92,28,ASK
2018-12-17 09:56:56,DIA,238.88,3,BID
2018-12-17 09:56:57,DIA,238.92,28,ASK
2018-12-17 09:56:58,DIA,238.88,4,BID
2018-12-17 09:56:58,DIA,238.91,3,ASK
2018-12-17 09:56:59,DIA,238.89,2,BID
2018-12-17 09:56:59,DIA,238.91,6,ASK
2018-12-17 09:56:59,DIA,238.91,7,BID
2018-12-17 09:56:59,DIA,238.95,18,ASK
2018-12-17 09:57:01,DIA,238.92,3,BID
2018-12-17 09:57:01,DIA,238.95,7,ASK
2018-12-17 09:56:59,DIA,238.91,12,BID
2018-12-17 09:57:02,DIA,238.94,4,ASK
2018-12-17 09:56:59,DIA,238.91,12,BID
2018-12-17 09:57:02,DIA,238.94,4,ASK
2018-12-17 09:57:04,DIA,238.88,5,BID
2018-12-17 09:57:04,DIA,238.9,3,ASK
2018-12-17 09:57:04,DIA,238.84,10,BID
2018-12-17 09:57:04,DIA,238.87,6,ASK
2018-12-17 09:57:05,DIA,238.82,20,BID
2018-12-17 09:57:05,DIA,238.86,4,ASK
2018-12-17 09:57:05,DIA,238.82,20,BID
2018-12-17 09:57:07,DIA,238.86,3,ASK
2018-12-17 09:57:08,DIA,238.82,18,BID
2018-12-17 09:57:08,DIA,238.85,1,ASK
2018-12-17 09:57:08,DIA,238.82,11,BID
2018-12-17 09:57:09,DIA,238.85,5,ASK
2018-12-17 09:57:09,DIA,238.8,13,BID
2018-12-17 09:57:09,DIA,238.84,3,ASK
2018-12-17 09:57:11,DIA,238.8,14,BID
2018-12-17 09:57:11,DIA,238.83,14,ASK
2018-12-17 09:57:12,DIA,238.81,3,BID
2018-12-17 09:57:12,DIA,238.83,8,ASK
2018-12-17 09:57:13,DIA,238.75,11,BID
2018-12-17 09:57:13,DIA,238.79,1,ASK
2018-12-17 09:57:13,DIA,238.75,13,BID
2018-12-17 09:57:14,DIA,238.79,7,ASK
2018-12-17 09:57:15,DIA,238.76,4,BID
2018-12-17 09:57:15,DIA,238.8,16,ASK
2018-12-17 09:57:16,DIA,238.77,10,BID
2018-12-17 09:57:16,DIA,238.81,25,ASK
2018-12-17 09:57:17,DIA,238.77,6,BID
2018-12-17 09:57:17,DIA,238.81,18,ASK
2018-12-17 09:57:18,DIA,238.78,2,BID
2018-12-17 09:57:18,DIA,238.81,3,ASK
2018-12-17 09:57:18,DIA,238.78,2,BID
2018-12-17 09:57:18,DIA,238.82,21,ASK
2018-12-17 09:57:18,DIA,238.78,2,BID
2018-12-17 09:57:18,DIA,238.82,21,ASK
2018-12-17 09:57:20,DIA,238.78,2,BID
2018-12-17 09:57:18,DIA,238.82,19,ASK
2018-12-17 09:57:22,DIA,238.78,5,BID
2018-12-17 09:57:18,DIA,238.82,19,ASK
2018-12-17 09:57:22,DIA,238.78,3,BID
2018-12-17 09:57:23,DIA,238.81,3,ASK
2018-12-17 09:57:24,DIA,238.81,4,BID
2018-12-17 09:57:24,DIA,238.84,10,ASK
2018-12-17 09:57:17,DIA,238.77,5,BID
2018-12-17 09:57:24,DIA,238.8,5,ASK
2018-12-17 09:57:26,DIA,238.77,3,BID
2018-12-17 09:57:26,DIA,238.81,8,ASK
2018-12-17 09:57:27,DIA,238.81,7,BID
2018-12-17 09:57:24,DIA,238.84,19,ASK
2018-12-17 09:57:27,DIA,238.87,1,BID
2018-12-17 09:57:27,DIA,238.89,1,ASK
2018-12-17 09:57:29,DIA,238.9,6,BID
2018-12-17 09:57:29,DIA,238.94,11,ASK
2018-12-17 09:57:30,DIA,238.89,10,BID
2018-12-17 09:57:30,DIA,238.93,21,ASK
2018-12-17 09:57:30,DIA,238.89,10,BID
2018-12-17 09:57:30,DIA,238.93,21,ASK
2018-12-17 09:57:32,DIA,238.91,6,BID
2018-12-17 09:57:32,DIA,238.94,9,ASK
2018-12-17 09:57:33,DIA,238.93,2,BID
2018-12-17 09:57:33,DIA,238.97,11,ASK
2018-12-17 09:57:34,DIA,238.94,13,BID
2018-12-17 09:57:33,DIA,238.98,18,ASK
2018-12-17 09:57:34,DIA,238.98,11,BID
2018-12-17 09:57:35,DIA,239.01,18,ASK
2018-12-17 09:57:34,DIA,238.98,11,BID
2018-12-17 09:57:35,DIA,239.01,18,ASK
2018-12-17 09:57:36,DIA,238.97,5,BID
2018-12-17 09:57:37,DIA,239.0,3,ASK
2018-12-17 09:57:38,DIA,239.0,3,BID
2018-12-17 09:57:38,DIA,239.02,16,ASK
2018-12-17 09:57:38,DIA,239.01,5,BID
2018-12-17 09:57:38,DIA,239.04,42,ASK
2018-12-17 09:57:40,DIA,239.01,6,BID
2018-12-17 09:57:39,DIA,239.04,17,ASK
2018-12-17 09:57:41,DIA,239.02,2,BID
2018-12-17 09:57:41,DIA,239.05,17,ASK
2018-12-17 09:57:42,DIA,239.05,2,BID
2018-12-17 09:57:42,DIA,239.09,23,ASK
2018-12-17 09:57:42,DIA,239.06,4,BID
2018-12-17 09:57:42,DIA,239.08,1,ASK
2018-12-17 09:57:44,DIA,239.08,1,BID
2018-12-17 09:57:44,DIA,239.11,25,ASK
2018-12-17 09:57:44,DIA,239.06,6,BID
2018-12-17 09:57:44,DIA,239.09,8,ASK
2018-12-17 09:57:46,DIA,239.08,9,BID
2018-12-17 09:57:46,DIA,239.11,1,ASK
2018-12-17 09:57:42,DIA,239.04,17,BID
2018-12-17 09:57:47,DIA,239.07,5,ASK
2018-12-17 09:57:48,DIA,239.02,12,BID
2018-12-17 09:57:48,DIA,239.05,1,ASK
2018-12-17 09:57:49,DIA,239.01,7,BID
2018-12-17 09:57:49,DIA,239.05,9,ASK
2018-12-17 09:57:49,DIA,239.0,24,BID
2018-12-17 09:57:50,DIA,239.04,2,ASK
2018-12-17 09:57:51,DIA,239.02,7,BID
2018-12-17 09:57:49,DIA,239.05,11,ASK
2018-12-17 09:57:52,DIA,239.04,1,BID
2018-12-17 09:57:52,DIA,239.08,3,ASK
2018-12-17 09:57:52,DIA,239.02,6,BID
2018-12-17 09:57:53,DIA,239.06,1,ASK
2018-12-17 09:57:49,DIA,239.0,25,BID
2018-12-17 09:57:54,DIA,239.03,1,ASK
2018-12-17 09:57:49,DIA,239.0,20,BID
2018-12-17 09:57:55,DIA,239.04,21,ASK
2018-12-17 09:57:49,DIA,239.0,20,BID
2018-12-17 09:57:56,DIA,239.03,2,ASK
2018-12-17 09:57:57,DIA,238.99,7,BID
2018-12-17 09:57:57,DIA,239.03,8,ASK
2018-12-17 09:57:58,DIA,239.02,2,BID
2018-12-17 09:57:58,DIA,239.04,10,ASK
2018-12-17 09:57:58,DIA,239.02,2,BID
2018-12-17 09:57:58,DIA,239.04,10,ASK
2018-12-17 09:58:00,DIA,239.02,7,BID
2018-12-17 09:58:00,DIA,239.05,13,ASK
2018-12-17 09:58:01,DIA,239.05,5,BID
2018-12-17 09:58:00,DIA,239.08,28,ASK
2018-12-17 09:58:02,DIA,239.07,9,BID
2018-12-17 09:58:02,DIA,239.1,9,ASK
2018-12-17 09:58:03,DIA,239.08,2,BID
2018-12-17 09:58:02,DIA,239.12,3,ASK
2018-12-17 09:58:04,DIA,239.09,1,BID
2018-12-17 09:58:04,DIA,239.11,8,ASK
2018-12-17 09:58:05,DIA,239.07,4,BID
2018-12-17 09:58:05,DIA,239.1,23,ASK
2018-12-17 09:58:06,DIA,239.08,7,BID
2018-12-17 09:58:06,DIA,239.1,1,ASK
2018-12-17 09:58:07,DIA,239.07,3,BID
2018-12-17 09:58:07,DIA,239.1,6,ASK
2018-12-17 09:58:08,DIA,239.07,10,BID
2018-12-17 09:58:08,DIA,239.1,10,ASK
2018-12-17 09:58:09,DIA,239.09,7,BID
2018-12-17 09:58:09,DIA,239.12,11,ASK
2018-12-17 09:58:09,DIA,239.09,7,BID
2018-12-17 09:58:09,DIA,239.12,11,ASK
2018-12-17 09:58:08,DIA,239.08,12,BID
2018-12-17 09:58:11,DIA,239.12,13,ASK
2018-12-17 09:58:08,DIA,239.08,8,BID
2018-12-17 09:58:12,DIA,239.11,1,ASK
2018-12-17 09:58:13,DIA,239.1,1,BID
2018-12-17 09:58:12,DIA,239.12,11,ASK
2018-12-17 09:58:13,DIA,239.1,1,BID
2018-12-17 09:58:12,DIA,239.12,11,ASK
2018-12-17 09:58:15,DIA,239.07,9,BID
2018-12-17 09:58:15,DIA,239.1,1,ASK
2018-12-17 09:58:15,DIA,239.07,8,BID
2018-12-17 09:58:16,DIA,239.1,4,ASK
2018-12-17 09:58:17,DIA,239.06,14,BID
2018-12-17 09:58:17,DIA,239.1,5,ASK
2018-12-17 09:58:17,DIA,239.06,10,BID
2018-12-17 09:58:18,DIA,239.09,1,ASK
2018-12-17 09:58:19,DIA,239.08,2,BID
2018-12-17 09:58:19,DIA,239.12,20,ASK
2018-12-17 09:58:20,DIA,239.1,1,BID
2018-12-17 09:58:19,DIA,239.12,16,ASK
2018-12-17 09:58:21,DIA,239.13,8,BID
2018-12-17 09:58:21,DIA,239.17,16,ASK
2018-12-17 09:58:22,DIA,239.14,11,BID
2018-12-17 09:58:21,DIA,239.18,29,ASK
2018-12-17 09:58:22,DIA,239.15,3,BID
2018-12-17 09:58:23,DIA,239.18,26,ASK
2018-12-17 09:58:22,DIA,239.15,3,BID
2018-12-17 09:58:24,DIA,239.17,4,ASK
2018-12-17 09:58:25,DIA,239.16,1,BID
2018-12-17 09:58:25,DIA,239.19,7,ASK
2018-12-17 09:58:25,DIA,239.17,7,BID
2018-12-17 09:58:26,DIA,239.2,13,ASK
2018-12-17 09:58:27,DIA,239.19,6,BID
2018-12-17 09:58:27,DIA,239.21,2,ASK
2018-12-17 09:58:28,DIA,239.21,7,BID
2018-12-17 09:58:28,DIA,239.23,1,ASK
2018-12-17 09:58:29,DIA,239.21,22,BID
2018-12-17 09:58:29,DIA,239.24,1,ASK
2018-12-17 09:58:29,DIA,239.21,19,BID
2018-12-17 09:58:29,DIA,239.25,14,ASK
2018-12-17 09:58:31,DIA,239.22,2,BID
2018-12-17 09:58:31,DIA,239.25,14,ASK
2018-12-17 09:58:31,DIA,239.21,21,BID
2018-12-17 09:58:32,DIA,239.24,1,ASK
2018-12-17 09:58:33,DIA,239.22,3,BID
2018-12-17 09:58:31,DIA,239.25,16,ASK
2018-12-17 09:58:34,DIA,239.22,11,BID
2018-12-17 09:58:31,DIA,239.25,16,ASK
2018-12-17 09:58:35,DIA,239.23,6,BID
2018-12-17 09:58:35,DIA,239.26,1,ASK
2018-12-17 09:58:36,DIA,239.23,6,BID
2018-12-17 09:58:36,DIA,239.26,8,ASK
2018-12-17 09:58:37,DIA,239.22,13,BID
2018-12-17 09:58:37,DIA,239.24,9,ASK
2018-12-17 09:58:38,DIA,239.23,5,BID
2018-12-17 09:58:38,DIA,239.26,27,ASK
2018-12-17 09:58:39,DIA,239.23,8,BID
2018-12-17 09:58:39,DIA,239.26,15,ASK
2018-12-17 09:58:40,DIA,239.23,25,BID
2018-12-17 09:58:39,DIA,239.26,23,ASK
2018-12-17 09:58:40,DIA,239.25,8,BID
2018-12-17 09:58:41,DIA,239.29,10,ASK
2018-12-17 09:58:40,DIA,239.25,8,BID
2018-12-17 09:58:42,DIA,239.27,10,ASK
2018-12-17 09:58:42,DIA,239.24,4,BID
2018-12-17 09:58:43,DIA,239.27,14,ASK
2018-12-17 09:58:44,DIA,239.2,17,BID
2018-12-17 09:58:44,DIA,239.24,9,ASK
2018-12-17 09:58:45,DIA,239.22,1,BID
2018-12-17 09:58:45,DIA,239.25,9,ASK
2018-12-17 09:58:46,DIA,239.22,3,BID
2018-12-17 09:58:46,DIA,239.25,11,ASK
2018-12-17 09:58:47,DIA,239.22,8,BID
2018-12-17 09:58:47,DIA,239.26,27,ASK
2018-12-17 09:58:48,DIA,239.22,17,BID
2018-12-17 09:58:48,DIA,239.27,17,ASK
2018-12-17 09:58:49,DIA,239.25,3,BID
2018-12-17 09:58:41,DIA,239.29,27,ASK
2018-12-17 09:58:49,DIA,239.24,21,BID
2018-12-17 09:58:50,DIA,239.28,10,ASK
2018-12-17 09:58:51,DIA,239.25,9,BID
2018-12-17 09:58:51,DIA,239.28,1,ASK
2018-12-17 09:58:51,DIA,239.25,8,BID
2018-12-17 09:58:52,DIA,239.28,22,ASK
2018-12-17 09:58:53,DIA,239.22,24,BID
2018-12-17 09:58:53,DIA,239.26,10,ASK
2018-12-17 09:58:44,DIA,239.2,18,BID
2018-12-17 09:58:54,DIA,239.25,7,ASK
2018-12-17 09:58:55,DIA,239.18,6,BID
2018-12-17 09:58:55,DIA,239.21,20,ASK
2018-12-17 09:58:56,DIA,239.18,8,BID
2018-12-17 09:58:56,DIA,239.2,1,ASK
2018-12-17 09:58:57,DIA,239.18,1,BID
2018-12-17 09:58:57,DIA,239.21,7,ASK
2018-12-17 09:58:58,DIA,239.19,2,BID
2018-12-17 09:58:58,DIA,239.22,8,ASK
2018-12-17 09:58:59,DIA,239.19,6,BID
2018-12-17 09:58:59,DIA,239.22,1,ASK
2018-12-17 09:59:00,DIA,239.19,5,BID
2018-12-17 09:59:00,DIA,239.23,5,ASK
2018-12-17 09:59:00,DIA,239.18,6,BID
2018-12-17 09:59:01,DIA,239.21,5,ASK
2018-12-17 09:59:02,DIA,239.2,1,BID
2018-12-17 09:59:02,DIA,239.22,2,ASK
2018-12-17 09:59:03,DIA,239.18,19,BID
2018-12-17 09:59:02,DIA,239.22,7,ASK
2018-12-17 09:59:03,DIA,239.18,16,BID
2018-12-17 09:59:04,DIA,239.21,8,ASK
2018-12-17 09:59:03,DIA,239.18,16,BID
2018-12-17 09:59:05,DIA,239.2,8,ASK
2018-12-17 09:59:06,DIA,239.19,4,BID
2018-12-17 09:59:06,DIA,239.21,19,ASK
2018-12-17 09:59:07,DIA,239.17,5,BID
2018-12-17 09:59:07,DIA,239.21,27,ASK
2018-12-17 09:59:08,DIA,239.18,2,BID
2018-12-17 09:59:07,DIA,239.21,35,ASK
2018-12-17 09:59:09,DIA,239.19,5,BID
2018-12-17 09:59:09,DIA,239.22,2,ASK
2018-12-17 09:59:10,DIA,239.19,5,BID
2018-12-17 09:59:10,DIA,239.21,1,ASK
2018-12-17 09:59:11,DIA,239.19,6,BID
2018-12-17 09:59:11,DIA,239.22,8,ASK
2018-12-17 09:59:12,DIA,239.2,2,BID
2018-12-17 09:59:11,DIA,239.23,19,ASK
2018-12-17 09:59:13,DIA,239.22,7,BID
2018-12-17 09:59:13,DIA,239.25,22,ASK
2018-12-17 09:59:14,DIA,239.2,3,BID
2018-12-17 09:59:14,DIA,239.23,17,ASK
2018-12-17 09:59:15,DIA,239.2,9,BID
2018-12-17 09:59:15,DIA,239.24,30,ASK
2018-12-17 09:59:16,DIA,239.23,2,BID
2018-12-17 09:59:16,DIA,239.25,1,ASK
2018-12-17 09:59:17,DIA,239.23,5,BID
2018-12-17 09:59:17,DIA,239.25,4,ASK
2018-12-17 09:59:15,DIA,239.2,8,BID
2018-12-17 09:59:18,DIA,239.23,1,ASK
2018-12-17 09:59:19,DIA,239.23,1,BID
2018-12-17 09:59:19,DIA,239.26,31,ASK
2018-12-17 09:59:20,DIA,239.23,4,BID
2018-12-17 09:59:19,DIA,239.26,31,ASK
2018-12-17 09:59:21,DIA,239.22,2,BID
2018-12-17 09:59:21,DIA,239.25,3,ASK
2018-12-17 09:59:22,DIA,239.18,5,BID
2018-12-17 09:59:22,DIA,239.22,2,ASK
2018-12-17 09:59:23,DIA,239.16,18,BID
2018-12-17 09:59:23,DIA,239.2,1,ASK
2018-12-17 09:59:24,DIA,239.21,13,BID
2018-12-17 09:59:24,DIA,239.22,18,ASK
2018-12-17 09:59:25,DIA,239.23,5,BID
2018-12-17 09:59:22,DIA,239.25,9,ASK
2018-12-17 09:59:26,DIA,239.21,5,BID
2018-12-17 09:59:26,DIA,239.25,27,ASK
2018-12-17 09:59:27,DIA,239.22,5,BID
2018-12-17 09:59:19,DIA,239.26,33,ASK
2018-12-17 09:59:28,DIA,239.22,1,BID
2018-12-17 09:59:28,DIA,239.25,17,ASK
2018-12-17 09:59:29,DIA,239.22,1,BID
2018-12-17 09:59:28,DIA,239.25,17,ASK
2018-12-17 09:59:30,DIA,239.19,6,BID
2018-12-17 09:59:30,DIA,239.22,20,ASK
2018-12-17 09:59:31,DIA,239.21,4,BID
2018-12-17 09:59:31,DIA,239.25,30,ASK
2018-12-17 09:59:32,DIA,239.21,4,BID
2018-12-17 09:59:32,DIA,239.24,7,ASK
2018-12-17 09:59:34,DIA,239.22,1,BID
2018-12-17 09:59:32,DIA,239.25,30,ASK
2018-12-17 09:59:35,DIA,239.23,3,BID
2018-12-17 09:59:19,DIA,239.26,52,ASK
2018-12-17 09:59:36,DIA,239.24,5,BID
2018-12-17 09:59:36,DIA,239.28,13,ASK
2018-12-17 09:59:36,DIA,239.32,7,BID
2018-12-17 09:59:36,DIA,239.34,6,ASK
2018-12-17 09:59:36,DIA,239.34,4,BID
2018-12-17 09:59:36,DIA,239.38,12,ASK
2018-12-17 09:59:37,DIA,239.35,2,BID
2018-12-17 09:59:36,DIA,239.38,16,ASK
2018-12-17 09:59:38,DIA,239.37,2,BID
2018-12-17 09:59:38,DIA,239.4,24,ASK
2018-12-17 09:59:38,DIA,239.39,4,BID
2018-12-17 09:59:38,DIA,239.41,17,ASK
2018-12-17 09:59:40,DIA,239.4,7,BID
2018-12-17 09:59:40,DIA,239.44,34,ASK
2018-12-17 09:59:42,DIA,239.37,11,BID
2018-12-17 09:59:42,DIA,239.4,7,ASK
2018-12-17 09:59:43,DIA,239.31,12,BID
2018-12-17 09:59:43,DIA,239.35,2,ASK
2018-12-17 09:59:45,DIA,239.31,1,BID
2018-12-17 09:59:45,DIA,239.34,4,ASK
2018-12-17 09:59:46,DIA,239.31,9,BID
2018-12-17 09:59:46,DIA,239.35,11,ASK
2018-12-17 09:59:46,DIA,239.31,29,BID
2018-12-17 09:59:47,DIA,239.35,1,ASK
2018-12-17 09:59:47,DIA,239.33,11,BID
2018-12-17 09:59:47,DIA,239.36,17,ASK
2018-12-17 09:59:49,DIA,239.34,13,BID
2018-12-17 09:59:48,DIA,239.37,23,ASK
2018-12-17 09:59:49,DIA,239.36,11,BID
2018-12-17 09:59:49,DIA,239.38,12,ASK
2018-12-17 09:59:50,DIA,239.46,1,BID
2018-12-17 09:59:50,DIA,239.49,9,ASK
2018-12-17 09:59:51,DIA,239.48,10,BID
2018-12-17 09:59:51,DIA,239.52,1,ASK
2018-12-17 09:59:52,DIA,239.53,3,BID
2018-12-17 09:59:52,DIA,239.56,4,ASK
2018-12-17 09:59:53,DIA,239.49,11,BID
2018-12-17 09:59:53,DIA,239.53,9,ASK
2018-12-17 09:59:54,DIA,239.57,1,BID
2018-12-17 09:59:54,DIA,239.59,22,ASK
2018-12-17 09:59:55,DIA,239.51,2,BID
2018-12-17 09:59:55,DIA,239.54,11,ASK
2018-12-17 09:59:55,DIA,239.54,11,BID
2018-12-17 09:59:55,DIA,239.57,1,ASK
2018-12-17 09:59:57,DIA,239.57,1,BID
2018-12-17 09:59:57,DIA,239.6,2,ASK
2018-12-17 09:59:58,DIA,239.54,31,BID
2018-12-17 09:59:59,DIA,239.58,1,ASK
2018-12-17 09:59:59,DIA,239.5,17,BID
2018-12-17 09:59:59,DIA,239.54,1,ASK
2018-12-17 10:00:00,DIA,239.5,6,BID
2018-12-17 10:00:00,DIA,239.52,1,ASK
2018-12-17 10:00:00,DIA,239.41,3,BID
2018-12-17 10:00:00,DIA,239.46,6,ASK
2018-12-17 10:00:01,DIA,239.39,5,BID
2018-12-17 10:00:01,DIA,239.43,4,ASK
2018-12-17 10:00:02,DIA,239.41,1,BID
2018-12-17 10:00:02,DIA,239.43,9,ASK
2018-12-17 10:00:02,DIA,239.42,18,BID
2018-12-17 10:00:02,DIA,239.46,4,ASK
2018-12-17 10:00:02,DIA,239.41,25,BID
2018-12-17 10:00:03,DIA,239.45,2,ASK
2018-12-17 10:00:03,DIA,239.41,27,BID
2018-12-17 10:00:04,DIA,239.44,1,ASK
2018-12-17 10:00:05,DIA,239.42,3,BID
2018-12-17 10:00:05,DIA,239.44,1,ASK
2018-12-17 10:00:07,DIA,239.37,7,BID
2018-12-17 10:00:07,DIA,239.4,9,ASK
2018-12-17 10:00:07,DIA,239.37,2,BID
2018-12-17 10:00:07,DIA,239.4,10,ASK
2018-12-17 10:00:08,DIA,239.44,17,BID
2018-12-17 10:00:08,DIA,239.48,1,ASK
2018-12-17 10:00:08,DIA,239.41,2,BID
2018-12-17 10:00:08,DIA,239.45,16,ASK
2018-12-17 10:00:09,DIA,239.42,11,BID
2018-12-17 10:00:09,DIA,239.45,2,ASK
2018-12-17 10:00:10,DIA,239.37,14,BID
2018-12-17 10:00:10,DIA,239.39,1,ASK
2018-12-17 10:00:10,DIA,239.39,1,BID
2018-12-17 10:00:10,DIA,239.42,3,ASK
2018-12-17 10:00:12,DIA,239.4,2,BID
2018-12-17 10:00:12,DIA,239.44,17,ASK
2018-12-17 10:00:12,DIA,239.37,18,BID
2018-12-17 10:00:14,DIA,239.4,8,ASK
2018-12-17 10:00:15,DIA,239.42,1,BID
2018-12-17 10:00:15,DIA,239.44,24,ASK
2018-12-17 10:00:15,DIA,239.39,11,BID
2018-12-17 10:00:15,DIA,239.44,7,ASK
2018-12-17 10:00:17,DIA,239.4,1,BID
2018-12-17 10:00:17,DIA,239.43,9,ASK
2018-12-17 10:00:19,DIA,239.39,11,BID
2018-12-17 10:00:19,DIA,239.43,7,ASK
2018-12-17 10:00:22,DIA,239.33,3,BID
2018-12-17 10:00:22,DIA,239.37,4,ASK
2018-12-17 09:59:46,DIA,239.31,25,BID
2018-12-17 10:00:22,DIA,239.34,7,ASK
2018-12-17 10:00:24,DIA,239.3,14,BID
2018-12-17 10:00:24,DIA,239.32,1,ASK
2018-12-17 10:00:25,DIA,239.31,1,BID
2018-12-17 10:00:25,DIA,239.34,9,ASK
2018-12-17 10:00:26,DIA,239.31,16,BID
2018-12-17 10:00:26,DIA,239.35,2,ASK
2018-12-17 10:00:26,DIA,239.26,1,BID
2018-12-17 10:00:26,DIA,239.29,2,ASK
2018-12-17 10:00:27,DIA,239.25,14,BID
2018-12-17 10:00:27,DIA,239.28,3,ASK
2018-12-17 10:00:29,DIA,239.22,16,BID
2018-12-17 10:00:29,DIA,239.26,2,ASK
2018-12-17 10:00:29,DIA,239.24,36,BID
2018-12-17 10:00:29,DIA,239.28,12,ASK
2018-12-17 10:00:30,DIA,239.31,17,BID
2018-12-17 10:00:30,DIA,239.33,10,ASK
2018-12-17 10:00:31,DIA,239.3,15,BID
2018-12-17 10:00:31,DIA,239.32,1,ASK
2018-12-17 10:00:33,DIA,239.3,22,BID
2018-12-17 10:00:33,DIA,239.33,6,ASK
2018-12-17 10:00:34,DIA,239.29,14,BID
2018-12-17 10:00:34,DIA,239.32,2,ASK
2018-12-17 10:00:35,DIA,239.27,1,BID
2018-12-17 10:00:35,DIA,239.3,5,ASK
2018-12-17 10:00:35,DIA,239.27,19,BID
2018-12-17 10:00:35,DIA,239.3,9,ASK
2018-12-17 10:00:36,DIA,239.26,3,BID
2018-12-17 10:00:35,DIA,239.3,10,ASK
2018-12-17 10:00:37,DIA,239.26,13,BID
2018-12-17 10:00:37,DIA,239.29,13,ASK
2018-12-17 10:00:38,DIA,239.27,4,BID
2018-12-17 10:00:38,DIA,239.3,3,ASK
2018-12-17 10:00:38,DIA,239.27,4,BID
2018-12-17 10:00:38,DIA,239.3,3,ASK
2018-12-17 10:00:41,DIA,239.26,19,BID
2018-12-17 10:00:41,DIA,239.29,4,ASK
2018-12-17 10:00:41,DIA,239.28,6,BID
2018-12-17 10:00:41,DIA,239.31,3,ASK
2018-12-17 10:00:43,DIA,239.28,6,BID
2018-12-17 10:00:43,DIA,239.31,3,ASK
2018-12-17 10:00:44,DIA,239.28,9,BID
2018-12-17 10:00:44,DIA,239.31,6,ASK
2018-12-17 10:00:44,DIA,239.28,9,BID
2018-12-17 10:00:44,DIA,239.31,6,ASK
2018-12-17 10:00:45,DIA,239.28,14,BID
2018-12-17 10:00:44,DIA,239.31,8,ASK
2018-12-17 10:00:47,DIA,239.27,27,BID
2018-12-17 10:00:47,DIA,239.31,13,ASK
2018-12-17 10:00:48,DIA,239.28,6,BID
2018-12-17 10:00:48,DIA,239.3,1,ASK
2018-12-17 10:00:48,DIA,239.29,2,BID
2018-12-17 10:00:48,DIA,239.31,12,ASK
2018-12-17 10:00:49,DIA,239.29,19,BID
2018-12-17 10:00:48,DIA,239.31,14,ASK
2018-12-17 10:00:47,DIA,239.27,26,BID
2018-12-17 10:00:48,DIA,239.31,14,ASK
2018-12-17 10:00:47,DIA,239.27,28,BID
2018-12-17 10:00:48,DIA,239.31,15,ASK
2018-12-17 10:00:47,DIA,239.27,28,BID
2018-12-17 10:00:53,DIA,239.3,1,ASK
2018-12-17 10:00:54,DIA,239.31,4,BID
2018-12-17 10:00:54,DIA,239.34,21,ASK
2018-12-17 10:00:54,DIA,239.37,1,BID
2018-12-17 10:00:54,DIA,239.4,3,ASK
2018-12-17 10:00:55,DIA,239.38,4,BID
2018-12-17 10:00:55,DIA,239.41,19,ASK
2018-12-17 10:00:56,DIA,239.4,7,BID
2018-12-17 10:00:56,DIA,239.44,6,ASK
2018-12-17 10:00:56,DIA,239.4,10,BID
2018-12-17 10:00:57,DIA,239.43,3,ASK
2018-12-17 10:00:58,DIA,239.42,3,BID
2018-12-17 10:00:58,DIA,239.46,21,ASK
2018-12-17 10:01:00,DIA,239.41,9,BID
2018-12-17 10:01:00,DIA,239.44,19,ASK
2018-12-17 10:01:00,DIA,239.41,17,BID
2018-12-17 10:01:01,DIA,239.45,7,ASK
2018-12-17 10:01:02,DIA,239.4,21,BID
2018-12-17 10:01:02,DIA,239.44,5,ASK
2018-12-17 10:01:03,DIA,239.39,10,BID
2018-12-17 10:01:03,DIA,239.42,2,ASK
2018-12-17 10:01:04,DIA,239.41,16,BID
2018-12-17 10:01:04,DIA,239.45,2,ASK
2018-12-17 10:01:04,DIA,239.41,19,BID
2018-12-17 10:01:05,DIA,239.46,9,ASK
2018-12-17 10:01:05,DIA,239.42,5,BID
2018-12-17 10:01:06,DIA,239.45,1,ASK
2018-12-17 10:01:06,DIA,239.42,8,BID
2018-12-17 10:01:07,DIA,239.45,1,ASK
2018-12-17 10:01:07,DIA,239.42,18,BID
2018-12-17 10:01:07,DIA,239.46,7,ASK
2018-12-17 10:01:09,DIA,239.43,5,BID
2018-12-17 10:01:09,DIA,239.47,1,ASK
2018-12-17 10:01:10,DIA,239.45,6,BID
2018-12-17 10:01:10,DIA,239.48,14,ASK
2018-12-17 10:01:10,DIA,239.46,5,BID
2018-12-17 10:01:10,DIA,239.5,8,ASK
2018-12-17 10:01:12,DIA,239.47,1,BID
2018-12-17 10:01:10,DIA,239.5,8,ASK
2018-12-17 10:01:12,DIA,239.5,6,BID
2018-12-17 10:01:12,DIA,239.52,1,ASK
2018-12-17 10:01:14,DIA,239.48,19,BID
2018-12-17 10:01:14,DIA,239.49,1,ASK
2018-12-17 10:01:15,DIA,239.46,23,BID
2018-12-17 10:01:15,DIA,239.49,1,ASK
2018-12-17 10:01:16,DIA,239.46,15,BID
2018-12-17 10:01:16,DIA,239.49,12,ASK
2018-12-17 10:01:16,DIA,239.47,6,BID
2018-12-17 10:01:16,DIA,239.51,7,ASK
2018-12-17 10:01:18,DIA,239.5,2,BID
2018-12-17 10:01:18,DIA,239.53,1,ASK
2018-12-17 10:01:19,DIA,239.51,8,BID
2018-12-17 10:01:19,DIA,239.55,18,ASK
2018-12-17 10:01:19,DIA,239.5,12,BID
2018-12-17 10:01:20,DIA,239.53,6,ASK
2018-12-17 10:01:19,DIA,239.5,21,BID
2018-12-17 10:01:21,DIA,239.52,1,ASK
2018-12-17 10:01:21,DIA,239.49,10,BID
2018-12-17 10:01:22,DIA,239.53,8,ASK
2018-12-17 10:01:23,DIA,239.51,10,BID
2018-12-17 10:01:23,DIA,239.53,1,ASK
2018-12-17 10:01:23,DIA,239.51,10,BID
2018-12-17 10:01:23,DIA,239.55,6,ASK
2018-12-17 10:01:23,DIA,239.51,11,BID
2018-12-17 10:01:25,DIA,239.55,5,ASK
2018-12-17 10:01:26,DIA,239.49,10,BID
2018-12-17 10:01:25,DIA,239.53,3,ASK
2018-12-17 10:01:27,DIA,239.49,5,BID
2018-12-17 10:01:26,DIA,239.53,5,ASK
2018-12-17 10:01:28,DIA,239.47,5,BID
2018-12-17 10:01:28,DIA,239.5,7,ASK
2018-12-17 10:01:29,DIA,239.48,6,BID
2018-12-17 10:01:29,DIA,239.51,2,ASK
2018-12-17 10:01:30,DIA,239.48,5,BID
2018-12-17 10:01:30,DIA,239.51,2,ASK
2018-12-17 10:01:31,DIA,239.49,4,BID
2018-12-17 10:01:31,DIA,239.53,14,ASK
2018-12-17 10:01:32,DIA,239.48,11,BID
2018-12-17 10:01:31,DIA,239.53,15,ASK
2018-12-17 10:01:33,DIA,239.52,7,BID
2018-12-17 10:01:33,DIA,239.55,1,ASK
2018-12-17 10:01:34,DIA,239.5,5,BID
2018-12-17 10:01:34,DIA,239.53,1,ASK
2018-12-17 10:01:34,DIA,239.54,8,BID
2018-12-17 10:01:34,DIA,239.56,2,ASK
2018-12-17 10:01:36,DIA,239.5,17,BID
2018-12-17 10:01:36,DIA,239.54,8,ASK
2018-12-17 10:01:37,DIA,239.48,7,BID
2018-12-17 10:01:37,DIA,239.52,14,ASK
2018-12-17 10:01:37,DIA,239.5,11,BID
2018-12-17 10:01:37,DIA,239.52,1,ASK
2018-12-17 10:01:38,DIA,239.52,7,BID
2018-12-17 10:01:38,DIA,239.56,8,ASK
2018-12-17 10:01:39,DIA,239.52,16,BID
2018-12-17 10:01:39,DIA,239.56,26,ASK
2018-12-17 10:01:40,DIA,239.51,6,BID
2018-12-17 10:01:40,DIA,239.55,12,ASK
2018-12-17 10:01:40,DIA,239.5,30,BID
2018-12-17 10:01:42,DIA,239.54,19,ASK
2018-12-17 10:01:43,DIA,239.52,7,BID
2018-12-17 10:01:39,DIA,239.56,28,ASK
2018-12-17 10:01:40,DIA,239.5,26,BID
2018-12-17 10:01:44,DIA,239.54,1,ASK
2018-12-17 10:01:45,DIA,239.51,7,BID
2018-12-17 10:01:45,DIA,239.55,3,ASK
2018-12-17 10:01:46,DIA,239.51,2,BID
2018-12-17 10:01:46,DIA,239.54,6,ASK
2018-12-17 10:01:47,DIA,239.53,1,BID
2018-12-17 10:01:39,DIA,239.56,28,ASK
2018-12-17 10:01:47,DIA,239.53,1,BID
2018-12-17 10:01:39,DIA,239.56,31,ASK
2018-12-17 10:01:49,DIA,239.54,6,BID
2018-12-17 10:01:48,DIA,239.58,20,ASK
2018-12-17 10:01:50,DIA,239.53,5,BID
2018-12-17 10:01:49,DIA,239.58,24,ASK
2018-12-17 10:01:50,DIA,239.51,12,BID
2018-12-17 10:01:50,DIA,239.54,24,ASK
2018-12-17 10:01:52,DIA,239.46,28,BID
2018-12-17 10:01:52,DIA,239.49,1,ASK
2018-12-17 10:01:53,DIA,239.44,28,BID
2018-12-17 10:01:53,DIA,239.48,2,ASK
2018-12-17 10:01:54,DIA,239.43,15,BID
2018-12-17 10:01:54,DIA,239.46,4,ASK
2018-12-17 10:01:55,DIA,239.42,23,BID
2018-12-17 10:01:55,DIA,239.46,5,ASK
2018-12-17 10:01:55,DIA,239.49,11,BID
2018-12-17 10:01:55,DIA,239.53,7,ASK
2018-12-17 10:01:56,DIA,239.49,4,BID
2018-12-17 10:01:56,DIA,239.51,2,ASK
2018-12-17 10:01:58,DIA,239.5,3,BID
2018-12-17 10:01:58,DIA,239.53,21,ASK
2018-12-17 10:01:59,DIA,239.49,7,BID
2018-12-17 10:01:59,DIA,239.52,18,ASK
2018-12-17 10:02:00,DIA,239.46,15,BID
2018-12-17 10:02:00,DIA,239.49,2,ASK
2018-12-17 10:02:01,DIA,239.46,6,BID
2018-12-17 10:02:01,DIA,239.5,16,ASK
2018-12-17 10:02:01,DIA,239.47,1,BID
2018-12-17 10:02:01,DIA,239.5,26,ASK
2018-12-17 10:02:03,DIA,239.44,3,BID
2018-12-17 10:02:03,DIA,239.48,18,ASK
2018-12-17 10:02:04,DIA,239.43,4,BID
2018-12-17 10:02:04,DIA,239.47,34,ASK
2018-12-17 10:02:05,DIA,239.43,4,BID
2018-12-17 10:02:04,DIA,239.47,34,ASK
2018-12-17 10:02:06,DIA,239.43,4,BID
2018-12-17 10:02:04,DIA,239.47,31,ASK
2018-12-17 10:02:07,DIA,239.45,1,BID
2018-12-17 10:02:07,DIA,239.48,17,ASK
2018-12-17 10:02:08,DIA,239.47,1,BID
2018-12-17 10:02:01,DIA,239.5,19,ASK
2018-12-17 10:02:08,DIA,239.44,7,BID
2018-12-17 10:02:09,DIA,239.48,3,ASK
2018-12-17 10:02:10,DIA,239.43,8,BID
2018-12-17 10:02:10,DIA,239.47,2,ASK
2018-12-17 10:02:10,DIA,239.43,8,BID
2018-12-17 10:02:11,DIA,239.47,23,ASK
2018-12-17 10:02:12,DIA,239.43,5,BID
2018-12-17 10:02:12,DIA,239.45,1,ASK
2018-12-17 10:02:13,DIA,239.4,5,BID
2018-12-17 10:02:13,DIA,239.44,16,ASK
2018-12-17 10:02:14,DIA,239.38,15,BID
2018-12-17 10:02:14,DIA,239.42,2,ASK
2018-12-17 10:02:15,DIA,239.38,3,BID
2018-12-17 10:02:15,DIA,239.41,7,ASK
2018-12-17 10:02:16,DIA,239.37,1,BID
2018-12-17 10:02:16,DIA,239.4,2,ASK
2018-12-17 10:02:17,DIA,239.38,7,BID
2018-12-17 10:02:17,DIA,239.42,26,ASK
2018-12-17 10:02:18,DIA,239.38,4,BID
2018-12-17 10:02:18,DIA,239.41,2,ASK
2018-12-17 10:02:19,DIA,239.4,3,BID
2018-12-17 10:02:19,DIA,239.44,22,ASK
2018-12-17 10:02:19,DIA,239.4,15,BID
2018-12-17 10:02:19,DIA,239.44,18,ASK
2018-12-17 10:02:21,DIA,239.42,3,BID
2018-12-17 10:02:20,DIA,239.45,12,ASK
2018-12-17 10:02:22,DIA,239.43,1,BID
2018-12-17 10:02:20,DIA,239.45,12,ASK
2018-12-17 10:02:21,DIA,239.42,7,BID
2018-12-17 10:02:20,DIA,239.45,13,ASK
2018-12-17 10:02:20,DIA,239.4,19,BID
2018-12-17 10:02:24,DIA,239.43,3,ASK
2018-12-17 10:02:25,DIA,239.4,3,BID
2018-12-17 10:02:25,DIA,239.43,3,ASK
2018-12-17 10:02:25,DIA,239.4,3,BID
2018-12-17 10:02:25,DIA,239.43,3,ASK
2018-12-17 10:02:25,DIA,239.4,3,BID
2018-12-17 10:02:25,DIA,239.43,3,ASK
2018-12-17 10:02:28,DIA,239.39,10,BID
2018-12-17 10:02:27,DIA,239.43,21,ASK
2018-12-17 10:02:29,DIA,239.37,4,BID
2018-12-17 10:02:29,DIA,239.41,14,ASK
2018-12-17 10:02:29,DIA,239.36,19,BID
2018-12-17 10:02:30,DIA,239.39,1,ASK
2018-12-17 10:02:31,DIA,239.36,20,BID
2018-12-17 10:02:31,DIA,239.39,5,ASK
2018-12-17 10:02:31,DIA,239.36,20,BID
2018-12-17 10:02:32,DIA,239.39,13,ASK
2018-12-17 10:02:33,DIA,239.37,4,BID
2018-12-17 10:02:33,DIA,239.4,14,ASK
2018-12-17 10:02:33,DIA,239.37,13,BID
2018-12-17 10:02:30,DIA,239.41,21,ASK
2018-12-17 10:02:35,DIA,239.4,2,BID
2018-12-17 10:02:35,DIA,239.44,16,ASK
2018-12-17 10:02:35,DIA,239.41,4,BID
2018-12-17 10:02:35,DIA,239.44,5,ASK
2018-12-17 10:02:37,DIA,239.38,4,BID
2018-12-17 10:02:37,DIA,239.42,14,ASK
2018-12-17 10:02:37,DIA,239.38,4,BID
2018-12-17 10:02:37,DIA,239.42,14,ASK
2018-12-17 10:02:39,DIA,239.38,13,BID
2018-12-17 10:02:39,DIA,239.42,5,ASK
2018-12-17 10:02:33,DIA,239.36,33,BID
2018-12-17 10:02:40,DIA,239.4,11,ASK
2018-12-17 10:02:33,DIA,239.36,24,BID
2018-12-17 10:02:41,DIA,239.39,7,ASK
2018-12-17 10:02:42,DIA,239.33,13,BID
2018-12-17 10:02:42,DIA,239.37,9,ASK
2018-12-17 10:02:43,DIA,239.34,8,BID
2018-12-17 10:02:43,DIA,239.37,2,ASK
2018-12-17 10:02:44,DIA,239.34,1,BID
2018-12-17 10:02:44,DIA,239.37,4,ASK
2018-12-17 10:02:45,DIA,239.34,1,BID
2018-12-17 10:02:44,DIA,239.38,16,ASK
2018-12-17 10:02:45,DIA,239.38,8,BID
2018-12-17 10:02:45,DIA,239.41,5,ASK
2018-12-17 10:02:47,DIA,239.38,13,BID
2018-12-17 10:02:45,DIA,239.42,13,ASK
2018-12-17 10:02:47,DIA,239.38,12,BID
2018-12-17 10:02:48,DIA,239.41,3,ASK
2018-12-17 10:02:49,DIA,239.37,1,BID
2018-12-17 10:02:49,DIA,239.39,3,ASK
2018-12-17 10:02:50,DIA,239.37,2,BID
2018-12-17 10:02:50,DIA,239.39,1,ASK
2018-12-17 10:02:51,DIA,239.37,5,BID
2018-12-17 10:02:51,DIA,239.4,7,ASK
2018-12-17 10:02:52,DIA,239.36,21,BID
2018-12-17 10:02:51,DIA,239.4,10,ASK
