timestamp,ticker,price,volume,bid_ask
2018-12-17 09:40:34,DIS,111.79,9,BID
2018-12-17 09:40:34,DIS,111.88,10,ASK
2018-12-17 09:40:36,DIS,111.8,4,BID
2018-12-17 09:40:36,DIS,111.88,10,ASK
2018-12-17 09:40:38,DIS,111.8,14,BID
2018-12-17 09:40:38,DIS,111.89,9,ASK
2018-12-17 09:40:38,DIS,111.8,14,BID
2018-12-17 09:40:38,DIS,111.88,9,ASK
2018-12-17 09:40:40,DIS,111.81,1,BID
2018-12-17 09:40:40,DIS,111.88,11,ASK
2018-12-17 09:40:38,DIS,111.8,15,BID
2018-12-17 09:40:40,DIS,111.88,6,ASK
2018-12-17 09:40:42,DIS,111.81,1,BID
2018-12-17 09:40:40,DIS,111.88,6,ASK
2018-12-17 09:40:42,DIS,111.81,1,BID
2018-12-17 09:40:40,DIS,111.88,6,ASK
2018-12-17 09:40:43,DIS,111.81,2,BID
2018-12-17 09:40:43,DIS,111.88,4,ASK
2018-12-17 09:40:44,DIS,111.85,1,BID
2018-12-17 09:40:44,DIS,111.89,10,ASK
2018-12-17 09:40:46,DIS,111.85,2,BID
2018-12-17 09:40:44,DIS,111.89,9,ASK
2018-12-17 09:40:47,DIS,111.85,3,BID
2018-12-17 09:40:47,DIS,111.91,3,ASK
2018-12-17 09:40:47,DIS,111.85,3,BID
2018-12-17 09:40:47,DIS,111.91,3,ASK
2018-12-17 09:40:47,DIS,111.85,3,BID
2018-12-17 09:40:47,DIS,111.91,3,ASK
2018-12-17 09:40:47,DIS,111.85,3,BID
2018-12-17 09:40:47,DIS,111.91,3,ASK
2018-12-17 09:40:47,DIS,111.85,4,BID
2018-12-17 09:40:50,DIS,111.91,3,ASK
2018-12-17 09:40:51,DIS,111.87,7,BID
2018-12-17 09:40:51,DIS,111.94,9,ASK
2018-12-17 09:40:51,DIS,111.87,13,BID
2018-12-17 09:40:52,DIS,111.93,6,ASK
2018-12-17 09:40:51,DIS,111.87,8,BID
2018-12-17 09:40:53,DIS,111.93,4,ASK
2018-12-17 09:40:51,DIS,111.87,8,BID
2018-12-17 09:40:53,DIS,111.93,4,ASK
2018-12-17 09:40:51,DIS,111.87,8,BID
2018-12-17 09:40:53,DIS,111.93,4,ASK
2018-12-17 09:40:57,DIS,111.86,1,BID
2018-12-17 09:40:57,DIS,111.89,19,ASK
2018-12-17 09:40:57,DIS,111.86,1,BID
2018-12-17 09:40:57,DIS,111.91,4,ASK
2018-12-17 09:40:57,DIS,111.86,1,BID
2018-12-17 09:40:57,DIS,111.91,4,ASK
2018-12-17 09:41:00,DIS,111.86,2,BID
2018-12-17 09:41:00,DIS,111.91,4,ASK
2018-12-17 09:41:01,DIS,111.86,3,BID
2018-12-17 09:41:01,DIS,111.91,4,ASK
2018-12-17 09:41:01,DIS,111.86,3,BID
2018-12-17 09:41:01,DIS,111.91,4,ASK
2018-12-17 09:41:01,DIS,111.86,3,BID
2018-12-17 09:41:01,DIS,111.91,4,ASK
2018-12-17 09:41:04,DIS,111.86,3,BID
2018-12-17 09:41:04,DIS,111.91,8,ASK
2018-12-17 09:41:04,DIS,111.86,3,BID
2018-12-17 09:41:04,DIS,111.89,1,ASK
2018-12-17 09:41:05,DIS,111.86,4,BID
2018-12-17 09:41:05,DIS,111.9,9,ASK
2018-12-17 09:41:06,DIS,111.86,4,BID
2018-12-17 09:41:06,DIS,111.88,5,ASK
2018-12-17 09:41:07,DIS,111.82,3,BID
2018-12-17 09:41:07,DIS,111.86,10,ASK
2018-12-17 09:41:08,DIS,111.8,10,BID
2018-12-17 09:41:08,DIS,111.84,12,ASK
2018-12-17 09:41:09,DIS,111.8,12,BID
2018-12-17 09:41:09,DIS,111.85,5,ASK
2018-12-17 09:41:09,DIS,111.8,12,BID
2018-12-17 09:41:09,DIS,111.85,3,ASK
2018-12-17 09:41:09,DIS,111.8,12,BID
2018-12-17 09:41:09,DIS,111.85,3,ASK
2018-12-17 09:41:08,DIS,111.8,12,BID
2018-12-17 09:41:09,DIS,111.85,3,ASK
2018-12-17 09:41:13,DIS,111.81,4,BID
2018-12-17 09:41:13,DIS,111.85,3,ASK
2018-12-17 09:41:14,DIS,111.81,7,BID
2018-12-17 09:41:14,DIS,111.85,8,ASK
2018-12-17 09:41:14,DIS,111.81,7,BID
2018-12-17 09:41:14,DIS,111.85,8,ASK
2018-12-17 09:41:15,DIS,111.81,7,BID
2018-12-17 09:41:15,DIS,111.85,8,ASK
2018-12-17 09:41:16,DIS,111.81,7,BID
2018-12-17 09:41:15,DIS,111.85,8,ASK
2018-12-17 09:41:16,DIS,111.81,7,BID
2018-12-17 09:41:15,DIS,111.85,8,ASK
2018-12-17 09:41:19,DIS,111.76,9,BID
2018-12-17 09:41:20,DIS,111.81,9,ASK
2018-12-17 09:41:19,DIS,111.76,9,BID
2018-12-17 09:41:20,DIS,111.81,9,ASK
2018-12-17 09:41:19,DIS,111.76,9,BID
2018-12-17 09:41:20,DIS,111.81,9,ASK
2018-12-17 09:41:19,DIS,111.76,9,BID
2018-12-17 09:41:22,DIS,111.8,1,ASK
2018-12-17 09:41:19,DIS,111.76,9,BID
2018-12-17 09:41:22,DIS,111.8,1,ASK
2018-12-17 09:41:19,DIS,111.76,9,BID
2018-12-17 09:41:20,DIS,111.81,8,ASK
2018-12-17 09:41:25,DIS,111.78,3,BID
2018-12-17 09:41:20,DIS,111.81,7,ASK
2018-12-17 09:41:26,DIS,111.78,6,BID
2018-12-17 09:41:26,DIS,111.81,8,ASK
2018-12-17 09:41:28,DIS,111.79,4,BID
2018-12-17 09:41:28,DIS,111.84,3,ASK
2018-12-17 09:41:29,DIS,111.79,4,BID
2018-12-17 09:41:28,DIS,111.85,16,ASK
2018-12-17 09:41:30,DIS,111.8,1,BID
2018-12-17 09:41:28,DIS,111.85,16,ASK
2018-12-17 09:41:30,DIS,111.81,10,BID
2018-12-17 09:41:30,DIS,111.86,8,ASK
2018-12-17 09:41:31,DIS,111.81,10,BID
2018-12-17 09:41:31,DIS,111.86,10,ASK
2018-12-17 09:41:30,DIS,111.8,6,BID
2018-12-17 09:41:32,DIS,111.86,11,ASK
2018-12-17 09:41:33,DIS,111.8,7,BID
2018-12-17 09:41:33,DIS,111.85,9,ASK
2018-12-17 09:41:33,DIS,111.8,7,BID
2018-12-17 09:41:33,DIS,111.85,9,ASK
2018-12-17 09:41:33,DIS,111.8,7,BID
2018-12-17 09:41:33,DIS,111.85,9,ASK
2018-12-17 09:41:36,DIS,111.8,2,BID
2018-12-17 09:41:36,DIS,111.83,10,ASK
2018-12-17 09:41:37,DIS,111.78,8,BID
2018-12-17 09:41:36,DIS,111.83,10,ASK
2018-12-17 09:41:39,DIS,111.79,11,BID
2018-12-17 09:41:39,DIS,111.84,15,ASK
2018-12-17 09:41:40,DIS,111.79,10,BID
2018-12-17 09:41:39,DIS,111.84,13,ASK
2018-12-17 09:41:41,DIS,111.79,12,BID
2018-12-17 09:41:41,DIS,111.83,5,ASK
2018-12-17 09:41:42,DIS,111.79,6,BID
2018-12-17 09:41:42,DIS,111.83,10,ASK
2018-12-17 09:41:42,DIS,111.79,6,BID
2018-12-17 09:41:42,DIS,111.83,10,ASK
2018-12-17 09:41:42,DIS,111.79,6,BID
2018-12-17 09:41:42,DIS,111.83,10,ASK
2018-12-17 09:41:44,DIS,111.79,8,BID
2018-12-17 09:41:44,DIS,111.83,10,ASK
2018-12-17 09:41:44,DIS,111.79,8,BID
2018-12-17 09:41:45,DIS,111.83,10,ASK
2018-12-17 09:41:47,DIS,111.79,4,BID
2018-12-17 09:41:47,DIS,111.83,10,ASK
2018-12-17 09:41:47,DIS,111.78,15,BID
2018-12-17 09:41:48,DIS,111.81,1,ASK
2018-12-17 09:41:49,DIS,111.79,8,BID
2018-12-17 09:41:49,DIS,111.83,10,ASK
2018-12-17 09:41:49,DIS,111.8,3,BID
2018-12-17 09:41:49,DIS,111.85,10,ASK
2018-12-17 09:41:50,DIS,111.8,8,BID
2018-12-17 09:41:50,DIS,111.83,2,ASK
2018-12-17 09:41:50,DIS,111.8,8,BID
2018-12-17 09:41:50,DIS,111.83,2,ASK
2018-12-17 09:41:52,DIS,111.82,7,BID
2018-12-17 09:41:52,DIS,111.88,4,ASK
2018-12-17 09:41:52,DIS,111.82,7,BID
2018-12-17 09:41:53,DIS,111.88,4,ASK
2018-12-17 09:41:52,DIS,111.82,7,BID
2018-12-17 09:41:53,DIS,111.87,5,ASK
2018-12-17 09:41:54,DIS,111.82,9,BID
2018-12-17 09:41:54,DIS,111.86,4,ASK
2018-12-17 09:41:55,DIS,111.82,10,BID
2018-12-17 09:41:55,DIS,111.86,4,ASK
2018-12-17 09:41:58,DIS,111.82,12,BID
2018-12-17 09:41:58,DIS,111.85,1,ASK
2018-12-17 09:41:58,DIS,111.79,10,BID
2018-12-17 09:41:58,DIS,111.85,12,ASK
2018-12-17 09:41:59,DIS,111.8,1,BID
2018-12-17 09:41:59,DIS,111.85,12,ASK
2018-12-17 09:42:01,DIS,111.74,3,BID
2018-12-17 09:42:00,DIS,111.8,9,ASK
2018-12-17 09:42:02,DIS,111.75,6,BID
2018-12-17 09:42:00,DIS,111.8,17,ASK
2018-12-17 09:42:02,DIS,111.75,6,BID
2018-12-17 09:42:00,DIS,111.8,17,ASK
2018-12-17 09:42:02,DIS,111.75,6,BID
2018-12-17 09:42:00,DIS,111.8,17,ASK
2018-12-17 09:42:02,DIS,111.75,6,BID
2018-12-17 09:42:00,DIS,111.8,17,ASK
2018-12-17 09:42:06,DIS,111.74,6,BID
2018-12-17 09:42:06,DIS,111.78,3,ASK
2018-12-17 09:42:07,DIS,111.75,5,BID
2018-12-17 09:42:00,DIS,111.8,15,ASK
2018-12-17 09:42:07,DIS,111.76,2,BID
2018-12-17 09:42:07,DIS,111.8,11,ASK
2018-12-17 09:42:07,DIS,111.76,2,BID
2018-12-17 09:42:07,DIS,111.8,11,ASK
2018-12-17 09:42:07,DIS,111.76,2,BID
2018-12-17 09:42:07,DIS,111.8,11,ASK
2018-12-17 09:42:07,DIS,111.76,2,BID
2018-12-17 09:42:07,DIS,111.8,11,ASK
2018-12-17 09:42:07,DIS,111.76,2,BID
2018-12-17 09:42:07,DIS,111.8,11,ASK
2018-12-17 09:42:13,DIS,111.75,5,BID
2018-12-17 09:42:13,DIS,111.8,7,ASK
2018-12-17 09:42:13,DIS,111.75,5,BID
2018-12-17 09:42:13,DIS,111.8,7,ASK
2018-12-17 09:42:15,DIS,111.75,5,BID
2018-12-17 09:42:15,DIS,111.8,12,ASK
2018-12-17 09:42:16,DIS,111.75,5,BID
2018-12-17 09:42:16,DIS,111.8,8,ASK
2018-12-17 09:42:16,DIS,111.75,5,BID
2018-12-17 09:42:16,DIS,111.8,8,ASK
2018-12-17 09:42:16,DIS,111.75,5,BID
2018-12-17 09:42:16,DIS,111.8,8,ASK
2018-12-17 09:42:19,DIS,111.74,1,BID
2018-12-17 09:42:19,DIS,111.76,7,ASK
2018-12-17 09:42:19,DIS,111.75,3,BID
2018-12-17 09:42:19,DIS,111.8,12,ASK
2018-12-17 09:42:19,DIS,111.75,4,BID
2018-12-17 09:42:19,DIS,111.79,3,ASK
2018-12-17 09:42:22,DIS,111.75,3,BID
2018-12-17 09:42:22,DIS,111.79,3,ASK
2018-12-17 09:42:23,DIS,111.72,12,BID
2018-12-17 09:42:23,DIS,111.75,1,ASK
2018-12-17 09:42:23,DIS,111.72,12,BID
2018-12-17 09:42:23,DIS,111.75,1,ASK
2018-12-17 09:42:23,DIS,111.72,12,BID
2018-12-17 09:42:23,DIS,111.75,1,ASK
2018-12-17 09:42:25,DIS,111.73,1,BID
2018-12-17 09:42:25,DIS,111.75,1,ASK
2018-12-17 09:42:27,DIS,111.75,2,BID
2018-12-17 09:42:27,DIS,111.81,11,ASK
2018-12-17 09:42:27,DIS,111.76,2,BID
2018-12-17 09:42:27,DIS,111.8,3,ASK
2018-12-17 09:42:27,DIS,111.76,3,BID
2018-12-17 09:42:28,DIS,111.8,3,ASK
2018-12-17 09:42:27,DIS,111.76,3,BID
2018-12-17 09:42:30,DIS,111.8,6,ASK
2018-12-17 09:42:27,DIS,111.76,3,BID
2018-12-17 09:42:30,DIS,111.8,6,ASK
2018-12-17 09:42:27,DIS,111.76,3,BID
2018-12-17 09:42:31,DIS,111.8,8,ASK
2018-12-17 09:42:27,DIS,111.76,3,BID
2018-12-17 09:42:31,DIS,111.8,9,ASK
2018-12-17 09:42:27,DIS,111.76,3,BID
2018-12-17 09:42:31,DIS,111.8,9,ASK
2018-12-17 09:42:27,DIS,111.76,3,BID
2018-12-17 09:42:31,DIS,111.8,9,ASK
2018-12-17 09:42:36,DIS,111.77,4,BID
2018-12-17 09:42:31,DIS,111.8,8,ASK
2018-12-17 09:42:37,DIS,111.79,3,BID
2018-12-17 09:42:37,DIS,111.84,1,ASK
2018-12-17 09:42:38,DIS,111.79,3,BID
2018-12-17 09:42:38,DIS,111.84,7,ASK
2018-12-17 09:42:38,DIS,111.79,3,BID
2018-12-17 09:42:38,DIS,111.84,7,ASK
2018-12-17 09:42:40,DIS,111.77,6,BID
2018-12-17 09:42:40,DIS,111.81,4,ASK
2018-12-17 09:42:40,DIS,111.79,1,BID
2018-12-17 09:42:40,DIS,111.83,5,ASK
2018-12-17 09:42:41,DIS,111.79,2,BID
2018-12-17 09:42:41,DIS,111.84,9,ASK
2018-12-17 09:42:42,DIS,111.79,2,BID
2018-12-17 09:42:42,DIS,111.84,10,ASK
2018-12-17 09:42:44,DIS,111.81,2,BID
2018-12-17 09:42:44,DIS,111.86,4,ASK
2018-12-17 09:42:45,DIS,111.81,2,BID
2018-12-17 09:42:45,DIS,111.83,5,ASK
2018-12-17 09:42:46,DIS,111.79,10,BID
2018-12-17 09:42:46,DIS,111.83,5,ASK
2018-12-17 09:42:46,DIS,111.79,4,BID
2018-12-17 09:42:47,DIS,111.83,5,ASK
2018-12-17 09:42:46,DIS,111.79,4,BID
2018-12-17 09:42:47,DIS,111.83,5,ASK
2018-12-17 09:42:49,DIS,111.77,8,BID
2018-12-17 09:42:49,DIS,111.81,9,ASK
2018-12-17 09:42:49,DIS,111.77,9,BID
2018-12-17 09:42:50,DIS,111.8,8,ASK
2018-12-17 09:42:51,DIS,111.75,5,BID
2018-12-17 09:42:51,DIS,111.79,10,ASK
2018-12-17 09:42:52,DIS,111.75,5,BID
2018-12-17 09:42:51,DIS,111.79,10,ASK
2018-12-17 09:42:53,DIS,111.75,4,BID
2018-12-17 09:42:53,DIS,111.8,3,ASK
2018-12-17 09:42:54,DIS,111.78,3,BID
2018-12-17 09:42:54,DIS,111.82,14,ASK
2018-12-17 09:42:54,DIS,111.78,3,BID
2018-12-17 09:42:54,DIS,111.82,14,ASK
2018-12-17 09:42:56,DIS,111.78,5,BID
2018-12-17 09:42:55,DIS,111.82,14,ASK
2018-12-17 09:42:54,DIS,111.77,3,BID
2018-12-17 09:42:55,DIS,111.82,14,ASK
2018-12-17 09:42:58,DIS,111.77,4,BID
2018-12-17 09:42:55,DIS,111.82,14,ASK
2018-12-17 09:42:58,DIS,111.77,4,BID
2018-12-17 09:42:55,DIS,111.82,14,ASK
2018-12-17 09:43:00,DIS,111.77,4,BID
2018-12-17 09:42:59,DIS,111.82,15,ASK
2018-12-17 09:43:01,DIS,111.77,4,BID
2018-12-17 09:42:59,DIS,111.82,15,ASK
2018-12-17 09:43:01,DIS,111.77,4,BID
2018-12-17 09:42:59,DIS,111.82,15,ASK
2018-12-17 09:43:01,DIS,111.77,4,BID
2018-12-17 09:42:59,DIS,111.82,15,ASK
2018-12-17 09:43:04,DIS,111.77,4,BID
2018-12-17 09:42:59,DIS,111.82,15,ASK
2018-12-17 09:43:04,DIS,111.77,4,BID
2018-12-17 09:42:59,DIS,111.82,15,ASK
2018-12-17 09:43:04,DIS,111.77,4,BID
2018-12-17 09:42:59,DIS,111.82,15,ASK
2018-12-17 09:43:04,DIS,111.77,4,BID
2018-12-17 09:42:59,DIS,111.82,15,ASK
2018-12-17 09:43:04,DIS,111.77,4,BID
2018-12-17 09:42:59,DIS,111.82,15,ASK
2018-12-17 09:43:04,DIS,111.77,4,BID
2018-12-17 09:43:09,DIS,111.83,10,ASK
2018-12-17 09:43:09,DIS,111.76,6,BID
2018-12-17 09:43:09,DIS,111.82,13,ASK
2018-12-17 09:42:53,DIS,111.75,9,BID
2018-12-17 09:43:11,DIS,111.8,3,ASK
2018-12-17 09:43:12,DIS,111.77,1,BID
2018-12-17 09:43:11,DIS,111.81,9,ASK
2018-12-17 09:43:12,DIS,111.77,2,BID
2018-12-17 09:43:11,DIS,111.81,9,ASK
2018-12-17 09:43:14,DIS,111.77,2,BID
2018-12-17 09:43:14,DIS,111.81,9,ASK
2018-12-17 09:43:15,DIS,111.75,11,BID
2018-12-17 09:43:15,DIS,111.78,1,ASK
2018-12-17 09:43:16,DIS,111.74,4,BID
2018-12-17 09:43:16,DIS,111.75,1,ASK
2018-12-17 09:42:23,DIS,111.72,12,BID
2018-12-17 09:43:17,DIS,111.76,8,ASK
2018-12-17 09:42:23,DIS,111.72,12,BID
2018-12-17 09:43:18,DIS,111.76,7,ASK
2018-12-17 09:43:19,DIS,111.69,10,BID
2018-12-17 09:43:19,DIS,111.72,7,ASK
2018-12-17 09:43:19,DIS,111.69,1,BID
2018-12-17 09:43:19,DIS,111.72,8,ASK
2018-12-17 09:43:19,DIS,111.69,1,BID
2018-12-17 09:43:19,DIS,111.72,8,ASK
2018-12-17 09:43:20,DIS,111.67,3,BID
2018-12-17 09:43:20,DIS,111.71,12,ASK
2018-12-17 09:43:21,DIS,111.66,1,BID
2018-12-17 09:43:21,DIS,111.68,3,ASK
2018-12-17 09:43:21,DIS,111.66,1,BID
2018-12-17 09:43:21,DIS,111.67,2,ASK
2018-12-17 09:43:21,DIS,111.66,1,BID
2018-12-17 09:43:21,DIS,111.72,10,ASK
2018-12-17 09:43:22,DIS,111.64,3,BID
2018-12-17 09:43:22,DIS,111.7,4,ASK
2018-12-17 09:43:22,DIS,111.64,3,BID
2018-12-17 09:43:22,DIS,111.7,4,ASK
2018-12-17 09:43:23,DIS,111.64,2,BID
2018-12-17 09:43:23,DIS,111.7,4,ASK
2018-12-17 09:43:23,DIS,111.64,2,BID
2018-12-17 09:43:23,DIS,111.7,4,ASK
2018-12-17 09:43:23,DIS,111.64,2,BID
2018-12-17 09:43:23,DIS,111.7,4,ASK
2018-12-17 09:43:26,DIS,111.65,1,BID
2018-12-17 09:43:26,DIS,111.7,4,ASK
2018-12-17 09:43:28,DIS,111.65,5,BID
2018-12-17 09:43:28,DIS,111.69,2,ASK
2018-12-17 09:43:29,DIS,111.65,1,BID
2018-12-17 09:43:28,DIS,111.69,7,ASK
2018-12-17 09:43:30,DIS,111.65,1,BID
2018-12-17 09:43:28,DIS,111.69,7,ASK
2018-12-17 09:43:30,DIS,111.64,10,BID
2018-12-17 09:43:31,DIS,111.7,6,ASK
2018-12-17 09:43:30,DIS,111.64,10,BID
2018-12-17 09:43:33,DIS,111.69,1,ASK
2018-12-17 09:43:33,DIS,111.64,4,BID
2018-12-17 09:43:31,DIS,111.7,6,ASK
2018-12-17 09:43:35,DIS,111.64,3,BID
2018-12-17 09:43:31,DIS,111.7,6,ASK
2018-12-17 09:43:37,DIS,111.65,1,BID
2018-12-17 09:43:37,DIS,111.7,6,ASK
2018-12-17 09:43:38,DIS,111.61,3,BID
2018-12-17 09:43:38,DIS,111.67,3,ASK
2018-12-17 09:43:39,DIS,111.61,1,BID
2018-12-17 09:43:39,DIS,111.66,6,ASK
2018-12-17 09:43:39,DIS,111.61,1,BID
2018-12-17 09:43:39,DIS,111.66,6,ASK
2018-12-17 09:43:39,DIS,111.61,1,BID
2018-12-17 09:43:39,DIS,111.66,6,ASK
2018-12-17 09:43:41,DIS,111.61,2,BID
2018-12-17 09:43:41,DIS,111.67,3,ASK
2018-12-17 09:43:42,DIS,111.61,3,BID
2018-12-17 09:43:42,DIS,111.67,4,ASK
2018-12-17 09:43:45,DIS,111.61,3,BID
2018-12-17 09:43:45,DIS,111.67,6,ASK
2018-12-17 09:43:47,DIS,111.66,3,BID
2018-12-17 09:43:47,DIS,111.69,10,ASK
2018-12-17 09:43:48,DIS,111.63,3,BID
2018-12-17 09:43:48,DIS,111.67,4,ASK
2018-12-17 09:43:49,DIS,111.65,1,BID
2018-12-17 09:43:49,DIS,111.69,13,ASK
2018-12-17 09:43:50,DIS,111.65,2,BID
2018-12-17 09:43:50,DIS,111.69,15,ASK
2018-12-17 09:43:51,DIS,111.67,2,BID
2018-12-17 09:43:51,DIS,111.73,3,ASK
2018-12-17 09:43:52,DIS,111.66,5,BID
2018-12-17 09:43:52,DIS,111.73,8,ASK
2018-12-17 09:43:53,DIS,111.66,4,BID
2018-12-17 09:43:53,DIS,111.73,3,ASK
2018-12-17 09:43:53,DIS,111.66,4,BID
2018-12-17 09:43:54,DIS,111.73,3,ASK
2018-12-17 09:43:55,DIS,111.66,6,BID
2018-12-17 09:43:55,DIS,111.73,3,ASK
2018-12-17 09:43:55,DIS,111.66,12,BID
2018-12-17 09:43:56,DIS,111.73,3,ASK
2018-12-17 09:43:55,DIS,111.66,5,BID
2018-12-17 09:43:57,DIS,111.73,9,ASK
2018-12-17 09:43:58,DIS,111.66,6,BID
2018-12-17 09:43:58,DIS,111.72,11,ASK
2018-12-17 09:43:58,DIS,111.66,5,BID
2018-12-17 09:43:59,DIS,111.72,11,ASK
2018-12-17 09:44:00,DIS,111.66,5,BID
2018-12-17 09:43:59,DIS,111.72,11,ASK
2018-12-17 09:44:01,DIS,111.66,6,BID
2018-12-17 09:44:01,DIS,111.72,13,ASK
2018-12-17 09:44:01,DIS,111.66,6,BID
2018-12-17 09:44:01,DIS,111.72,13,ASK
2018-12-17 09:44:01,DIS,111.66,6,BID
2018-12-17 09:44:03,DIS,111.72,12,ASK
2018-12-17 09:44:04,DIS,111.68,2,BID
2018-12-17 09:44:04,DIS,111.73,3,ASK
2018-12-17 09:44:05,DIS,111.69,3,BID
2018-12-17 09:44:05,DIS,111.75,10,ASK
2018-12-17 09:44:06,DIS,111.69,3,BID
2018-12-17 09:43:18,DIS,111.76,8,ASK
2018-12-17 09:44:06,DIS,111.7,8,BID
2018-12-17 09:43:18,DIS,111.76,8,ASK
2018-12-17 09:44:06,DIS,111.7,8,BID
2018-12-17 09:43:18,DIS,111.76,8,ASK
2018-12-17 09:44:08,DIS,111.7,7,BID
2018-12-17 09:43:18,DIS,111.76,8,ASK
2018-12-17 09:44:08,DIS,111.7,7,BID
2018-12-17 09:43:18,DIS,111.76,8,ASK
2018-12-17 09:44:08,DIS,111.7,7,BID
2018-12-17 09:43:18,DIS,111.76,8,ASK
2018-12-17 09:44:11,DIS,111.71,5,BID
2018-12-17 09:44:11,DIS,111.76,7,ASK
2018-12-17 09:44:12,DIS,111.71,7,BID
2018-12-17 09:44:12,DIS,111.76,7,ASK
2018-12-17 09:44:13,DIS,111.72,1,BID
2018-12-17 09:44:13,DIS,111.76,7,ASK
2018-12-17 09:44:15,DIS,111.72,3,BID
2018-12-17 09:44:15,DIS,111.79,10,ASK
2018-12-17 09:44:15,DIS,111.72,4,BID
2018-12-17 09:44:15,DIS,111.79,10,ASK
2018-12-17 09:44:17,DIS,111.72,4,BID
2018-12-17 09:44:15,DIS,111.79,10,ASK
2018-12-17 09:44:17,DIS,111.72,4,BID
2018-12-17 09:44:15,DIS,111.79,10,ASK
2018-12-17 09:44:19,DIS,111.72,4,BID
2018-12-17 09:44:19,DIS,111.77,3,ASK
2018-12-17 09:44:19,DIS,111.72,4,BID
2018-12-17 09:44:19,DIS,111.77,3,ASK
2018-12-17 09:44:19,DIS,111.72,4,BID
2018-12-17 09:44:19,DIS,111.77,3,ASK
2018-12-17 09:44:22,DIS,111.72,4,BID
2018-12-17 09:44:22,DIS,111.78,4,ASK
2018-12-17 09:44:24,DIS,111.72,4,BID
2018-12-17 09:44:24,DIS,111.77,3,ASK
2018-12-17 09:44:24,DIS,111.72,4,BID
2018-12-17 09:44:24,DIS,111.77,3,ASK
2018-12-17 09:44:25,DIS,111.73,1,BID
2018-12-17 09:44:25,DIS,111.77,3,ASK
2018-12-17 09:44:26,DIS,111.73,2,BID
2018-12-17 09:44:26,DIS,111.77,3,ASK
2018-12-17 09:44:26,DIS,111.73,2,BID
2018-12-17 09:44:26,DIS,111.77,3,ASK
2018-12-17 09:44:26,DIS,111.73,2,BID
2018-12-17 09:44:26,DIS,111.77,3,ASK
2018-12-17 09:44:30,DIS,111.73,2,BID
2018-12-17 09:44:30,DIS,111.77,3,ASK
2018-12-17 09:44:31,DIS,111.75,5,BID
2018-12-17 09:44:22,DIS,111.78,5,ASK
2018-12-17 09:44:31,DIS,111.73,8,BID
2018-12-17 09:44:22,DIS,111.78,5,ASK
2018-12-17 09:44:31,DIS,111.73,8,BID
2018-12-17 09:44:22,DIS,111.78,5,ASK
2018-12-17 09:44:33,DIS,111.74,2,BID
2018-12-17 09:44:33,DIS,111.77,3,ASK
2018-12-17 09:44:35,DIS,111.73,8,BID
2018-12-17 09:44:35,DIS,111.77,3,ASK
2018-12-17 09:44:35,DIS,111.73,8,BID
2018-12-17 09:44:22,DIS,111.78,5,ASK
2018-12-17 09:44:36,DIS,111.76,9,BID
2018-12-17 09:44:36,DIS,111.79,8,ASK
2018-12-17 09:44:37,DIS,111.76,10,BID
2018-12-17 09:44:36,DIS,111.79,8,ASK
2018-12-17 09:44:38,DIS,111.75,9,BID
2018-12-17 09:44:36,DIS,111.79,8,ASK
2018-12-17 09:44:38,DIS,111.75,9,BID
2018-12-17 09:44:36,DIS,111.79,8,ASK
2018-12-17 09:44:41,DIS,111.77,4,BID
2018-12-17 09:44:41,DIS,111.83,5,ASK
2018-12-17 09:44:41,DIS,111.77,4,BID
2018-12-17 09:44:41,DIS,111.83,5,ASK
2018-12-17 09:44:42,DIS,111.77,3,BID
2018-12-17 09:44:42,DIS,111.83,3,ASK
2018-12-17 09:44:42,DIS,111.77,3,BID
2018-12-17 09:44:42,DIS,111.83,3,ASK
2018-12-17 09:44:42,DIS,111.77,3,BID
2018-12-17 09:44:42,DIS,111.83,3,ASK
2018-12-17 09:44:42,DIS,111.77,3,BID
2018-12-17 09:44:42,DIS,111.83,3,ASK
2018-12-17 09:44:42,DIS,111.77,3,BID
2018-12-17 09:44:47,DIS,111.83,3,ASK
2018-12-17 09:44:48,DIS,111.76,13,BID
2018-12-17 09:44:48,DIS,111.83,10,ASK
2018-12-17 09:44:48,DIS,111.77,4,BID
2018-12-17 09:44:48,DIS,111.83,3,ASK
2018-12-17 09:44:49,DIS,111.78,1,BID
2018-12-17 09:44:49,DIS,111.83,4,ASK
2018-12-17 09:44:50,DIS,111.77,4,BID
2018-12-17 09:44:49,DIS,111.83,4,ASK
2018-12-17 09:44:50,DIS,111.77,4,BID
2018-12-17 09:44:49,DIS,111.83,4,ASK
2018-12-17 09:44:53,DIS,111.77,3,BID
2018-12-17 09:44:49,DIS,111.83,4,ASK
2018-12-17 09:44:53,DIS,111.77,3,BID
2018-12-17 09:44:49,DIS,111.83,4,ASK
2018-12-17 09:44:55,DIS,111.77,3,BID
2018-12-17 09:44:55,DIS,111.83,4,ASK
2018-12-17 09:44:56,DIS,111.77,4,BID
2018-12-17 09:44:56,DIS,111.83,4,ASK
2018-12-17 09:44:57,DIS,111.76,20,BID
2018-12-17 09:44:57,DIS,111.79,7,ASK
2018-12-17 09:44:57,DIS,111.76,24,BID
2018-12-17 09:44:57,DIS,111.78,1,ASK
2018-12-17 09:44:59,DIS,111.71,14,BID
2018-12-17 09:44:59,DIS,111.75,4,ASK
2018-12-17 09:44:59,DIS,111.71,14,BID
2018-12-17 09:45:00,DIS,111.75,3,ASK
2018-12-17 09:44:59,DIS,111.71,15,BID
2018-12-17 09:45:00,DIS,111.76,12,ASK
2018-12-17 09:44:59,DIS,111.71,13,BID
2018-12-17 09:45:01,DIS,111.75,3,ASK
2018-12-17 09:44:59,DIS,111.71,15,BID
2018-12-17 09:45:02,DIS,111.76,10,ASK
2018-12-17 09:44:59,DIS,111.71,14,BID
2018-12-17 09:45:02,DIS,111.75,3,ASK
2018-12-17 09:44:59,DIS,111.71,15,BID
2018-12-17 09:45:04,DIS,111.76,12,ASK
2018-12-17 09:45:05,DIS,111.7,3,BID
2018-12-17 09:45:06,DIS,111.74,9,ASK
2018-12-17 09:45:07,DIS,111.7,4,BID
2018-12-17 09:45:07,DIS,111.74,3,ASK
2018-12-17 09:45:07,DIS,111.7,4,BID
2018-12-17 09:45:07,DIS,111.74,2,ASK
2018-12-17 09:45:07,DIS,111.7,3,BID
2018-12-17 09:45:08,DIS,111.74,2,ASK
2018-12-17 09:45:07,DIS,111.7,3,BID
2018-12-17 09:45:08,DIS,111.74,2,ASK
2018-12-17 09:45:07,DIS,111.7,3,BID
2018-12-17 09:45:10,DIS,111.74,5,ASK
2018-12-17 09:45:07,DIS,111.7,3,BID
2018-12-17 09:45:10,DIS,111.74,5,ASK
2018-12-17 09:44:04,DIS,111.68,6,BID
2018-12-17 09:45:12,DIS,111.72,3,ASK
2018-12-17 09:45:13,DIS,111.7,3,BID
2018-12-17 09:45:13,DIS,111.74,5,ASK
2018-12-17 09:45:14,DIS,111.68,16,BID
2018-12-17 09:45:14,DIS,111.74,5,ASK
2018-12-17 09:45:14,DIS,111.68,16,BID
2018-12-17 09:45:14,DIS,111.74,5,ASK
2018-12-17 09:45:14,DIS,111.68,16,BID
2018-12-17 09:45:16,DIS,111.74,6,ASK
2018-12-17 09:45:14,DIS,111.68,16,BID
2018-12-17 09:45:16,DIS,111.74,6,ASK
2018-12-17 09:45:18,DIS,111.72,3,BID
2018-12-17 09:45:18,DIS,111.76,1,ASK
2018-12-17 09:45:19,DIS,111.73,11,BID
2018-12-17 09:45:19,DIS,111.79,12,ASK
2018-12-17 09:45:20,DIS,111.73,5,BID
2018-12-17 09:45:19,DIS,111.79,12,ASK
2018-12-17 09:45:21,DIS,111.75,1,BID
2018-12-17 09:45:21,DIS,111.8,3,ASK
2018-12-17 09:45:20,DIS,111.73,13,BID
2018-12-17 09:45:21,DIS,111.8,3,ASK
2018-12-17 09:45:22,DIS,111.76,1,BID
2018-12-17 09:45:21,DIS,111.82,17,ASK
2018-12-17 09:45:23,DIS,111.75,3,BID
2018-12-17 09:45:23,DIS,111.83,6,ASK
2018-12-17 09:45:24,DIS,111.75,3,BID
2018-12-17 09:45:24,DIS,111.81,11,ASK
2018-12-17 09:45:25,DIS,111.76,4,BID
2018-12-17 09:45:25,DIS,111.82,1,ASK
2018-12-17 09:45:26,DIS,111.76,12,BID
2018-12-17 09:45:23,DIS,111.83,6,ASK
2018-12-17 09:45:27,DIS,111.76,13,BID
2018-12-17 09:45:23,DIS,111.83,6,ASK
2018-12-17 09:45:30,DIS,111.76,16,BID
2018-12-17 09:45:30,DIS,111.83,8,ASK
2018-12-17 09:45:31,DIS,111.76,17,BID
2018-12-17 09:45:31,DIS,111.82,3,ASK
2018-12-17 09:45:32,DIS,111.76,10,BID
2018-12-17 09:45:32,DIS,111.82,3,ASK
2018-12-17 09:45:33,DIS,111.76,17,BID
2018-12-17 09:45:33,DIS,111.82,3,ASK
2018-12-17 09:45:34,DIS,111.76,17,BID
2018-12-17 09:45:34,DIS,111.82,8,ASK
2018-12-17 09:45:34,DIS,111.77,3,BID
2018-12-17 09:45:34,DIS,111.83,9,ASK
2018-12-17 09:45:34,DIS,111.76,17,BID
2018-12-17 09:45:34,DIS,111.83,9,ASK
2018-12-17 09:45:35,DIS,111.82,2,BID
2018-12-17 09:45:35,DIS,111.86,4,ASK
2018-12-17 09:45:38,DIS,111.79,4,BID
2018-12-17 09:45:38,DIS,111.85,8,ASK
2018-12-17 09:45:39,DIS,111.79,4,BID
2018-12-17 09:45:39,DIS,111.85,8,ASK
2018-12-17 09:45:39,DIS,111.79,4,BID
2018-12-17 09:45:39,DIS,111.85,8,ASK
2018-12-17 09:45:41,DIS,111.79,4,BID
2018-12-17 09:45:41,DIS,111.86,4,ASK
2018-12-17 09:45:42,DIS,111.79,5,BID
2018-12-17 09:45:42,DIS,111.86,4,ASK
2018-12-17 09:45:43,DIS,111.79,5,BID
2018-12-17 09:45:43,DIS,111.86,4,ASK
2018-12-17 09:45:43,DIS,111.79,5,BID
2018-12-17 09:45:43,DIS,111.86,4,ASK
2018-12-17 09:45:43,DIS,111.79,5,BID
2018-12-17 09:45:43,DIS,111.86,4,ASK
2018-12-17 09:45:45,DIS,111.79,5,BID
2018-12-17 09:45:45,DIS,111.86,4,ASK
2018-12-17 09:45:46,DIS,111.81,3,BID
2018-12-17 09:45:46,DIS,111.86,4,ASK
2018-12-17 09:45:46,DIS,111.81,3,BID
2018-12-17 09:45:46,DIS,111.86,4,ASK
2018-12-17 09:45:48,DIS,111.81,3,BID
2018-12-17 09:45:48,DIS,111.87,6,ASK
2018-12-17 09:45:48,DIS,111.81,3,BID
2018-12-17 09:45:48,DIS,111.87,6,ASK
2018-12-17 09:45:51,DIS,111.82,3,BID
2018-12-17 09:45:48,DIS,111.87,6,ASK
2018-12-17 09:45:52,DIS,111.82,3,BID
2018-12-17 09:45:48,DIS,111.87,5,ASK
2018-12-17 09:45:52,DIS,111.82,6,BID
2018-12-17 09:45:52,DIS,111.88,4,ASK
2018-12-17 09:45:53,DIS,111.82,6,BID
2018-12-17 09:45:53,DIS,111.87,5,ASK
2018-12-17 09:45:54,DIS,111.82,4,BID
2018-12-17 09:45:54,DIS,111.87,5,ASK
2018-12-17 09:45:56,DIS,111.82,3,BID
2018-12-17 09:45:56,DIS,111.87,5,ASK
2018-12-17 09:45:56,DIS,111.82,3,BID
2018-12-17 09:45:56,DIS,111.87,5,ASK
2018-12-17 09:45:58,DIS,111.84,3,BID
2018-12-17 09:45:58,DIS,111.87,1,ASK
2018-12-17 09:45:58,DIS,111.84,3,BID
2018-12-17 09:45:58,DIS,111.87,1,ASK
2018-12-17 09:46:00,DIS,111.85,3,BID
2018-12-17 09:46:00,DIS,111.88,1,ASK
2018-12-17 09:46:00,DIS,111.85,3,BID
2018-12-17 09:46:00,DIS,111.88,1,ASK
2018-12-17 09:46:00,DIS,111.85,3,BID
2018-12-17 09:46:00,DIS,111.88,1,ASK
2018-12-17 09:46:03,DIS,111.86,2,BID
2018-12-17 09:46:03,DIS,111.91,3,ASK
2018-12-17 09:46:04,DIS,111.86,9,BID
2018-12-17 09:46:04,DIS,111.91,3,ASK
2018-12-17 09:46:05,DIS,111.86,9,BID
2018-12-17 09:46:05,DIS,111.89,1,ASK
2018-12-17 09:46:06,DIS,111.86,8,BID
2018-12-17 09:46:06,DIS,111.91,3,ASK
2018-12-17 09:46:07,DIS,111.86,8,BID
2018-12-17 09:46:07,DIS,111.92,7,ASK
2018-12-17 09:46:08,DIS,111.86,9,BID
2018-12-17 09:46:07,DIS,111.92,7,ASK
2018-12-17 09:46:08,DIS,111.86,9,BID
2018-12-17 09:46:07,DIS,111.92,7,ASK
2018-12-17 09:46:10,DIS,111.87,1,BID
2018-12-17 09:46:07,DIS,111.92,7,ASK
2018-12-17 09:46:11,DIS,111.87,4,BID
2018-12-17 09:46:07,DIS,111.92,7,ASK
2018-12-17 09:46:11,DIS,111.87,4,BID
2018-12-17 09:46:07,DIS,111.92,7,ASK
2018-12-17 09:46:10,DIS,111.87,4,BID
2018-12-17 09:46:11,DIS,111.92,7,ASK
2018-12-17 09:46:10,DIS,111.87,4,BID
2018-12-17 09:46:11,DIS,111.92,7,ASK
2018-12-17 09:46:10,DIS,111.87,4,BID
2018-12-17 09:46:11,DIS,111.92,7,ASK
2018-12-17 09:46:15,DIS,111.88,3,BID
2018-12-17 09:46:11,DIS,111.92,7,ASK
2018-12-17 09:46:15,DIS,111.88,3,BID
2018-12-17 09:46:11,DIS,111.92,7,ASK
2018-12-17 09:46:15,DIS,111.88,3,BID
2018-12-17 09:46:11,DIS,111.92,7,ASK
2018-12-17 09:46:15,DIS,111.88,3,BID
2018-12-17 09:46:11,DIS,111.92,7,ASK
2018-12-17 09:46:20,DIS,111.88,5,BID
2018-12-17 09:46:20,DIS,111.9,3,ASK
2018-12-17 09:46:20,DIS,111.88,5,BID
2018-12-17 09:46:21,DIS,111.94,6,ASK
2018-12-17 09:46:20,DIS,111.88,5,BID
2018-12-17 09:46:21,DIS,111.94,6,ASK
2018-12-17 09:46:20,DIS,111.88,5,BID
2018-12-17 09:46:21,DIS,111.94,6,ASK
2018-12-17 09:46:20,DIS,111.88,6,BID
2018-12-17 09:46:23,DIS,111.94,8,ASK
2018-12-17 09:46:25,DIS,111.89,4,BID
2018-12-17 09:46:25,DIS,111.94,9,ASK
2018-12-17 09:46:25,DIS,111.89,4,BID
2018-12-17 09:46:25,DIS,111.94,9,ASK
2018-12-17 09:46:27,DIS,111.85,4,BID
2018-12-17 09:46:27,DIS,111.89,3,ASK
2018-12-17 09:46:27,DIS,111.82,11,BID
2018-12-17 09:46:27,DIS,111.88,6,ASK
2018-12-17 09:46:29,DIS,111.81,10,BID
2018-12-17 09:46:29,DIS,111.88,6,ASK
2018-12-17 09:46:30,DIS,111.81,10,BID
2018-12-17 09:46:30,DIS,111.88,6,ASK
2018-12-17 09:46:30,DIS,111.81,10,BID
2018-12-17 09:46:30,DIS,111.88,6,ASK
2018-12-17 09:46:31,DIS,111.88,2,BID
2018-12-17 09:46:31,DIS,111.94,9,ASK
2018-12-17 09:46:32,DIS,111.87,3,BID
2018-12-17 09:46:32,DIS,111.92,2,ASK
2018-12-17 09:46:32,DIS,111.88,1,BID
2018-12-17 09:46:32,DIS,111.92,2,ASK
2018-12-17 09:46:32,DIS,111.88,1,BID
2018-12-17 09:46:32,DIS,111.92,2,ASK
2018-12-17 09:46:32,DIS,111.88,1,BID
2018-12-17 09:46:32,DIS,111.92,2,ASK
2018-12-17 09:46:36,DIS,111.84,3,BID
2018-12-17 09:46:36,DIS,111.88,12,ASK
2018-12-17 09:46:38,DIS,111.84,3,BID
2018-12-17 09:46:38,DIS,111.89,6,ASK
2018-12-17 09:46:39,DIS,111.84,3,BID
2018-12-17 09:46:39,DIS,111.89,7,ASK
2018-12-17 09:46:39,DIS,111.84,3,BID
2018-12-17 09:46:39,DIS,111.89,7,ASK
2018-12-17 09:46:41,DIS,111.84,3,BID
2018-12-17 09:46:41,DIS,111.88,7,ASK
2018-12-17 09:46:41,DIS,111.84,3,BID
2018-12-17 09:46:41,DIS,111.89,7,ASK
2018-12-17 09:46:41,DIS,111.84,3,BID
2018-12-17 09:46:41,DIS,111.89,7,ASK
2018-12-17 09:46:41,DIS,111.84,3,BID
2018-12-17 09:46:41,DIS,111.89,7,ASK
2018-12-17 09:46:45,DIS,111.84,3,BID
2018-12-17 09:46:45,DIS,111.88,1,ASK
2018-12-17 09:46:45,DIS,111.84,3,BID
2018-12-17 09:46:45,DIS,111.88,1,ASK
2018-12-17 09:46:45,DIS,111.84,3,BID
2018-12-17 09:46:45,DIS,111.88,1,ASK
2018-12-17 09:46:48,DIS,111.84,5,BID
2018-12-17 09:46:48,DIS,111.88,1,ASK
2018-12-17 09:46:49,DIS,111.83,1,BID
2018-12-17 09:46:49,DIS,111.87,1,ASK
2018-12-17 09:46:31,DIS,111.81,10,BID
2018-12-17 09:46:50,DIS,111.84,3,ASK
2018-12-17 09:46:31,DIS,111.81,10,BID
2018-12-17 09:46:50,DIS,111.84,3,ASK
2018-12-17 09:46:31,DIS,111.81,10,BID
2018-12-17 09:46:50,DIS,111.84,3,ASK
2018-12-17 09:46:31,DIS,111.81,10,BID
2018-12-17 09:46:53,DIS,111.84,4,ASK
2018-12-17 09:46:31,DIS,111.81,10,BID
2018-12-17 09:46:53,DIS,111.84,4,ASK
2018-12-17 09:46:31,DIS,111.81,10,BID
2018-12-17 09:46:53,DIS,111.84,4,ASK
2018-12-17 09:46:31,DIS,111.81,10,BID
2018-12-17 09:46:53,DIS,111.84,4,ASK
2018-12-17 09:46:31,DIS,111.81,10,BID
2018-12-17 09:46:53,DIS,111.84,4,ASK
2018-12-17 09:46:57,DIS,111.8,6,BID
2018-12-17 09:46:57,DIS,111.83,4,ASK
2018-12-17 09:46:59,DIS,111.8,6,BID
2018-12-17 09:46:59,DIS,111.84,5,ASK
2018-12-17 09:47:00,DIS,111.81,3,BID
2018-12-17 09:47:00,DIS,111.87,4,ASK
2018-12-17 09:47:01,DIS,111.81,2,BID
2018-12-17 09:47:01,DIS,111.87,4,ASK
2018-12-17 09:47:01,DIS,111.81,2,BID
2018-12-17 09:47:01,DIS,111.87,4,ASK
2018-12-17 09:47:03,DIS,111.81,6,BID
2018-12-17 09:47:03,DIS,111.88,5,ASK
2018-12-17 09:47:03,DIS,111.81,6,BID
2018-12-17 09:47:03,DIS,111.88,5,ASK
2018-12-17 09:47:03,DIS,111.81,6,BID
2018-12-17 09:47:04,DIS,111.85,1,ASK
2018-12-17 09:47:03,DIS,111.81,13,BID
2018-12-17 09:47:06,DIS,111.88,5,ASK
2018-12-17 09:47:07,DIS,111.81,15,BID
2018-12-17 09:47:07,DIS,111.88,5,ASK
2018-12-17 09:47:08,DIS,111.81,15,BID
2018-12-17 09:47:08,DIS,111.87,7,ASK
2018-12-17 09:47:09,DIS,111.81,10,BID
2018-12-17 09:47:09,DIS,111.87,9,ASK
2018-12-17 09:47:10,DIS,111.81,9,BID
2018-12-17 09:47:10,DIS,111.87,9,ASK
2018-12-17 09:47:11,DIS,111.82,2,BID
2018-12-17 09:47:11,DIS,111.87,9,ASK
2018-12-17 09:47:11,DIS,111.81,9,BID
2018-12-17 09:47:11,DIS,111.87,9,ASK
2018-12-17 09:47:09,DIS,111.81,9,BID
2018-12-17 09:47:11,DIS,111.87,9,ASK
2018-12-17 09:47:14,DIS,111.81,10,BID
2018-12-17 09:47:14,DIS,111.87,12,ASK
2018-12-17 09:47:14,DIS,111.81,11,BID
2018-12-17 09:47:15,DIS,111.85,3,ASK
2018-12-17 09:47:14,DIS,111.81,11,BID
2018-12-17 09:47:15,DIS,111.85,3,ASK
2018-12-17 09:47:14,DIS,111.81,11,BID
2018-12-17 09:47:17,DIS,111.85,3,ASK
2018-12-17 09:47:14,DIS,111.81,11,BID
2018-12-17 09:47:18,DIS,111.84,13,ASK
2018-12-17 09:45:46,DIS,111.8,6,BID
2018-12-17 09:47:18,DIS,111.84,7,ASK
2018-12-17 09:45:46,DIS,111.8,6,BID
2018-12-17 09:47:18,DIS,111.84,7,ASK
2018-12-17 09:47:21,DIS,111.78,4,BID
2018-12-17 09:47:21,DIS,111.82,3,ASK
2018-12-17 09:47:21,DIS,111.78,4,BID
2018-12-17 09:47:21,DIS,111.82,3,ASK
2018-12-17 09:47:21,DIS,111.78,4,BID
2018-12-17 09:47:21,DIS,111.82,3,ASK
2018-12-17 09:47:21,DIS,111.78,4,BID
2018-12-17 09:47:21,DIS,111.82,3,ASK
2018-12-17 09:47:21,DIS,111.78,4,BID
2018-12-17 09:47:21,DIS,111.82,3,ASK
2018-12-17 09:47:26,DIS,111.76,20,BID
2018-12-17 09:47:26,DIS,111.82,6,ASK
2018-12-17 09:47:26,DIS,111.76,13,BID
2018-12-17 09:47:27,DIS,111.82,6,ASK
2018-12-17 09:47:28,DIS,111.76,13,BID
2018-12-17 09:47:28,DIS,111.82,6,ASK
2018-12-17 09:47:28,DIS,111.76,13,BID
2018-12-17 09:47:28,DIS,111.82,6,ASK
2018-12-17 09:47:30,DIS,111.76,13,BID
2018-12-17 09:47:30,DIS,111.82,6,ASK
2018-12-17 09:47:31,DIS,111.76,13,BID
2018-12-17 09:47:31,DIS,111.81,1,ASK
2018-12-17 09:47:31,DIS,111.76,13,BID
2018-12-17 09:47:31,DIS,111.81,1,ASK
2018-12-17 09:47:31,DIS,111.76,13,BID
2018-12-17 09:47:31,DIS,111.81,1,ASK
2018-12-17 09:47:34,DIS,111.79,9,BID
2018-12-17 09:47:34,DIS,111.83,1,ASK
2018-12-17 09:47:34,DIS,111.79,9,BID
2018-12-17 09:47:34,DIS,111.83,1,ASK
2018-12-17 09:47:36,DIS,111.8,1,BID
2018-12-17 09:47:36,DIS,111.83,2,ASK
2018-12-17 09:47:36,DIS,111.8,1,BID
2018-12-17 09:47:36,DIS,111.83,2,ASK
2018-12-17 09:47:34,DIS,111.79,9,BID
2018-12-17 09:47:38,DIS,111.85,7,ASK
2018-12-17 09:47:34,DIS,111.79,9,BID
2018-12-17 09:47:38,DIS,111.85,7,ASK
2018-12-17 09:47:34,DIS,111.79,9,BID
2018-12-17 09:47:38,DIS,111.85,7,ASK
2018-12-17 09:47:34,DIS,111.79,9,BID
2018-12-17 09:47:38,DIS,111.85,7,ASK
2018-12-17 09:47:34,DIS,111.79,9,BID
2018-12-17 09:47:38,DIS,111.85,7,ASK
2018-12-17 09:47:43,DIS,111.76,20,BID
2018-12-17 09:47:43,DIS,111.8,4,ASK
2018-12-17 09:47:43,DIS,111.76,19,BID
2018-12-17 09:47:43,DIS,111.8,4,ASK
2018-12-17 09:47:43,DIS,111.76,19,BID
2018-12-17 09:47:43,DIS,111.8,4,ASK
2018-12-17 09:47:43,DIS,111.76,14,BID
2018-12-17 09:47:46,DIS,111.81,16,ASK
2018-12-17 09:47:43,DIS,111.76,14,BID
2018-12-17 09:47:47,DIS,111.81,16,ASK
2018-12-17 09:47:43,DIS,111.76,14,BID
2018-12-17 09:47:47,DIS,111.81,16,ASK
2018-12-17 09:47:43,DIS,111.76,15,BID
2018-12-17 09:47:49,DIS,111.81,15,ASK
2018-12-17 09:47:43,DIS,111.76,15,BID
2018-12-17 09:47:49,DIS,111.81,15,ASK
2018-12-17 09:47:43,DIS,111.76,15,BID
2018-12-17 09:47:52,DIS,111.81,15,ASK
2018-12-17 09:47:43,DIS,111.76,16,BID
2018-12-17 09:47:52,DIS,111.81,15,ASK
2018-12-17 09:47:43,DIS,111.76,16,BID
2018-12-17 09:47:52,DIS,111.81,15,ASK
2018-12-17 09:47:43,DIS,111.76,15,BID
2018-12-17 09:47:55,DIS,111.81,15,ASK
2018-12-17 09:47:43,DIS,111.76,14,BID
2018-12-17 09:47:55,DIS,111.81,9,ASK
2018-12-17 09:47:43,DIS,111.76,14,BID
2018-12-17 09:47:55,DIS,111.81,15,ASK
2018-12-17 09:47:43,DIS,111.76,14,BID
2018-12-17 09:47:55,DIS,111.81,9,ASK
2018-12-17 09:47:58,DIS,111.78,4,BID
2018-12-17 09:47:58,DIS,111.83,11,ASK
2018-12-17 09:47:59,DIS,111.78,4,BID
2018-12-17 09:47:59,DIS,111.82,3,ASK
2018-12-17 09:48:00,DIS,111.76,20,BID
2018-12-17 09:48:00,DIS,111.82,10,ASK
2018-12-17 09:48:00,DIS,111.76,19,BID
2018-12-17 09:48:01,DIS,111.81,10,ASK
2018-12-17 09:48:00,DIS,111.76,19,BID
2018-12-17 09:48:01,DIS,111.81,10,ASK
2018-12-17 09:48:00,DIS,111.76,19,BID
2018-12-17 09:48:01,DIS,111.81,10,ASK
2018-12-17 09:48:00,DIS,111.76,19,BID
2018-12-17 09:48:04,DIS,111.81,12,ASK
2018-12-17 09:48:00,DIS,111.76,19,BID
2018-12-17 09:48:04,DIS,111.81,12,ASK
2018-12-17 09:48:06,DIS,111.78,3,BID
2018-12-17 09:48:06,DIS,111.82,16,ASK
2018-12-17 09:48:07,DIS,111.78,4,BID
2018-12-17 09:48:07,DIS,111.82,16,ASK
2018-12-17 09:48:08,DIS,111.78,3,BID
2018-12-17 09:48:08,DIS,111.82,16,ASK
2018-12-17 09:48:08,DIS,111.78,3,BID
2018-12-17 09:48:09,DIS,111.82,14,ASK
2018-12-17 09:48:08,DIS,111.78,5,BID
2018-12-17 09:48:10,DIS,111.84,10,ASK
2018-12-17 09:48:08,DIS,111.78,6,BID
2018-12-17 09:48:11,DIS,111.84,10,ASK
2018-12-17 09:48:08,DIS,111.78,6,BID
2018-12-17 09:48:11,DIS,111.84,10,ASK
2018-12-17 09:48:14,DIS,111.78,6,BID
2018-12-17 09:48:14,DIS,111.84,11,ASK
2018-12-17 09:48:14,DIS,111.78,6,BID
2018-12-17 09:48:14,DIS,111.84,11,ASK
2018-12-17 09:48:14,DIS,111.78,6,BID
2018-12-17 09:48:14,DIS,111.84,11,ASK
2018-12-17 09:48:16,DIS,111.78,6,BID
2018-12-17 09:48:16,DIS,111.84,3,ASK
2018-12-17 09:48:16,DIS,111.78,6,BID
2018-12-17 09:48:16,DIS,111.84,3,ASK
2018-12-17 09:48:16,DIS,111.78,6,BID
2018-12-17 09:48:16,DIS,111.84,3,ASK
2018-12-17 09:48:16,DIS,111.78,6,BID
2018-12-17 09:48:16,DIS,111.84,3,ASK
2018-12-17 09:48:20,DIS,111.78,6,BID
2018-12-17 09:48:20,DIS,111.84,3,ASK
2018-12-17 09:48:20,DIS,111.78,6,BID
2018-12-17 09:48:20,DIS,111.84,3,ASK
2018-12-17 09:48:20,DIS,111.78,6,BID
2018-12-17 09:48:20,DIS,111.84,3,ASK
2018-12-17 09:48:20,DIS,111.78,6,BID
2018-12-17 09:48:20,DIS,111.84,3,ASK
2018-12-17 09:48:20,DIS,111.78,6,BID
2018-12-17 09:48:20,DIS,111.84,3,ASK
2018-12-17 09:48:20,DIS,111.78,6,BID
2018-12-17 09:48:20,DIS,111.84,3,ASK
2018-12-17 09:48:20,DIS,111.78,7,BID
2018-12-17 09:48:26,DIS,111.84,3,ASK
2018-12-17 09:48:20,DIS,111.78,7,BID
2018-12-17 09:48:28,DIS,111.84,3,ASK
2018-12-17 09:48:20,DIS,111.78,7,BID
2018-12-17 09:48:28,DIS,111.84,3,ASK
2018-12-17 09:48:20,DIS,111.78,7,BID
2018-12-17 09:48:30,DIS,111.84,3,ASK
2018-12-17 09:48:20,DIS,111.78,7,BID
2018-12-17 09:48:30,DIS,111.84,3,ASK
2018-12-17 09:48:20,DIS,111.78,7,BID
2018-12-17 09:48:31,DIS,111.84,3,ASK
2018-12-17 09:48:32,DIS,111.79,3,BID
2018-12-17 09:48:32,DIS,111.84,3,ASK
2018-12-17 09:48:32,DIS,111.79,3,BID
2018-12-17 09:48:32,DIS,111.84,3,ASK
2018-12-17 09:48:32,DIS,111.79,3,BID
2018-12-17 09:48:32,DIS,111.84,3,ASK
2018-12-17 09:48:32,DIS,111.79,3,BID
2018-12-17 09:48:32,DIS,111.84,3,ASK
2018-12-17 09:48:32,DIS,111.79,3,BID
2018-12-17 09:48:32,DIS,111.84,3,ASK
2018-12-17 09:48:32,DIS,111.79,3,BID
2018-12-17 09:48:32,DIS,111.84,3,ASK
2018-12-17 09:48:32,DIS,111.79,3,BID
2018-12-17 09:48:32,DIS,111.84,3,ASK
2018-12-17 09:48:32,DIS,111.79,3,BID
2018-12-17 09:48:32,DIS,111.84,3,ASK
2018-12-17 09:48:32,DIS,111.79,3,BID
2018-12-17 09:48:32,DIS,111.84,3,ASK
2018-12-17 09:48:42,DIS,111.75,9,BID
2018-12-17 09:48:42,DIS,111.8,3,ASK
2018-12-17 09:48:42,DIS,111.75,4,BID
2018-12-17 09:48:42,DIS,111.8,3,ASK
2018-12-17 09:48:42,DIS,111.75,4,BID
2018-12-17 09:48:43,DIS,111.8,3,ASK
2018-12-17 09:48:44,DIS,111.76,3,BID
2018-12-17 09:48:44,DIS,111.81,6,ASK
2018-12-17 09:48:42,DIS,111.75,4,BID
2018-12-17 09:48:44,DIS,111.81,6,ASK
2018-12-17 09:48:42,DIS,111.75,4,BID
2018-12-17 09:48:44,DIS,111.81,6,ASK
2018-12-17 09:48:42,DIS,111.75,4,BID
2018-12-17 09:48:44,DIS,111.81,6,ASK
2018-12-17 09:48:42,DIS,111.75,4,BID
2018-12-17 09:48:44,DIS,111.81,6,ASK
2018-12-17 09:48:49,DIS,111.75,9,BID
2018-12-17 09:48:44,DIS,111.81,6,ASK
2018-12-17 09:48:51,DIS,111.75,9,BID
2018-12-17 09:48:44,DIS,111.81,13,ASK
2018-12-17 09:48:52,DIS,111.75,9,BID
2018-12-17 09:48:52,DIS,111.8,2,ASK
2018-12-17 09:48:52,DIS,111.75,9,BID
2018-12-17 09:48:44,DIS,111.81,6,ASK
2018-12-17 09:48:52,DIS,111.75,9,BID
2018-12-17 09:48:44,DIS,111.81,6,ASK
2018-12-17 09:48:52,DIS,111.75,9,BID
2018-12-17 09:48:44,DIS,111.81,6,ASK
2018-12-17 09:48:56,DIS,111.75,9,BID
2018-12-17 09:48:55,DIS,111.8,8,ASK
2018-12-17 09:48:56,DIS,111.78,3,BID
2018-12-17 09:48:56,DIS,111.83,10,ASK
2018-12-17 09:48:57,DIS,111.78,3,BID
2018-12-17 09:48:56,DIS,111.83,10,ASK
2018-12-17 09:48:57,DIS,111.78,3,BID
2018-12-17 09:48:56,DIS,111.83,10,ASK
2018-12-17 09:49:00,DIS,111.78,3,BID
2018-12-17 09:48:56,DIS,111.83,10,ASK
2018-12-17 09:49:01,DIS,111.78,6,BID
2018-12-17 09:49:01,DIS,111.83,11,ASK
2018-12-17 09:49:01,DIS,111.79,12,BID
2018-12-17 09:49:01,DIS,111.85,11,ASK
2018-12-17 09:49:01,DIS,111.79,12,BID
2018-12-17 09:49:01,DIS,111.85,11,ASK
2018-12-17 09:49:01,DIS,111.79,12,BID
2018-12-17 09:49:01,DIS,111.85,11,ASK
2018-12-17 09:49:03,DIS,111.81,1,BID
2018-12-17 09:49:03,DIS,111.85,9,ASK
2018-12-17 09:49:04,DIS,111.82,1,BID
2018-12-17 09:49:04,DIS,111.85,1,ASK
2018-12-17 09:49:04,DIS,111.82,1,BID
2018-12-17 09:49:04,DIS,111.85,1,ASK
2018-12-17 09:49:05,DIS,111.83,2,BID
2018-12-17 09:49:05,DIS,111.87,7,ASK
2018-12-17 09:49:06,DIS,111.83,1,BID
2018-12-17 09:49:05,DIS,111.87,7,ASK
2018-12-17 09:49:07,DIS,111.83,3,BID
2018-12-17 09:49:07,DIS,111.88,7,ASK
2018-12-17 09:49:08,DIS,111.84,5,BID
2018-12-17 09:49:08,DIS,111.89,3,ASK
2018-12-17 09:49:09,DIS,111.84,3,BID
2018-12-17 09:49:09,DIS,111.89,3,ASK
2018-12-17 09:49:11,DIS,111.84,7,BID
2018-12-17 09:49:11,DIS,111.89,3,ASK
2018-12-17 09:49:10,DIS,111.83,11,BID
2018-12-17 09:49:12,DIS,111.88,8,ASK
2018-12-17 09:49:14,DIS,111.84,4,BID
2018-12-17 09:49:14,DIS,111.89,3,ASK
2018-12-17 09:49:14,DIS,111.84,4,BID
2018-12-17 09:49:14,DIS,111.89,3,ASK
2018-12-17 09:49:16,DIS,111.84,5,BID
2018-12-17 09:49:16,DIS,111.89,3,ASK
2018-12-17 09:49:17,DIS,111.84,4,BID
2018-12-17 09:49:17,DIS,111.9,9,ASK
2018-12-17 09:49:18,DIS,111.84,7,BID
2018-12-17 09:49:17,DIS,111.9,7,ASK
2018-12-17 09:49:18,DIS,111.84,7,BID
2018-12-17 09:49:17,DIS,111.9,7,ASK
2018-12-17 09:49:20,DIS,111.87,4,BID
2018-12-17 09:49:20,DIS,111.91,13,ASK
2018-12-17 09:49:20,DIS,111.87,8,BID
2018-12-17 09:49:20,DIS,111.92,5,ASK
2018-12-17 09:49:21,DIS,111.87,8,BID
2018-12-17 09:49:21,DIS,111.91,1,ASK
2018-12-17 09:49:21,DIS,111.88,2,BID
2018-12-17 09:49:21,DIS,111.91,14,ASK
2018-12-17 09:49:22,DIS,111.85,1,BID
2018-12-17 09:49:22,DIS,111.88,4,ASK
2018-12-17 09:49:23,DIS,111.84,3,BID
2018-12-17 09:49:23,DIS,111.88,5,ASK
2018-12-17 09:49:24,DIS,111.84,3,BID
2018-12-17 09:49:24,DIS,111.88,1,ASK
2018-12-17 09:49:24,DIS,111.84,6,BID
2018-12-17 09:49:24,DIS,111.88,11,ASK
2018-12-17 09:49:24,DIS,111.84,6,BID
2018-12-17 09:49:25,DIS,111.88,12,ASK
2018-12-17 09:49:26,DIS,111.86,9,BID
2018-12-17 09:49:26,DIS,111.91,3,ASK
2018-12-17 09:49:27,DIS,111.86,4,BID
2018-12-17 09:49:26,DIS,111.92,6,ASK
2018-12-17 09:49:27,DIS,111.87,1,BID
2018-12-17 09:49:26,DIS,111.92,6,ASK
2018-12-17 09:49:27,DIS,111.87,1,BID
2018-12-17 09:49:27,DIS,111.91,1,ASK
2018-12-17 09:49:28,DIS,111.87,1,BID
2018-12-17 09:49:28,DIS,111.91,2,ASK
2018-12-17 09:49:28,DIS,111.87,7,BID
2018-12-17 09:49:28,DIS,111.91,4,ASK
2018-12-17 09:49:28,DIS,111.87,7,BID
2018-12-17 09:49:28,DIS,111.91,4,ASK
2018-12-17 09:49:28,DIS,111.87,4,BID
2018-12-17 09:49:29,DIS,111.91,4,ASK
2018-12-17 09:49:30,DIS,111.88,3,BID
2018-12-17 09:49:30,DIS,111.91,4,ASK
2018-12-17 09:49:31,DIS,111.88,6,BID
2018-12-17 09:49:31,DIS,111.91,4,ASK
2018-12-17 09:49:33,DIS,111.89,8,BID
2018-12-17 09:49:33,DIS,111.94,9,ASK
2018-12-17 09:49:34,DIS,111.9,4,BID
2018-12-17 09:49:34,DIS,111.95,5,ASK
2018-12-17 09:49:35,DIS,111.91,8,BID
2018-12-17 09:49:35,DIS,111.98,15,ASK
2018-12-17 09:49:36,DIS,111.92,2,BID
2018-12-17 09:49:36,DIS,111.97,11,ASK
2018-12-17 09:49:36,DIS,111.92,9,BID
2018-12-17 09:49:36,DIS,111.98,16,ASK
2018-12-17 09:49:36,DIS,111.92,10,BID
2018-12-17 09:49:39,DIS,111.98,10,ASK
2018-12-17 09:49:36,DIS,111.92,10,BID
2018-12-17 09:49:41,DIS,111.98,16,ASK
2018-12-17 09:49:36,DIS,111.92,10,BID
2018-12-17 09:49:42,DIS,111.98,17,ASK
2018-12-17 09:49:45,DIS,111.94,4,BID
2018-12-17 09:49:45,DIS,111.98,10,ASK
2018-12-17 09:49:46,DIS,111.95,9,BID
2018-12-17 09:49:46,DIS,111.98,11,ASK
2018-12-17 09:49:48,DIS,111.96,16,BID
2018-12-17 09:49:48,DIS,111.99,11,ASK
2018-12-17 09:49:50,DIS,111.98,5,BID
2018-12-17 09:49:50,DIS,112.0,10,ASK
2018-12-17 09:49:51,DIS,111.97,5,BID
2018-12-17 09:49:51,DIS,112.0,4,ASK
2018-12-17 09:49:52,DIS,111.97,5,BID
2018-12-17 09:49:52,DIS,112.0,2,ASK
2018-12-17 09:49:48,DIS,111.95,9,BID
2018-12-17 09:49:54,DIS,111.98,10,ASK
2018-12-17 09:49:55,DIS,111.96,3,BID
2018-12-17 09:49:55,DIS,112.0,11,ASK
2018-12-17 09:49:55,DIS,111.96,4,BID
2018-12-17 09:49:55,DIS,112.0,4,ASK
2018-12-17 09:49:55,DIS,111.96,4,BID
2018-12-17 09:49:57,DIS,112.0,6,ASK
2018-12-17 09:49:57,DIS,111.96,5,BID
2018-12-17 09:49:57,DIS,112.0,9,ASK
2018-12-17 09:49:59,DIS,111.96,5,BID
2018-12-17 09:49:59,DIS,112.0,6,ASK
2018-12-17 09:50:00,DIS,111.96,5,BID
2018-12-17 09:50:00,DIS,111.99,3,ASK
2018-12-17 09:50:00,DIS,111.96,5,BID
2018-12-17 09:50:00,DIS,111.99,3,ASK
2018-12-17 09:49:48,DIS,111.95,9,BID
2018-12-17 09:50:02,DIS,111.98,6,ASK
2018-12-17 09:50:02,DIS,111.92,19,BID
2018-12-17 09:50:02,DIS,111.98,6,ASK
2018-12-17 09:50:02,DIS,111.92,19,BID
2018-12-17 09:50:02,DIS,111.98,6,ASK
2018-12-17 09:50:02,DIS,111.92,19,BID
2018-12-17 09:50:05,DIS,111.98,6,ASK
2018-12-17 09:50:06,DIS,111.92,16,BID
2018-12-17 09:50:06,DIS,111.97,2,ASK
2018-12-17 09:50:07,DIS,111.92,10,BID
2018-12-17 09:50:07,DIS,111.96,3,ASK
2018-12-17 09:49:36,DIS,111.91,10,BID
2018-12-17 09:50:07,DIS,111.96,3,ASK
2018-12-17 09:50:08,DIS,111.92,2,BID
2018-12-17 09:50:09,DIS,111.96,3,ASK
2018-12-17 09:50:10,DIS,111.92,3,BID
2018-12-17 09:50:10,DIS,111.98,6,ASK
2018-12-17 09:50:11,DIS,111.92,3,BID
2018-12-17 09:50:11,DIS,111.98,12,ASK
2018-12-17 09:50:11,DIS,111.91,15,BID
2018-12-17 09:50:12,DIS,111.98,6,ASK
2018-12-17 09:50:13,DIS,111.92,4,BID
2018-12-17 09:50:13,DIS,111.98,7,ASK
2018-12-17 09:50:13,DIS,111.92,4,BID
2018-12-17 09:50:13,DIS,111.98,7,ASK
2018-12-17 09:50:15,DIS,111.91,15,BID
2018-12-17 09:50:15,DIS,111.97,12,ASK
2018-12-17 09:50:15,DIS,111.91,15,BID
2018-12-17 09:50:15,DIS,111.96,3,ASK
2018-12-17 09:50:15,DIS,111.91,15,BID
2018-12-17 09:50:15,DIS,111.96,3,ASK
2018-12-17 09:50:15,DIS,111.91,15,BID
2018-12-17 09:50:15,DIS,111.96,3,ASK
2018-12-17 09:50:19,DIS,111.91,15,BID
2018-12-17 09:50:19,DIS,111.96,8,ASK
2018-12-17 09:50:20,DIS,111.91,16,BID
2018-12-17 09:50:20,DIS,111.96,3,ASK
2018-12-17 09:50:21,DIS,111.92,3,BID
2018-12-17 09:50:21,DIS,111.96,3,ASK
2018-12-17 09:50:21,DIS,111.92,4,BID
2018-12-17 09:50:21,DIS,111.97,5,ASK
2018-12-17 09:50:21,DIS,111.92,4,BID
2018-12-17 09:50:21,DIS,111.97,5,ASK
2018-12-17 09:50:24,DIS,111.92,3,BID
2018-12-17 09:50:24,DIS,111.97,5,ASK
2018-12-17 09:50:25,DIS,111.92,4,BID
2018-12-17 09:50:25,DIS,111.96,3,ASK
2018-12-17 09:50:25,DIS,111.92,5,BID
2018-12-17 09:50:25,DIS,111.96,3,ASK
2018-12-17 09:50:25,DIS,111.92,5,BID
2018-12-17 09:50:27,DIS,111.96,3,ASK
2018-12-17 09:50:28,DIS,111.91,16,BID
2018-12-17 09:50:28,DIS,111.95,16,ASK
2018-12-17 09:50:28,DIS,111.91,16,BID
2018-12-17 09:50:28,DIS,111.95,5,ASK
2018-12-17 09:50:28,DIS,111.91,15,BID
2018-12-17 09:50:30,DIS,111.94,3,ASK
2018-12-17 09:50:31,DIS,111.89,4,BID
2018-12-17 09:50:31,DIS,111.94,3,ASK
2018-12-17 09:50:31,DIS,111.89,4,BID
2018-12-17 09:50:31,DIS,111.94,3,ASK
2018-12-17 09:50:33,DIS,111.89,5,BID
2018-12-17 09:50:33,DIS,111.95,5,ASK
2018-12-17 09:50:33,DIS,111.89,6,BID
2018-12-17 09:50:34,DIS,111.94,3,ASK
2018-12-17 09:50:33,DIS,111.89,6,BID
2018-12-17 09:50:34,DIS,111.94,3,ASK
2018-12-17 09:50:36,DIS,111.89,12,BID
2018-12-17 09:50:36,DIS,111.95,5,ASK
2018-12-17 09:50:37,DIS,111.89,12,BID
2018-12-17 09:50:37,DIS,111.95,4,ASK
2018-12-17 09:50:37,DIS,111.89,12,BID
2018-12-17 09:50:37,DIS,111.95,4,ASK
2018-12-17 09:50:37,DIS,111.89,12,BID
2018-12-17 09:50:37,DIS,111.95,4,ASK
2018-12-17 09:50:40,DIS,111.89,6,BID
2018-12-17 09:50:37,DIS,111.95,4,ASK
2018-12-17 09:50:40,DIS,111.89,6,BID
2018-12-17 09:50:37,DIS,111.95,4,ASK
2018-12-17 09:50:40,DIS,111.89,7,BID
2018-12-17 09:50:37,DIS,111.95,4,ASK
2018-12-17 09:50:40,DIS,111.89,7,BID
2018-12-17 09:50:37,DIS,111.95,4,ASK
2018-12-17 09:50:40,DIS,111.89,7,BID
2018-12-17 09:50:37,DIS,111.95,4,ASK
2018-12-17 09:50:40,DIS,111.89,7,BID
2018-12-17 09:50:37,DIS,111.95,10,ASK
2018-12-17 09:50:46,DIS,111.91,3,BID
2018-12-17 09:50:46,DIS,111.96,9,ASK
2018-12-17 09:50:46,DIS,111.91,3,BID
2018-12-17 09:50:46,DIS,111.96,10,ASK
2018-12-17 09:50:48,DIS,111.91,3,BID
2018-12-17 09:50:46,DIS,111.96,10,ASK
2018-12-17 09:50:49,DIS,111.91,3,BID
2018-12-17 09:50:49,DIS,111.96,3,ASK
2018-12-17 09:50:50,DIS,111.91,3,BID
2018-12-17 09:50:50,DIS,111.97,6,ASK
2018-12-17 09:50:50,DIS,111.91,3,BID
2018-12-17 09:50:50,DIS,111.97,6,ASK
2018-12-17 09:50:52,DIS,111.92,9,BID
2018-12-17 09:50:52,DIS,111.97,9,ASK
2018-12-17 09:50:53,DIS,111.92,8,BID
2018-12-17 09:50:52,DIS,111.99,6,ASK
2018-12-17 09:50:53,DIS,111.92,8,BID
2018-12-17 09:50:52,DIS,111.99,6,ASK
2018-12-17 09:50:53,DIS,111.92,8,BID
2018-12-17 09:50:52,DIS,111.99,6,ASK
2018-12-17 09:50:53,DIS,111.92,8,BID
2018-12-17 09:50:52,DIS,111.99,6,ASK
2018-12-17 09:50:53,DIS,111.92,8,BID
2018-12-17 09:50:52,DIS,111.99,6,ASK
2018-12-17 09:50:53,DIS,111.92,8,BID
2018-12-17 09:50:52,DIS,111.99,6,ASK
2018-12-17 09:50:58,DIS,111.92,8,BID
2018-12-17 09:50:52,DIS,111.99,6,ASK
2018-12-17 09:51:00,DIS,111.91,4,BID
2018-12-17 09:50:52,DIS,111.99,7,ASK
2018-12-17 09:51:01,DIS,111.91,3,BID
2018-12-17 09:50:52,DIS,111.99,8,ASK
2018-12-17 09:51:01,DIS,111.91,3,BID
2018-12-17 09:50:52,DIS,111.99,8,ASK
2018-12-17 09:51:03,DIS,111.91,3,BID
2018-12-17 09:51:03,DIS,111.97,2,ASK
2018-12-17 09:51:04,DIS,111.91,3,BID
2018-12-17 09:51:04,DIS,111.97,2,ASK
2018-12-17 09:51:05,DIS,111.91,3,BID
2018-12-17 09:51:05,DIS,111.94,2,ASK
2018-12-17 09:51:06,DIS,111.89,13,BID
2018-12-17 09:51:06,DIS,111.94,2,ASK
2018-12-17 09:51:07,DIS,111.9,8,BID
2018-12-17 09:51:07,DIS,111.93,1,ASK
2018-12-17 09:51:08,DIS,111.89,13,BID
2018-12-17 09:51:08,DIS,111.92,1,ASK
2018-12-17 09:51:09,DIS,111.88,2,BID
2018-12-17 09:51:09,DIS,111.9,2,ASK
2018-12-17 09:51:10,DIS,111.87,5,BID
2018-12-17 09:51:10,DIS,111.91,3,ASK
2018-12-17 09:51:11,DIS,111.87,7,BID
2018-12-17 09:51:11,DIS,111.91,3,ASK
2018-12-17 09:51:11,DIS,111.87,7,BID
2018-12-17 09:51:12,DIS,111.91,4,ASK
2018-12-17 09:51:11,DIS,111.87,7,BID
2018-12-17 09:51:09,DIS,111.91,4,ASK
2018-12-17 09:51:14,DIS,111.81,15,BID
2018-12-17 09:51:14,DIS,111.87,1,ASK
2018-12-17 09:51:14,DIS,111.81,9,BID
2018-12-17 09:51:14,DIS,111.87,1,ASK
2018-12-17 09:51:14,DIS,111.81,9,BID
2018-12-17 09:51:15,DIS,111.87,1,ASK
2018-12-17 09:51:14,DIS,111.81,9,BID
2018-12-17 09:51:15,DIS,111.87,1,ASK
2018-12-17 09:51:17,DIS,111.82,2,BID
2018-12-17 09:51:17,DIS,111.88,3,ASK
2018-12-17 09:51:14,DIS,111.81,9,BID
2018-12-17 09:51:17,DIS,111.88,3,ASK
2018-12-17 09:51:14,DIS,111.81,9,BID
2018-12-17 09:51:17,DIS,111.88,3,ASK
2018-12-17 09:51:14,DIS,111.81,16,BID
2018-12-17 09:51:20,DIS,111.88,3,ASK
2018-12-17 09:51:14,DIS,111.81,9,BID
2018-12-17 09:51:20,DIS,111.88,3,ASK
2018-12-17 09:51:14,DIS,111.81,9,BID
2018-12-17 09:51:20,DIS,111.88,3,ASK
2018-12-17 09:51:24,DIS,111.82,11,BID
2018-12-17 09:51:24,DIS,111.89,6,ASK
2018-12-17 09:51:25,DIS,111.82,9,BID
2018-12-17 09:51:24,DIS,111.89,6,ASK
2018-12-17 09:51:26,DIS,111.82,10,BID
2018-12-17 09:51:26,DIS,111.88,1,ASK
2018-12-17 09:51:27,DIS,111.82,10,BID
2018-12-17 09:51:24,DIS,111.89,6,ASK
2018-12-17 09:51:27,DIS,111.82,10,BID
2018-12-17 09:51:24,DIS,111.89,6,ASK
2018-12-17 09:51:28,DIS,111.82,9,BID
2018-12-17 09:51:24,DIS,111.89,6,ASK
2018-12-17 09:51:30,DIS,111.82,13,BID
2018-12-17 09:51:24,DIS,111.89,6,ASK
2018-12-17 09:51:30,DIS,111.82,12,BID
2018-12-17 09:51:24,DIS,111.89,7,ASK
2018-12-17 09:51:31,DIS,111.85,5,BID
2018-12-17 09:51:31,DIS,111.89,3,ASK
2018-12-17 09:51:31,DIS,111.85,5,BID
2018-12-17 09:51:31,DIS,111.9,1,ASK
2018-12-17 09:51:33,DIS,111.85,5,BID
2018-12-17 09:51:31,DIS,111.91,15,ASK
2018-12-17 09:51:34,DIS,111.85,5,BID
2018-12-17 09:51:31,DIS,111.91,14,ASK
2018-12-17 09:51:36,DIS,111.85,5,BID
2018-12-17 09:51:36,DIS,111.92,9,ASK
2018-12-17 09:51:36,DIS,111.85,7,BID
2018-12-17 09:51:36,DIS,111.92,9,ASK
2018-12-17 09:51:36,DIS,111.85,7,BID
2018-12-17 09:51:36,DIS,111.92,9,ASK
2018-12-17 09:51:36,DIS,111.85,7,BID
2018-12-17 09:51:36,DIS,111.92,9,ASK
2018-12-17 09:51:40,DIS,111.85,9,BID
2018-12-17 09:51:40,DIS,111.92,12,ASK
2018-12-17 09:51:41,DIS,111.85,9,BID
2018-12-17 09:51:41,DIS,111.92,12,ASK
2018-12-17 09:51:41,DIS,111.85,9,BID
2018-12-17 09:51:41,DIS,111.92,12,ASK
2018-12-17 09:51:41,DIS,111.85,9,BID
2018-12-17 09:51:43,DIS,111.92,12,ASK
2018-12-17 09:51:44,DIS,111.85,9,BID
2018-12-17 09:51:44,DIS,111.92,12,ASK
2018-12-17 09:51:45,DIS,111.87,4,BID
2018-12-17 09:51:45,DIS,111.92,7,ASK
2018-12-17 09:51:45,DIS,111.87,4,BID
2018-12-17 09:51:45,DIS,111.92,7,ASK
2018-12-17 09:51:45,DIS,111.87,4,BID
2018-12-17 09:51:45,DIS,111.92,7,ASK
2018-12-17 09:51:45,DIS,111.87,4,BID
2018-12-17 09:51:45,DIS,111.92,7,ASK
2018-12-17 09:51:45,DIS,111.87,4,BID
2018-12-17 09:51:45,DIS,111.92,7,ASK
2018-12-17 09:51:45,DIS,111.87,4,BID
2018-12-17 09:51:45,DIS,111.92,7,ASK
2018-12-17 09:51:45,DIS,111.87,4,BID
2018-12-17 09:51:45,DIS,111.92,7,ASK
2018-12-17 09:51:45,DIS,111.87,4,BID
2018-12-17 09:51:45,DIS,111.92,7,ASK
2018-12-17 09:51:53,DIS,111.88,7,BID
2018-12-17 09:51:53,DIS,111.93,2,ASK
2018-12-17 09:51:55,DIS,111.88,8,BID
2018-12-17 09:51:55,DIS,111.92,3,ASK
2018-12-17 09:51:55,DIS,111.88,14,BID
2018-12-17 09:51:55,DIS,111.9,1,ASK
2018-12-17 09:51:56,DIS,111.89,16,BID
2018-12-17 09:51:56,DIS,111.92,5,ASK
2018-12-17 09:51:57,DIS,111.9,7,BID
2018-12-17 09:51:57,DIS,111.92,1,ASK
2018-12-17 09:51:57,DIS,111.9,6,BID
2018-12-17 09:51:57,DIS,111.93,2,ASK
2018-12-17 09:51:59,DIS,111.91,2,BID
2018-12-17 09:51:59,DIS,111.95,5,ASK
2018-12-17 09:52:00,DIS,111.91,1,BID
2018-12-17 09:52:00,DIS,111.95,5,ASK
2018-12-17 09:52:00,DIS,111.91,5,BID
2018-12-17 09:52:00,DIS,111.96,10,ASK
2018-12-17 09:52:00,DIS,111.91,5,BID
2018-12-17 09:52:00,DIS,111.96,10,ASK
2018-12-17 09:52:00,DIS,111.91,5,BID
2018-12-17 09:52:00,DIS,111.96,10,ASK
2018-12-17 09:52:00,DIS,111.91,5,BID
2018-12-17 09:52:00,DIS,111.96,10,ASK
2018-12-17 09:52:00,DIS,111.91,5,BID
2018-12-17 09:52:00,DIS,111.96,10,ASK
2018-12-17 09:52:00,DIS,111.91,5,BID
2018-12-17 09:52:00,DIS,111.96,10,ASK
2018-12-17 09:52:00,DIS,111.91,5,BID
2018-12-17 09:52:00,DIS,111.96,10,ASK
2018-12-17 09:52:00,DIS,111.91,5,BID
2018-12-17 09:52:00,DIS,111.96,10,ASK
2018-12-17 09:52:00,DIS,111.91,5,BID
2018-12-17 09:52:00,DIS,111.96,10,ASK
2018-12-17 09:52:10,DIS,111.88,8,BID
2018-12-17 09:52:10,DIS,111.91,1,ASK
2018-12-17 09:52:11,DIS,111.88,8,BID
2018-12-17 09:52:11,DIS,111.93,12,ASK
2018-12-17 09:52:12,DIS,111.88,7,BID
2018-12-17 09:52:11,DIS,111.93,13,ASK
2018-12-17 09:52:11,DIS,111.88,7,BID
2018-12-17 09:52:13,DIS,111.93,7,ASK
2018-12-17 09:52:11,DIS,111.88,7,BID
2018-12-17 09:52:13,DIS,111.93,7,ASK
2018-12-17 09:52:15,DIS,111.88,8,BID
2018-12-17 09:52:15,DIS,111.92,6,ASK
2018-12-17 09:52:16,DIS,111.88,1,BID
2018-12-17 09:52:16,DIS,111.91,3,ASK
2018-12-17 09:52:17,DIS,111.87,8,BID
2018-12-17 09:52:17,DIS,111.89,2,ASK
2018-12-17 09:52:18,DIS,111.85,12,BID
2018-12-17 09:52:18,DIS,111.88,1,ASK
2018-12-17 09:52:19,DIS,111.82,13,BID
2018-12-17 09:52:19,DIS,111.87,2,ASK
2018-12-17 09:52:19,DIS,111.82,17,BID
2018-12-17 09:52:20,DIS,111.87,3,ASK
2018-12-17 09:52:19,DIS,111.82,13,BID
2018-12-17 09:52:21,DIS,111.87,4,ASK
2018-12-17 09:52:19,DIS,111.82,13,BID
2018-12-17 09:52:23,DIS,111.87,4,ASK
2018-12-17 09:52:19,DIS,111.82,13,BID
2018-12-17 09:52:23,DIS,111.87,4,ASK
2018-12-17 09:52:24,DIS,111.82,15,BID
2018-12-17 09:52:24,DIS,111.86,1,ASK
2018-12-17 09:52:25,DIS,111.82,15,BID
2018-12-17 09:52:25,DIS,111.86,1,ASK
2018-12-17 09:52:25,DIS,111.82,15,BID
2018-12-17 09:52:23,DIS,111.87,4,ASK
2018-12-17 09:52:27,DIS,111.84,5,BID
2018-12-17 09:52:27,DIS,111.89,1,ASK
2018-12-17 09:52:27,DIS,111.84,5,BID
2018-12-17 09:52:27,DIS,111.89,1,ASK
2018-12-17 09:52:30,DIS,111.84,5,BID
2018-12-17 09:52:29,DIS,111.89,2,ASK
2018-12-17 09:52:30,DIS,111.84,5,BID
2018-12-17 09:52:29,DIS,111.89,2,ASK
2018-12-17 09:52:31,DIS,111.84,5,BID
2018-12-17 09:52:31,DIS,111.89,2,ASK
2018-12-17 09:52:32,DIS,111.84,8,BID
2018-12-17 09:52:32,DIS,111.89,2,ASK
2018-12-17 09:52:32,DIS,111.84,8,BID
2018-12-17 09:52:33,DIS,111.89,3,ASK
2018-12-17 09:52:32,DIS,111.84,8,BID
2018-12-17 09:52:33,DIS,111.89,3,ASK
2018-12-17 09:52:36,DIS,111.84,8,BID
2018-12-17 09:52:36,DIS,111.88,4,ASK
2018-12-17 09:52:36,DIS,111.84,8,BID
2018-12-17 09:52:36,DIS,111.88,4,ASK
2018-12-17 09:52:25,DIS,111.82,15,BID
2018-12-17 09:52:37,DIS,111.87,3,ASK
2018-12-17 09:52:39,DIS,111.82,15,BID
2018-12-17 09:52:39,DIS,111.87,4,ASK
2018-12-17 09:52:39,DIS,111.82,15,BID
2018-12-17 09:52:39,DIS,111.87,4,ASK
2018-12-17 09:52:40,DIS,111.83,2,BID
2018-12-17 09:52:41,DIS,111.86,5,ASK
2018-12-17 09:52:41,DIS,111.81,10,BID
2018-12-17 09:52:41,DIS,111.84,3,ASK
2018-12-17 09:52:42,DIS,111.84,6,BID
2018-12-17 09:52:42,DIS,111.88,5,ASK
2018-12-17 09:52:43,DIS,111.84,7,BID
2018-12-17 09:52:42,DIS,111.88,5,ASK
2018-12-17 09:52:44,DIS,111.87,3,BID
2018-12-17 09:52:44,DIS,111.9,8,ASK
2018-12-17 09:52:45,DIS,111.87,3,BID
2018-12-17 09:52:45,DIS,111.89,1,ASK
2018-12-17 09:52:47,DIS,111.86,9,BID
2018-12-17 09:52:47,DIS,111.89,3,ASK
2018-12-17 09:52:47,DIS,111.85,16,BID
2018-12-17 09:52:48,DIS,111.89,8,ASK
2018-12-17 09:52:47,DIS,111.85,16,BID
2018-12-17 09:52:48,DIS,111.89,9,ASK
2018-12-17 09:52:47,DIS,111.85,16,BID
2018-12-17 09:52:49,DIS,111.89,11,ASK
2018-12-17 09:52:47,DIS,111.85,16,BID
2018-12-17 09:52:50,DIS,111.89,12,ASK
2018-12-17 09:52:47,DIS,111.85,18,BID
2018-12-17 09:52:50,DIS,111.89,13,ASK
2018-12-17 09:52:47,DIS,111.85,18,BID
2018-12-17 09:52:50,DIS,111.89,13,ASK
2018-12-17 09:52:47,DIS,111.85,18,BID
2018-12-17 09:52:50,DIS,111.89,13,ASK
2018-12-17 09:52:47,DIS,111.85,18,BID
2018-12-17 09:52:50,DIS,111.89,13,ASK
2018-12-17 09:52:47,DIS,111.85,18,BID
2018-12-17 09:52:50,DIS,111.89,13,ASK
2018-12-17 09:52:47,DIS,111.85,18,BID
2018-12-17 09:52:50,DIS,111.89,13,ASK
2018-12-17 09:52:47,DIS,111.85,17,BID
2018-12-17 09:52:57,DIS,111.89,3,ASK
2018-12-17 09:52:59,DIS,111.81,16,BID
2018-12-17 09:52:59,DIS,111.87,7,ASK
2018-12-17 09:53:00,DIS,111.81,10,BID
2018-12-17 09:52:59,DIS,111.87,7,ASK
2018-12-17 09:53:01,DIS,111.81,10,BID
2018-12-17 09:52:59,DIS,111.87,7,ASK
2018-12-17 09:53:01,DIS,111.81,10,BID
2018-12-17 09:52:59,DIS,111.87,7,ASK
2018-12-17 09:53:02,DIS,111.81,10,BID
2018-12-17 09:53:02,DIS,111.86,7,ASK
2018-12-17 09:53:02,DIS,111.81,10,BID
2018-12-17 09:53:02,DIS,111.86,7,ASK
2018-12-17 09:53:05,DIS,111.81,11,BID
2018-12-17 09:52:59,DIS,111.87,7,ASK
2018-12-17 09:53:05,DIS,111.81,10,BID
2018-12-17 09:53:05,DIS,111.86,6,ASK
2018-12-17 09:53:07,DIS,111.81,10,BID
2018-12-17 09:53:07,DIS,111.86,8,ASK
2018-12-17 09:53:08,DIS,111.81,12,BID
2018-12-17 09:53:08,DIS,111.86,8,ASK
2018-12-17 09:53:09,DIS,111.79,10,BID
2018-12-17 09:53:09,DIS,111.83,5,ASK
2018-12-17 09:53:10,DIS,111.79,11,BID
2018-12-17 09:53:10,DIS,111.84,10,ASK
2018-12-17 09:53:11,DIS,111.81,4,BID
2018-12-17 09:53:11,DIS,111.86,16,ASK
2018-12-17 09:53:12,DIS,111.81,4,BID
2018-12-17 09:53:11,DIS,111.86,9,ASK
2018-12-17 09:53:13,DIS,111.82,1,BID
2018-12-17 09:53:12,DIS,111.86,12,ASK
2018-12-17 09:53:13,DIS,111.82,2,BID
2018-12-17 09:53:13,DIS,111.87,7,ASK
2018-12-17 09:53:15,DIS,111.82,1,BID
2018-12-17 09:53:15,DIS,111.87,10,ASK
2018-12-17 09:53:15,DIS,111.82,1,BID
2018-12-17 09:53:15,DIS,111.87,10,ASK
2018-12-17 09:53:17,DIS,111.82,16,BID
2018-12-17 09:53:17,DIS,111.87,8,ASK
2018-12-17 09:53:17,DIS,111.82,9,BID
2018-12-17 09:53:17,DIS,111.87,8,ASK
2018-12-17 09:53:17,DIS,111.84,5,BID
2018-12-17 09:52:45,DIS,111.9,18,ASK
2018-12-17 09:53:17,DIS,111.84,5,BID
2018-12-17 09:52:45,DIS,111.9,18,ASK
2018-12-17 09:53:17,DIS,111.84,5,BID
2018-12-17 09:52:45,DIS,111.9,18,ASK
2018-12-17 09:53:17,DIS,111.84,5,BID
2018-12-17 09:52:45,DIS,111.9,18,ASK
2018-12-17 09:53:17,DIS,111.84,5,BID
2018-12-17 09:52:45,DIS,111.9,18,ASK
2018-12-17 09:53:23,DIS,111.84,8,BID
2018-12-17 09:52:45,DIS,111.9,18,ASK
2018-12-17 09:53:23,DIS,111.84,8,BID
2018-12-17 09:52:45,DIS,111.9,18,ASK
2018-12-17 09:53:23,DIS,111.84,8,BID
2018-12-17 09:52:45,DIS,111.9,18,ASK
2018-12-17 09:53:27,DIS,111.84,8,BID
2018-12-17 09:53:27,DIS,111.89,8,ASK
2018-12-17 09:53:27,DIS,111.84,8,BID
2018-12-17 09:53:27,DIS,111.89,8,ASK
2018-12-17 09:53:28,DIS,111.83,1,BID
2018-12-17 09:53:28,DIS,111.88,4,ASK
2018-12-17 09:53:29,DIS,111.83,2,BID
2018-12-17 09:53:29,DIS,111.87,3,ASK
2018-12-17 09:53:30,DIS,111.83,2,BID
2018-12-17 09:53:30,DIS,111.87,3,ASK
2018-12-17 09:53:31,DIS,111.82,16,BID
2018-12-17 09:53:31,DIS,111.87,3,ASK
2018-12-17 09:53:32,DIS,111.82,17,BID
2018-12-17 09:53:32,DIS,111.86,9,ASK
2018-12-17 09:53:32,DIS,111.82,17,BID
2018-12-17 09:53:33,DIS,111.86,11,ASK
2018-12-17 09:53:32,DIS,111.82,17,BID
2018-12-17 09:53:34,DIS,111.86,6,ASK
2018-12-17 09:53:32,DIS,111.82,18,BID
2018-12-17 09:53:35,DIS,111.85,2,ASK
2018-12-17 09:53:32,DIS,111.82,18,BID
2018-12-17 09:53:35,DIS,111.85,2,ASK
2018-12-17 09:53:32,DIS,111.82,17,BID
2018-12-17 09:53:36,DIS,111.85,3,ASK
2018-12-17 09:53:38,DIS,111.81,14,BID
2018-12-17 09:53:38,DIS,111.84,3,ASK
2018-12-17 09:53:38,DIS,111.79,12,BID
2018-12-17 09:53:39,DIS,111.84,3,ASK
2018-12-17 09:53:38,DIS,111.79,12,BID
2018-12-17 09:53:39,DIS,111.84,3,ASK
2018-12-17 09:53:42,DIS,111.79,13,BID
2018-12-17 09:53:42,DIS,111.84,3,ASK
2018-12-17 09:53:42,DIS,111.79,13,BID
2018-12-17 09:53:42,DIS,111.84,3,ASK
2018-12-17 09:53:42,DIS,111.79,13,BID
2018-12-17 09:53:44,DIS,111.84,8,ASK
2018-12-17 09:53:42,DIS,111.79,13,BID
2018-12-17 09:53:44,DIS,111.84,3,ASK
2018-12-17 09:53:42,DIS,111.79,8,BID
2018-12-17 09:53:46,DIS,111.84,8,ASK
2018-12-17 09:53:46,DIS,111.79,8,BID
2018-12-17 09:53:47,DIS,111.84,3,ASK
2018-12-17 09:53:48,DIS,111.76,9,BID
2018-12-17 09:53:48,DIS,111.8,5,ASK
2018-12-17 09:53:49,DIS,111.76,9,BID
2018-12-17 09:53:48,DIS,111.8,5,ASK
2018-12-17 09:53:49,DIS,111.76,9,BID
2018-12-17 09:53:48,DIS,111.8,5,ASK
2018-12-17 09:53:49,DIS,111.76,9,BID
2018-12-17 09:53:48,DIS,111.8,5,ASK
2018-12-17 09:53:49,DIS,111.76,9,BID
2018-12-17 09:53:48,DIS,111.8,5,ASK
2018-12-17 09:53:49,DIS,111.76,9,BID
2018-12-17 09:53:48,DIS,111.8,5,ASK
2018-12-17 09:53:53,DIS,111.8,1,BID
2018-12-17 09:53:53,DIS,111.82,8,ASK
2018-12-17 09:53:53,DIS,111.8,1,BID
2018-12-17 09:53:53,DIS,111.82,8,ASK
2018-12-17 09:53:55,DIS,111.78,1,BID
2018-12-17 09:53:55,DIS,111.82,10,ASK
2018-12-17 09:53:56,DIS,111.78,3,BID
2018-12-17 09:53:57,DIS,111.82,9,ASK
2018-12-17 09:53:58,DIS,111.78,3,BID
2018-12-17 09:53:58,DIS,111.82,12,ASK
2018-12-17 09:53:58,DIS,111.8,5,BID
2018-12-17 09:53:58,DIS,111.87,3,ASK
2018-12-17 09:53:58,DIS,111.8,5,BID
2018-12-17 09:54:00,DIS,111.87,3,ASK
2018-12-17 09:53:58,DIS,111.8,5,BID
2018-12-17 09:54:00,DIS,111.87,3,ASK
2018-12-17 09:54:02,DIS,111.8,9,BID
2018-12-17 09:54:02,DIS,111.87,3,ASK
2018-12-17 09:54:03,DIS,111.8,9,BID
2018-12-17 09:54:03,DIS,111.87,3,ASK
2018-12-17 09:54:03,DIS,111.8,9,BID
2018-12-17 09:54:03,DIS,111.87,3,ASK
2018-12-17 09:54:05,DIS,111.8,9,BID
2018-12-17 09:54:05,DIS,111.87,3,ASK
2018-12-17 09:54:06,DIS,111.81,1,BID
2018-12-17 09:54:06,DIS,111.89,9,ASK
2018-12-17 09:54:06,DIS,111.83,3,BID
2018-12-17 09:52:45,DIS,111.9,18,ASK
2018-12-17 09:54:07,DIS,111.83,3,BID
2018-12-17 09:54:07,DIS,111.89,8,ASK
2018-12-17 09:54:08,DIS,111.83,3,BID
2018-12-17 09:54:07,DIS,111.89,8,ASK
2018-12-17 09:54:08,DIS,111.83,3,BID
2018-12-17 09:54:07,DIS,111.89,8,ASK
2018-12-17 09:54:08,DIS,111.83,3,BID
2018-12-17 09:54:07,DIS,111.89,8,ASK
2018-12-17 09:54:10,DIS,111.83,3,BID
2018-12-17 09:52:45,DIS,111.9,18,ASK
2018-12-17 09:54:10,DIS,111.83,3,BID
2018-12-17 09:54:10,DIS,111.89,7,ASK
2018-12-17 09:54:12,DIS,111.83,3,BID
2018-12-17 09:54:10,DIS,111.89,7,ASK
2018-12-17 09:54:13,DIS,111.83,5,BID
2018-12-17 09:54:13,DIS,111.89,8,ASK
2018-12-17 09:54:14,DIS,111.83,4,BID
2018-12-17 09:54:15,DIS,111.88,1,ASK
2018-12-17 09:54:15,DIS,111.84,4,BID
2018-12-17 09:54:15,DIS,111.88,1,ASK
2018-12-17 09:54:16,DIS,111.84,3,BID
2018-12-17 09:54:16,DIS,111.88,1,ASK
2018-12-17 09:54:17,DIS,111.84,15,BID
2018-12-17 09:54:17,DIS,111.88,1,ASK
2018-12-17 09:54:17,DIS,111.84,15,BID
2018-12-17 09:54:19,DIS,111.88,1,ASK
2018-12-17 09:54:17,DIS,111.84,15,BID
2018-12-17 09:54:19,DIS,111.88,1,ASK
2018-12-17 09:54:17,DIS,111.84,15,BID
2018-12-17 09:54:19,DIS,111.88,1,ASK
2018-12-17 09:54:17,DIS,111.84,15,BID
2018-12-17 09:54:19,DIS,111.88,1,ASK
2018-12-17 09:54:17,DIS,111.84,16,BID
2018-12-17 09:54:24,DIS,111.88,1,ASK
2018-12-17 09:54:25,DIS,111.86,4,BID
2018-12-17 09:52:45,DIS,111.9,18,ASK
2018-12-17 09:54:26,DIS,111.86,6,BID
2018-12-17 09:52:45,DIS,111.9,18,ASK
2018-12-17 09:54:27,DIS,111.87,11,BID
2018-12-17 09:54:27,DIS,111.92,17,ASK
2018-12-17 09:54:27,DIS,111.87,7,BID
2018-12-17 09:54:27,DIS,111.92,17,ASK
2018-12-17 09:54:28,DIS,111.87,12,BID
2018-12-17 09:54:29,DIS,111.92,17,ASK
2018-12-17 09:54:30,DIS,111.88,5,BID
2018-12-17 09:54:30,DIS,111.92,17,ASK
2018-12-17 09:54:30,DIS,111.88,4,BID
2018-12-17 09:54:31,DIS,111.9,1,ASK
2018-12-17 09:54:32,DIS,111.88,6,BID
2018-12-17 09:54:32,DIS,111.9,1,ASK
2018-12-17 09:54:33,DIS,111.87,6,BID
2018-12-17 09:54:33,DIS,111.89,4,ASK
2018-12-17 09:54:17,DIS,111.84,16,BID
2018-12-17 09:54:33,DIS,111.87,7,ASK
2018-12-17 09:54:17,DIS,111.84,16,BID
2018-12-17 09:54:35,DIS,111.87,9,ASK
2018-12-17 09:54:35,DIS,111.84,17,BID
2018-12-17 09:54:36,DIS,111.88,3,ASK
2018-12-17 09:54:36,DIS,111.84,17,BID
2018-12-17 09:54:36,DIS,111.88,7,ASK
2018-12-17 09:54:36,DIS,111.84,17,BID
2018-12-17 09:54:36,DIS,111.88,7,ASK
2018-12-17 09:54:39,DIS,111.84,17,BID
2018-12-17 09:54:36,DIS,111.88,7,ASK
2018-12-17 09:54:40,DIS,111.84,17,BID
2018-12-17 09:54:36,DIS,111.88,12,ASK
2018-12-17 09:54:40,DIS,111.84,17,BID
2018-12-17 09:54:36,DIS,111.88,7,ASK
2018-12-17 09:54:42,DIS,111.82,3,BID
2018-12-17 09:54:42,DIS,111.86,2,ASK
2018-12-17 09:54:43,DIS,111.82,3,BID
2018-12-17 09:54:43,DIS,111.87,9,ASK
2018-12-17 09:54:44,DIS,111.82,3,BID
2018-12-17 09:54:44,DIS,111.86,11,ASK
2018-12-17 09:54:44,DIS,111.82,3,BID
2018-12-17 09:54:44,DIS,111.86,9,ASK
2018-12-17 09:54:46,DIS,111.81,4,BID
2018-12-17 09:54:46,DIS,111.86,9,ASK
2018-12-17 09:54:47,DIS,111.81,6,BID
2018-12-17 09:54:47,DIS,111.86,10,ASK
2018-12-17 09:54:47,DIS,111.81,6,BID
2018-12-17 09:54:47,DIS,111.86,10,ASK
2018-12-17 09:54:49,DIS,111.81,6,BID
2018-12-17 09:54:44,DIS,111.87,15,ASK
2018-12-17 09:54:50,DIS,111.81,7,BID
2018-12-17 09:54:50,DIS,111.87,14,ASK
2018-12-17 09:54:51,DIS,111.81,6,BID
2018-12-17 09:54:51,DIS,111.87,15,ASK
2018-12-17 09:54:51,DIS,111.81,6,BID
2018-12-17 09:54:51,DIS,111.87,15,ASK
2018-12-17 09:54:53,DIS,111.81,7,BID
2018-12-17 09:54:53,DIS,111.87,15,ASK
2018-12-17 09:54:54,DIS,111.83,4,BID
2018-12-17 09:54:35,DIS,111.89,11,ASK
2018-12-17 09:54:55,DIS,111.83,3,BID
2018-12-17 09:54:35,DIS,111.89,11,ASK
2018-12-17 09:54:55,DIS,111.83,3,BID
2018-12-17 09:54:35,DIS,111.89,11,ASK
2018-12-17 09:54:55,DIS,111.83,3,BID
2018-12-17 09:54:35,DIS,111.89,11,ASK
2018-12-17 09:54:55,DIS,111.83,3,BID
2018-12-17 09:54:35,DIS,111.89,11,ASK
2018-12-17 09:54:59,DIS,111.83,3,BID
2018-12-17 09:54:35,DIS,111.89,11,ASK
2018-12-17 09:55:00,DIS,111.83,3,BID
2018-12-17 09:54:35,DIS,111.89,11,ASK
2018-12-17 09:55:01,DIS,111.88,1,BID
2018-12-17 09:55:01,DIS,111.92,13,ASK
2018-12-17 09:55:01,DIS,111.88,1,BID
2018-12-17 09:55:01,DIS,111.92,13,ASK
2018-12-17 09:55:01,DIS,111.88,1,BID
2018-12-17 09:55:01,DIS,111.92,13,ASK
2018-12-17 09:55:02,DIS,111.9,2,BID
2018-12-17 09:55:02,DIS,111.94,9,ASK
2018-12-17 09:55:03,DIS,111.9,14,BID
2018-12-17 09:52:10,DIS,111.95,32,ASK
2018-12-17 09:55:04,DIS,111.91,2,BID
2018-12-17 09:52:10,DIS,111.95,32,ASK
2018-12-17 09:55:04,DIS,111.91,2,BID
2018-12-17 09:52:10,DIS,111.95,32,ASK
2018-12-17 09:55:04,DIS,111.95,4,BID
2018-12-17 09:55:04,DIS,111.99,6,ASK
2018-12-17 09:55:05,DIS,111.95,7,BID
2018-12-17 09:55:05,DIS,111.99,6,ASK
2018-12-17 09:55:05,DIS,111.95,7,BID
2018-12-17 09:55:05,DIS,111.99,6,ASK
2018-12-17 09:55:05,DIS,111.95,7,BID
2018-12-17 09:55:05,DIS,111.99,6,ASK
2018-12-17 09:55:09,DIS,111.95,13,BID
2018-12-17 09:55:09,DIS,111.99,6,ASK
2018-12-17 09:55:09,DIS,111.95,13,BID
2018-12-17 09:55:09,DIS,111.99,6,ASK
2018-12-17 09:55:14,DIS,111.96,10,BID
2018-12-17 09:55:14,DIS,111.99,1,ASK
2018-12-17 09:55:15,DIS,111.93,1,BID
2018-12-17 09:55:15,DIS,111.96,17,ASK
2018-12-17 09:55:16,DIS,111.93,12,BID
2018-12-17 09:55:16,DIS,111.98,8,ASK
2018-12-17 09:55:16,DIS,111.93,12,BID
2018-12-17 09:55:16,DIS,111.98,3,ASK
2018-12-17 09:55:16,DIS,111.93,12,BID
2018-12-17 09:55:16,DIS,111.98,3,ASK
2018-12-17 09:55:16,DIS,111.93,12,BID
2018-12-17 09:55:16,DIS,111.98,3,ASK
2018-12-17 09:55:16,DIS,111.93,12,BID
2018-12-17 09:55:20,DIS,111.98,3,ASK
2018-12-17 09:55:16,DIS,111.93,12,BID
2018-12-17 09:55:20,DIS,111.98,3,ASK
2018-12-17 09:55:16,DIS,111.93,12,BID
2018-12-17 09:55:20,DIS,111.98,3,ASK
2018-12-17 09:55:16,DIS,111.93,12,BID
2018-12-17 09:55:20,DIS,111.98,3,ASK
2018-12-17 09:55:16,DIS,111.93,12,BID
2018-12-17 09:55:24,DIS,111.98,2,ASK
2018-12-17 09:55:16,DIS,111.93,10,BID
2018-12-17 09:55:25,DIS,111.98,8,ASK
2018-12-17 09:55:26,DIS,111.93,12,BID
2018-12-17 09:55:26,DIS,111.98,6,ASK
2018-12-17 09:55:26,DIS,111.93,12,BID
2018-12-17 09:55:27,DIS,111.98,7,ASK
2018-12-17 09:55:28,DIS,111.93,13,BID
2018-12-17 09:55:28,DIS,111.97,5,ASK
2018-12-17 09:55:30,DIS,111.93,13,BID
2018-12-17 09:55:30,DIS,111.97,4,ASK
2018-12-17 09:55:30,DIS,111.93,13,BID
2018-12-17 09:55:30,DIS,111.97,4,ASK
2018-12-17 09:55:30,DIS,111.93,13,BID
2018-12-17 09:55:30,DIS,111.97,4,ASK
2018-12-17 09:55:30,DIS,111.93,13,BID
2018-12-17 09:55:30,DIS,111.97,4,ASK
2018-12-17 09:55:30,DIS,111.93,14,BID
2018-12-17 09:55:33,DIS,111.97,4,ASK
2018-12-17 09:55:30,DIS,111.93,13,BID
2018-12-17 09:55:34,DIS,111.98,3,ASK
2018-12-17 09:55:30,DIS,111.93,12,BID
2018-12-17 09:55:35,DIS,111.98,3,ASK
2018-12-17 09:55:30,DIS,111.93,12,BID
2018-12-17 09:55:36,DIS,111.98,8,ASK
2018-12-17 09:55:30,DIS,111.93,12,BID
2018-12-17 09:55:38,DIS,111.97,1,ASK
2018-12-17 09:55:30,DIS,111.93,12,BID
2018-12-17 09:55:38,DIS,111.97,1,ASK
2018-12-17 09:55:39,DIS,111.93,13,BID
2018-12-17 09:55:39,DIS,111.98,3,ASK
2018-12-17 09:55:39,DIS,111.93,13,BID
2018-12-17 09:55:39,DIS,111.98,3,ASK
2018-12-17 09:55:39,DIS,111.93,13,BID
2018-12-17 09:55:41,DIS,111.98,9,ASK
2018-12-17 09:55:39,DIS,111.93,13,BID
2018-12-17 09:55:42,DIS,111.98,10,ASK
2018-12-17 09:55:43,DIS,111.94,2,BID
2018-12-17 09:55:43,DIS,111.98,3,ASK
2018-12-17 09:55:44,DIS,111.94,2,BID
2018-12-17 09:55:44,DIS,111.98,3,ASK
2018-12-17 09:55:44,DIS,111.94,2,BID
2018-12-17 09:55:44,DIS,111.98,3,ASK
2018-12-17 09:55:46,DIS,111.94,2,BID
2018-12-17 09:55:46,DIS,111.99,6,ASK
2018-12-17 09:55:46,DIS,111.94,2,BID
2018-12-17 09:55:46,DIS,111.99,6,ASK
2018-12-17 09:55:46,DIS,111.94,2,BID
2018-12-17 09:55:46,DIS,111.99,6,ASK
2018-12-17 09:55:49,DIS,111.95,3,BID
2018-12-17 09:55:49,DIS,111.99,6,ASK
2018-12-17 09:55:49,DIS,111.95,3,BID
2018-12-17 09:55:49,DIS,111.99,6,ASK
2018-12-17 09:55:51,DIS,111.95,5,BID
2018-12-17 09:55:51,DIS,111.99,6,ASK
2018-12-17 09:55:51,DIS,111.95,5,BID
2018-12-17 09:55:51,DIS,111.99,6,ASK
2018-12-17 09:55:54,DIS,111.94,2,BID
2018-12-17 09:55:54,DIS,111.97,7,ASK
2018-12-17 09:55:54,DIS,111.93,12,BID
2018-12-17 09:55:54,DIS,111.95,5,ASK
2018-12-17 09:55:55,DIS,111.93,12,BID
2018-12-17 09:55:55,DIS,111.95,7,ASK
2018-12-17 09:55:56,DIS,111.91,3,BID
2018-12-17 09:55:56,DIS,111.94,6,ASK
2018-12-17 09:55:04,DIS,111.9,14,BID
2018-12-17 09:55:57,DIS,111.93,17,ASK
2018-12-17 09:55:04,DIS,111.9,11,BID
2018-12-17 09:55:59,DIS,111.93,17,ASK
2018-12-17 09:56:00,DIS,111.89,9,BID
2018-12-17 09:56:00,DIS,111.91,2,ASK
2018-12-17 09:56:00,DIS,111.89,9,BID
2018-12-17 09:56:00,DIS,111.91,2,ASK
2018-12-17 09:56:00,DIS,111.89,9,BID
2018-12-17 09:56:00,DIS,111.91,2,ASK
2018-12-17 09:56:00,DIS,111.89,9,BID
2018-12-17 09:56:00,DIS,111.91,2,ASK
2018-12-17 09:56:04,DIS,111.86,3,BID
2018-12-17 09:56:04,DIS,111.89,2,ASK
2018-12-17 09:56:04,DIS,111.86,3,BID
2018-12-17 09:56:04,DIS,111.89,2,ASK
2018-12-17 09:56:04,DIS,111.86,3,BID
2018-12-17 09:56:04,DIS,111.89,2,ASK
2018-12-17 09:56:07,DIS,111.86,3,BID
2018-12-17 09:56:05,DIS,111.89,3,ASK
2018-12-17 09:56:07,DIS,111.88,1,BID
2018-12-17 09:56:07,DIS,111.92,7,ASK
2018-12-17 09:56:08,DIS,111.88,1,BID
2018-12-17 09:56:07,DIS,111.92,7,ASK
2018-12-17 09:56:09,DIS,111.88,2,BID
2018-12-17 09:56:07,DIS,111.92,7,ASK
2018-12-17 09:56:07,DIS,111.87,12,BID
2018-12-17 09:56:10,DIS,111.92,7,ASK
2018-12-17 09:56:07,DIS,111.87,12,BID
2018-12-17 09:56:10,DIS,111.92,7,ASK
2018-12-17 09:56:07,DIS,111.87,12,BID
2018-12-17 09:56:10,DIS,111.92,7,ASK
2018-12-17 09:56:07,DIS,111.87,12,BID
2018-12-17 09:56:10,DIS,111.92,7,ASK
2018-12-17 09:56:15,DIS,111.87,6,BID
2018-12-17 09:56:15,DIS,111.92,14,ASK
2018-12-17 09:56:16,DIS,111.87,6,BID
2018-12-17 09:56:16,DIS,111.92,14,ASK
2018-12-17 09:56:16,DIS,111.87,6,BID
2018-12-17 09:56:16,DIS,111.92,14,ASK
2018-12-17 09:56:16,DIS,111.87,6,BID
2018-12-17 09:56:16,DIS,111.92,14,ASK
2018-12-17 09:56:18,DIS,111.87,15,BID
2018-12-17 09:56:18,DIS,111.92,14,ASK
2018-12-17 09:56:19,DIS,111.87,13,BID
2018-12-17 09:56:19,DIS,111.92,20,ASK
2018-12-17 09:56:21,DIS,111.84,4,BID
2018-12-17 09:56:20,DIS,111.89,7,ASK
2018-12-17 09:56:21,DIS,111.84,6,BID
2018-12-17 09:56:20,DIS,111.89,7,ASK
2018-12-17 09:56:22,DIS,111.84,7,BID
2018-12-17 09:56:20,DIS,111.89,7,ASK
2018-12-17 09:56:24,DIS,111.84,7,BID
2018-12-17 09:56:24,DIS,111.87,20,ASK
2018-12-17 09:56:24,DIS,111.84,7,BID
2018-12-17 09:56:24,DIS,111.87,20,ASK
2018-12-17 09:56:24,DIS,111.84,7,BID
2018-12-17 09:56:24,DIS,111.87,20,ASK
2018-12-17 09:56:24,DIS,111.84,7,BID
2018-12-17 09:56:24,DIS,111.87,20,ASK
2018-12-17 09:56:24,DIS,111.84,7,BID
2018-12-17 09:56:24,DIS,111.87,20,ASK
2018-12-17 09:56:27,DIS,111.85,3,BID
2018-12-17 09:56:27,DIS,111.89,8,ASK
2018-12-17 09:56:28,DIS,111.85,3,BID
2018-12-17 09:56:28,DIS,111.89,9,ASK
2018-12-17 09:56:31,DIS,111.85,3,BID
2018-12-17 09:56:19,DIS,111.92,21,ASK
2018-12-17 09:56:31,DIS,111.85,3,BID
2018-12-17 09:56:31,DIS,111.91,8,ASK
2018-12-17 09:56:31,DIS,111.85,3,BID
2018-12-17 09:56:31,DIS,111.91,8,ASK
2018-12-17 09:56:31,DIS,111.85,3,BID
2018-12-17 09:56:31,DIS,111.91,8,ASK
2018-12-17 09:56:34,DIS,111.85,3,BID
2018-12-17 09:56:34,DIS,111.91,11,ASK
2018-12-17 09:56:35,DIS,111.86,2,BID
2018-12-17 09:56:35,DIS,111.91,9,ASK
2018-12-17 09:56:35,DIS,111.86,2,BID
2018-12-17 09:56:35,DIS,111.91,9,ASK
2018-12-17 09:56:37,DIS,111.86,5,BID
2018-12-17 09:56:35,DIS,111.91,9,ASK
2018-12-17 09:56:37,DIS,111.86,5,BID
2018-12-17 09:56:19,DIS,111.92,14,ASK
2018-12-17 09:56:40,DIS,111.88,3,BID
2018-12-17 09:56:40,DIS,111.95,15,ASK
2018-12-17 09:56:40,DIS,111.88,3,BID
2018-12-17 09:56:40,DIS,111.95,15,ASK
2018-12-17 09:56:42,DIS,111.93,1,BID
2018-12-17 09:56:42,DIS,111.95,10,ASK
2018-12-17 09:56:42,DIS,111.93,3,BID
2018-12-17 09:56:42,DIS,111.96,8,ASK
2018-12-17 09:56:43,DIS,111.93,1,BID
2018-12-17 09:56:43,DIS,111.94,11,ASK
2018-12-17 09:56:44,DIS,111.93,1,BID
2018-12-17 09:56:43,DIS,111.94,11,ASK
2018-12-17 09:56:45,DIS,111.93,3,BID
2018-12-17 09:56:45,DIS,111.95,9,ASK
2018-12-17 09:56:47,DIS,111.93,3,BID
2018-12-17 09:56:45,DIS,111.95,8,ASK
2018-12-17 09:56:48,DIS,111.93,6,BID
2018-12-17 09:56:48,DIS,111.97,10,ASK
2018-12-17 09:56:48,DIS,111.94,3,BID
2018-12-17 09:56:48,DIS,111.98,3,ASK
2018-12-17 09:56:49,DIS,111.94,5,BID
2018-12-17 09:56:49,DIS,111.98,3,ASK
2018-12-17 09:56:51,DIS,111.95,4,BID
2018-12-17 09:56:51,DIS,111.99,8,ASK
2018-12-17 09:56:52,DIS,111.95,4,BID
2018-12-17 09:56:51,DIS,111.99,10,ASK
2018-12-17 09:56:52,DIS,111.95,4,BID
2018-12-17 09:56:52,DIS,111.99,9,ASK
2018-12-17 09:56:54,DIS,111.95,4,BID
2018-12-17 09:56:52,DIS,111.99,12,ASK
2018-12-17 09:56:55,DIS,111.95,7,BID
2018-12-17 09:56:54,DIS,111.99,14,ASK
2018-12-17 09:56:55,DIS,111.95,7,BID
2018-12-17 09:56:55,DIS,111.99,13,ASK
2018-12-17 09:56:55,DIS,111.95,7,BID
2018-12-17 09:56:55,DIS,111.99,13,ASK
2018-12-17 09:56:57,DIS,111.95,7,BID
2018-12-17 09:56:57,DIS,111.99,13,ASK
2018-12-17 09:56:59,DIS,111.96,3,BID
2018-12-17 09:56:59,DIS,112.0,8,ASK
2018-12-17 09:56:59,DIS,111.96,3,BID
2018-12-17 09:56:59,DIS,112.0,8,ASK
2018-12-17 09:57:00,DIS,111.96,3,BID
2018-12-17 09:57:00,DIS,112.0,8,ASK
2018-12-17 09:57:02,DIS,111.96,11,BID
2018-12-17 09:57:02,DIS,112.01,11,ASK
2018-12-17 09:57:03,DIS,111.97,1,BID
2018-12-17 09:57:03,DIS,112.02,9,ASK
2018-12-17 09:57:03,DIS,111.97,1,BID
2018-12-17 09:57:03,DIS,112.02,9,ASK
2018-12-17 09:57:04,DIS,111.95,8,BID
2018-12-17 09:57:04,DIS,112.0,8,ASK
2018-12-17 09:57:04,DIS,111.95,8,BID
2018-12-17 09:57:04,DIS,112.0,8,ASK
2018-12-17 09:57:07,DIS,111.95,3,BID
2018-12-17 09:57:07,DIS,111.99,3,ASK
2018-12-17 09:57:07,DIS,111.95,3,BID
2018-12-17 09:57:07,DIS,111.99,3,ASK
2018-12-17 09:57:07,DIS,111.95,3,BID
2018-12-17 09:57:07,DIS,111.99,3,ASK
2018-12-17 09:57:09,DIS,111.95,4,BID
2018-12-17 09:57:09,DIS,111.99,3,ASK
2018-12-17 09:57:09,DIS,111.95,4,BID
2018-12-17 09:57:10,DIS,111.99,3,ASK
2018-12-17 09:57:11,DIS,111.95,4,BID
2018-12-17 09:57:11,DIS,111.98,4,ASK
2018-12-17 09:57:13,DIS,111.93,5,BID
2018-12-17 09:57:13,DIS,111.95,10,ASK
2018-12-17 09:57:13,DIS,111.93,5,BID
2018-12-17 09:57:13,DIS,111.97,5,ASK
2018-12-17 09:57:13,DIS,111.93,5,BID
2018-12-17 09:57:13,DIS,111.97,5,ASK
2018-12-17 09:57:16,DIS,111.94,3,BID
2018-12-17 09:57:16,DIS,111.98,2,ASK
2018-12-17 09:57:16,DIS,111.94,3,BID
2018-12-17 09:57:16,DIS,111.98,2,ASK
2018-12-17 09:57:16,DIS,111.94,3,BID
2018-12-17 09:57:16,DIS,111.98,2,ASK
2018-12-17 09:57:16,DIS,111.94,3,BID
2018-12-17 09:57:16,DIS,111.98,2,ASK
2018-12-17 09:57:16,DIS,111.94,3,BID
2018-12-17 09:57:16,DIS,111.98,2,ASK
2018-12-17 09:57:16,DIS,111.94,3,BID
2018-12-17 09:57:16,DIS,111.98,2,ASK
2018-12-17 09:57:21,DIS,111.94,3,BID
2018-12-17 09:57:21,DIS,111.98,4,ASK
2018-12-17 09:57:21,DIS,111.94,3,BID
2018-12-17 09:57:21,DIS,111.98,4,ASK
2018-12-17 09:57:21,DIS,111.94,3,BID
2018-12-17 09:57:21,DIS,111.98,4,ASK
2018-12-17 09:57:25,DIS,111.94,4,BID
2018-12-17 09:57:25,DIS,111.98,7,ASK
2018-12-17 09:57:26,DIS,111.93,9,BID
2018-12-17 09:57:26,DIS,111.97,4,ASK
2018-12-17 09:57:27,DIS,111.94,3,BID
2018-12-17 09:57:27,DIS,111.98,12,ASK
2018-12-17 09:57:27,DIS,111.94,3,BID
2018-12-17 09:57:27,DIS,111.98,12,ASK
2018-12-17 09:57:27,DIS,111.94,3,BID
2018-12-17 09:57:27,DIS,111.98,12,ASK
2018-12-17 09:57:30,DIS,111.94,3,BID
2018-12-17 09:57:27,DIS,111.98,12,ASK
2018-12-17 09:57:30,DIS,111.93,11,BID
2018-12-17 09:57:30,DIS,111.97,6,ASK
2018-12-17 09:57:31,DIS,111.94,3,BID
2018-12-17 09:57:31,DIS,111.98,12,ASK
2018-12-17 09:57:31,DIS,111.94,3,BID
2018-12-17 09:57:31,DIS,111.98,12,ASK
2018-12-17 09:57:34,DIS,111.95,2,BID
2018-12-17 09:57:34,DIS,112.0,3,ASK
2018-12-17 09:57:34,DIS,111.95,2,BID
2018-12-17 09:57:34,DIS,112.0,3,ASK
2018-12-17 09:57:34,DIS,111.95,2,BID
2018-12-17 09:57:34,DIS,112.0,3,ASK
2018-12-17 09:57:36,DIS,111.95,2,BID
2018-12-17 09:57:36,DIS,112.0,8,ASK
2018-12-17 09:57:37,DIS,111.95,2,BID
2018-12-17 09:57:37,DIS,112.0,3,ASK
2018-12-17 09:57:39,DIS,111.98,1,BID
2018-12-17 09:57:39,DIS,112.02,9,ASK
2018-12-17 09:57:40,DIS,111.95,13,BID
2018-12-17 09:57:40,DIS,112.0,3,ASK
2018-12-17 09:57:41,DIS,111.94,3,BID
2018-12-17 09:57:41,DIS,112.0,3,ASK
2018-12-17 09:57:41,DIS,111.94,3,BID
2018-12-17 09:57:41,DIS,112.0,3,ASK
2018-12-17 09:57:43,DIS,111.95,1,BID
2018-12-17 09:57:43,DIS,112.0,3,ASK
2018-12-17 09:57:43,DIS,111.95,1,BID
2018-12-17 09:57:43,DIS,112.0,3,ASK
2018-12-17 09:57:43,DIS,111.95,1,BID
2018-12-17 09:57:43,DIS,112.0,3,ASK
2018-12-17 09:57:45,DIS,111.95,1,BID
2018-12-17 09:57:45,DIS,112.0,3,ASK
2018-12-17 09:57:47,DIS,111.95,3,BID
2018-12-17 09:57:47,DIS,112.0,3,ASK
2018-12-17 09:57:47,DIS,111.95,4,BID
2018-12-17 09:57:47,DIS,112.0,9,ASK
2018-12-17 09:57:31,DIS,111.93,10,BID
2018-12-17 09:57:48,DIS,111.96,2,ASK
2018-12-17 09:57:31,DIS,111.93,8,BID
2018-12-17 09:57:50,DIS,111.94,1,ASK
2018-12-17 09:57:31,DIS,111.93,9,BID
2018-12-17 09:57:50,DIS,111.95,9,ASK
2018-12-17 09:57:31,DIS,111.93,9,BID
2018-12-17 09:57:52,DIS,111.95,9,ASK
2018-12-17 09:57:31,DIS,111.93,9,BID
2018-12-17 09:57:52,DIS,111.95,9,ASK
2018-12-17 09:57:54,DIS,111.93,10,BID
2018-12-17 09:57:54,DIS,111.96,7,ASK
2018-12-17 09:57:54,DIS,111.93,9,BID
2018-12-17 09:57:54,DIS,111.95,10,ASK
2018-12-17 09:57:54,DIS,111.93,9,BID
2018-12-17 09:57:54,DIS,111.95,10,ASK
2018-12-17 09:57:54,DIS,111.93,9,BID
2018-12-17 09:57:54,DIS,111.95,10,ASK
2018-12-17 09:57:54,DIS,111.93,9,BID
2018-12-17 09:57:58,DIS,111.95,1,ASK
2018-12-17 09:57:54,DIS,111.93,9,BID
2018-12-17 09:57:59,DIS,111.95,1,ASK
2018-12-17 09:58:00,DIS,111.94,4,BID
2018-12-17 09:58:00,DIS,111.96,10,ASK
2018-12-17 09:58:01,DIS,111.94,3,BID
2018-12-17 09:58:01,DIS,111.97,6,ASK
2018-12-17 09:58:02,DIS,111.94,3,BID
2018-12-17 09:58:01,DIS,111.97,6,ASK
2018-12-17 09:58:02,DIS,111.94,3,BID
2018-12-17 09:58:01,DIS,111.97,6,ASK
2018-12-17 09:58:04,DIS,111.96,1,BID
2018-12-17 09:58:01,DIS,111.97,3,ASK
2018-12-17 09:57:54,DIS,111.93,12,BID
2018-12-17 09:58:05,DIS,111.97,11,ASK
2018-12-17 09:57:54,DIS,111.93,12,BID
2018-12-17 09:58:06,DIS,111.97,11,ASK
2018-12-17 09:57:54,DIS,111.93,12,BID
2018-12-17 09:58:06,DIS,111.97,11,ASK
2018-12-17 09:58:08,DIS,111.93,12,BID
2018-12-17 09:58:08,DIS,111.94,1,ASK
2018-12-17 09:58:08,DIS,111.93,12,BID
2018-12-17 09:58:08,DIS,111.96,7,ASK
2018-12-17 09:58:08,DIS,111.93,11,BID
2018-12-17 09:58:10,DIS,111.96,9,ASK
2018-12-17 09:58:08,DIS,111.93,11,BID
2018-12-17 09:58:11,DIS,111.96,8,ASK
2018-12-17 09:58:08,DIS,111.93,11,BID
2018-12-17 09:58:11,DIS,111.96,8,ASK
2018-12-17 09:58:08,DIS,111.93,11,BID
2018-12-17 09:58:11,DIS,111.96,8,ASK
2018-12-17 09:58:08,DIS,111.93,11,BID
2018-12-17 09:58:11,DIS,111.96,8,ASK
2018-12-17 09:58:05,DIS,111.93,11,BID
2018-12-17 09:58:10,DIS,111.96,8,ASK
2018-12-17 09:58:05,DIS,111.93,11,BID
2018-12-17 09:58:15,DIS,111.96,8,ASK
2018-12-17 09:58:05,DIS,111.93,11,BID
2018-12-17 09:58:15,DIS,111.96,8,ASK
2018-12-17 09:58:05,DIS,111.93,11,BID
2018-12-17 09:58:18,DIS,111.95,1,ASK
2018-12-17 09:58:05,DIS,111.93,11,BID
2018-12-17 09:58:19,DIS,111.96,6,ASK
2018-12-17 09:58:05,DIS,111.93,11,BID
2018-12-17 09:58:20,DIS,111.96,6,ASK
2018-12-17 09:58:21,DIS,111.94,3,BID
2018-12-17 09:58:02,DIS,111.97,11,ASK
2018-12-17 09:58:21,DIS,111.94,4,BID
2018-12-17 09:58:02,DIS,111.97,11,ASK
2018-12-17 09:58:23,DIS,111.95,10,BID
2018-12-17 09:58:23,DIS,112.0,3,ASK
2018-12-17 09:58:23,DIS,111.95,11,BID
2018-12-17 09:58:23,DIS,112.0,3,ASK
2018-12-17 09:58:25,DIS,111.95,11,BID
2018-12-17 09:58:25,DIS,112.0,3,ASK
2018-12-17 09:58:25,DIS,111.95,11,BID
2018-12-17 09:58:25,DIS,111.99,5,ASK
2018-12-17 09:58:27,DIS,111.93,8,BID
2018-12-17 09:58:27,DIS,111.97,7,ASK
2018-12-17 09:58:27,DIS,111.93,8,BID
2018-12-17 09:58:27,DIS,111.97,7,ASK
2018-12-17 09:58:27,DIS,111.93,8,BID
2018-12-17 09:58:27,DIS,111.97,7,ASK
2018-12-17 09:58:27,DIS,111.93,8,BID
2018-12-17 09:58:30,DIS,111.97,7,ASK
2018-12-17 09:58:31,DIS,111.94,3,BID
2018-12-17 09:58:31,DIS,111.98,11,ASK
2018-12-17 09:58:31,DIS,111.94,3,BID
2018-12-17 09:58:31,DIS,111.98,11,ASK
2018-12-17 09:58:33,DIS,111.94,3,BID
2018-12-17 09:58:33,DIS,111.98,13,ASK
2018-12-17 09:58:33,DIS,111.94,3,BID
2018-12-17 09:58:33,DIS,111.98,13,ASK
2018-12-17 09:58:35,DIS,111.94,3,BID
2018-12-17 09:58:35,DIS,111.97,4,ASK
2018-12-17 09:58:36,DIS,111.94,4,BID
2018-12-17 09:58:36,DIS,111.97,4,ASK
2018-12-17 09:58:36,DIS,111.94,4,BID
2018-12-17 09:58:36,DIS,111.97,4,ASK
2018-12-17 09:58:27,DIS,111.93,8,BID
2018-12-17 09:58:37,DIS,111.97,4,ASK
2018-12-17 09:58:27,DIS,111.93,8,BID
2018-12-17 09:58:37,DIS,111.97,4,ASK
2018-12-17 09:58:40,DIS,111.94,3,BID
2018-12-17 09:58:40,DIS,111.97,5,ASK
2018-12-17 09:58:41,DIS,111.94,3,BID
2018-12-17 09:58:41,DIS,111.98,13,ASK
2018-12-17 09:58:42,DIS,111.94,4,BID
2018-12-17 09:58:42,DIS,111.97,3,ASK
2018-12-17 09:58:43,DIS,111.94,6,BID
2018-12-17 09:58:43,DIS,111.99,11,ASK
2018-12-17 09:58:44,DIS,111.94,6,BID
2018-12-17 09:58:44,DIS,111.99,12,ASK
2018-12-17 09:58:44,DIS,111.94,6,BID
2018-12-17 09:58:44,DIS,111.99,6,ASK
2018-12-17 09:58:44,DIS,111.94,6,BID
2018-12-17 09:58:44,DIS,111.99,6,ASK
2018-12-17 09:58:44,DIS,111.94,6,BID
2018-12-17 09:58:44,DIS,111.99,6,ASK
2018-12-17 09:58:44,DIS,111.94,6,BID
2018-12-17 09:58:44,DIS,111.99,6,ASK
2018-12-17 09:58:49,DIS,111.95,3,BID
2018-12-17 09:58:44,DIS,111.99,6,ASK
2018-12-17 09:58:50,DIS,111.95,3,BID
2018-12-17 09:58:50,DIS,111.99,6,ASK
2018-12-17 09:58:50,DIS,111.95,3,BID
2018-12-17 09:58:50,DIS,111.99,6,ASK
2018-12-17 09:58:50,DIS,111.95,3,BID
2018-12-17 09:58:50,DIS,111.99,6,ASK
2018-12-17 09:58:53,DIS,111.95,4,BID
2018-12-17 09:58:53,DIS,111.98,15,ASK
2018-12-17 09:58:54,DIS,111.95,4,BID
2018-12-17 09:58:54,DIS,111.99,6,ASK
2018-12-17 09:58:54,DIS,111.95,4,BID
2018-12-17 09:58:54,DIS,111.99,6,ASK
2018-12-17 09:58:54,DIS,111.95,4,BID
2018-12-17 09:58:54,DIS,111.99,6,ASK
2018-12-17 09:58:54,DIS,111.95,4,BID
2018-12-17 09:58:54,DIS,111.99,6,ASK
2018-12-17 09:58:54,DIS,111.95,4,BID
2018-12-17 09:58:58,DIS,111.99,6,ASK
2018-12-17 09:58:59,DIS,111.95,7,BID
2018-12-17 09:58:59,DIS,111.99,5,ASK
2018-12-17 09:58:59,DIS,111.95,7,BID
2018-12-17 09:59:00,DIS,111.99,8,ASK
2018-12-17 09:59:01,DIS,111.95,15,BID
2018-12-17 09:59:00,DIS,111.99,8,ASK
2018-12-17 09:59:01,DIS,111.95,10,BID
2018-12-17 09:59:00,DIS,111.99,8,ASK
2018-12-17 09:59:01,DIS,111.95,10,BID
2018-12-17 09:59:00,DIS,111.99,8,ASK
2018-12-17 09:59:04,DIS,111.95,10,BID
2018-12-17 09:59:00,DIS,111.99,8,ASK
2018-12-17 09:59:04,DIS,111.95,10,BID
2018-12-17 09:59:00,DIS,111.99,8,ASK
2018-12-17 09:59:06,DIS,111.95,10,BID
2018-12-17 09:59:00,DIS,111.99,8,ASK
2018-12-17 09:59:06,DIS,111.95,10,BID
2018-12-17 09:59:00,DIS,111.99,8,ASK
2018-12-17 09:59:06,DIS,111.95,10,BID
2018-12-17 09:59:00,DIS,111.99,8,ASK
2018-12-17 09:59:06,DIS,111.95,10,BID
2018-12-17 09:59:00,DIS,111.99,8,ASK
2018-12-17 09:59:10,DIS,111.95,17,BID
2018-12-17 09:59:00,DIS,111.99,7,ASK
2018-12-17 09:59:11,DIS,111.97,3,BID
2018-12-17 09:59:11,DIS,112.01,9,ASK
2018-12-17 09:59:12,DIS,111.97,4,BID
2018-12-17 09:59:12,DIS,112.0,1,ASK
2018-12-17 09:59:12,DIS,111.97,4,BID
2018-12-17 09:59:12,DIS,112.0,1,ASK
2018-12-17 09:59:14,DIS,111.97,4,BID
2018-12-17 09:59:11,DIS,112.01,9,ASK
2018-12-17 09:59:14,DIS,111.97,4,BID
2018-12-17 09:59:14,DIS,112.01,9,ASK
2018-12-17 09:59:16,DIS,111.97,5,BID
2018-12-17 09:59:16,DIS,112.01,3,ASK
2018-12-17 09:59:16,DIS,111.97,5,BID
2018-12-17 09:59:16,DIS,112.01,3,ASK
2018-12-17 09:59:17,DIS,111.97,4,BID
2018-12-17 09:59:17,DIS,112.01,3,ASK
2018-12-17 09:59:17,DIS,111.97,4,BID
2018-12-17 09:59:17,DIS,112.01,3,ASK
2018-12-17 09:59:17,DIS,111.97,4,BID
2018-12-17 09:59:17,DIS,112.01,3,ASK
2018-12-17 09:59:17,DIS,111.97,4,BID
2018-12-17 09:59:17,DIS,112.01,3,ASK
2018-12-17 09:59:22,DIS,111.95,12,BID
2018-12-17 09:59:22,DIS,111.96,1,ASK
2018-12-17 09:59:23,DIS,111.93,5,BID
2018-12-17 09:59:23,DIS,111.96,7,ASK
2018-12-17 09:59:23,DIS,111.93,5,BID
2018-12-17 09:59:24,DIS,111.97,9,ASK
2018-12-17 09:59:23,DIS,111.93,5,BID
2018-12-17 09:59:25,DIS,111.97,12,ASK
2018-12-17 09:59:23,DIS,111.93,5,BID
2018-12-17 09:59:25,DIS,111.97,10,ASK
2018-12-17 09:59:23,DIS,111.93,6,BID
2018-12-17 09:59:25,DIS,111.97,10,ASK
2018-12-17 09:59:28,DIS,111.94,4,BID
2018-12-17 09:59:25,DIS,111.97,10,ASK
2018-12-17 09:59:29,DIS,111.94,4,BID
2018-12-17 09:59:29,DIS,111.97,9,ASK
2018-12-17 09:59:23,DIS,111.93,9,BID
2018-12-17 09:59:30,DIS,111.96,7,ASK
2018-12-17 09:59:23,DIS,111.93,11,BID
2018-12-17 09:59:30,DIS,111.97,9,ASK
2018-12-17 09:59:23,DIS,111.93,11,BID
2018-12-17 09:59:30,DIS,111.97,9,ASK
2018-12-17 09:59:23,DIS,111.93,11,BID
2018-12-17 09:59:30,DIS,111.97,9,ASK
2018-12-17 09:59:33,DIS,111.93,12,BID
2018-12-17 09:59:30,DIS,111.97,9,ASK
2018-12-17 09:59:33,DIS,111.93,12,BID
2018-12-17 09:59:30,DIS,111.97,9,ASK
2018-12-17 09:59:36,DIS,111.95,1,BID
2018-12-17 09:59:36,DIS,111.99,12,ASK
2018-12-17 09:59:36,DIS,111.95,5,BID
2018-12-17 09:59:36,DIS,111.99,12,ASK
2018-12-17 09:59:36,DIS,111.95,5,BID
2018-12-17 09:59:36,DIS,111.99,12,ASK
2018-12-17 09:59:36,DIS,111.95,5,BID
2018-12-17 09:59:36,DIS,111.99,12,ASK
2018-12-17 09:59:38,DIS,111.96,3,BID
2018-12-17 09:59:38,DIS,111.99,12,ASK
2018-12-17 09:59:36,DIS,111.95,6,BID
2018-12-17 09:59:41,DIS,111.99,3,ASK
2018-12-17 09:59:42,DIS,111.95,6,BID
2018-12-17 09:59:42,DIS,111.99,3,ASK
2018-12-17 09:59:42,DIS,111.95,6,BID
2018-12-17 09:59:42,DIS,111.99,3,ASK
2018-12-17 09:59:42,DIS,111.95,6,BID
2018-12-17 09:59:42,DIS,111.99,3,ASK
2018-12-17 09:59:42,DIS,111.95,6,BID
2018-12-17 09:59:42,DIS,111.99,3,ASK
2018-12-17 09:59:46,DIS,111.95,3,BID
2018-12-17 09:59:46,DIS,111.99,3,ASK
2018-12-17 09:59:46,DIS,111.95,3,BID
2018-12-17 09:59:46,DIS,111.99,3,ASK
2018-12-17 09:59:48,DIS,111.95,5,BID
2018-12-17 09:59:49,DIS,111.99,3,ASK
2018-12-17 09:59:48,DIS,111.95,5,BID
2018-12-17 09:59:49,DIS,111.99,3,ASK
2018-12-17 09:59:50,DIS,112.01,2,BID
2018-12-17 09:59:50,DIS,112.03,4,ASK
2018-12-17 09:59:51,DIS,112.01,2,BID
2018-12-17 09:59:51,DIS,112.04,2,ASK
2018-12-17 09:59:52,DIS,112.02,2,BID
2018-12-17 09:59:52,DIS,112.04,2,ASK
2018-12-17 09:59:52,DIS,111.97,3,BID
2018-12-17 09:59:52,DIS,112.01,3,ASK
2018-12-17 09:59:54,DIS,112.0,2,BID
2018-12-17 09:59:54,DIS,112.04,2,ASK
2018-12-17 09:59:54,DIS,112.0,2,BID
2018-12-17 09:59:54,DIS,112.03,3,ASK
2018-12-17 09:59:55,DIS,111.97,7,BID
2018-12-17 09:59:55,DIS,112.0,2,ASK
2018-12-17 09:59:55,DIS,111.97,7,BID
2018-12-17 09:59:55,DIS,112.0,2,ASK
2018-12-17 09:59:55,DIS,111.97,8,BID
2018-12-17 09:59:58,DIS,112.0,2,ASK
2018-12-17 09:59:55,DIS,111.97,8,BID
2018-12-17 09:59:58,DIS,112.0,2,ASK
2018-12-17 09:59:55,DIS,111.97,8,BID
2018-12-17 10:00:00,DIS,112.0,2,ASK
2018-12-17 10:00:00,DIS,111.94,5,BID
2018-12-17 10:00:00,DIS,111.99,3,ASK
2018-12-17 10:00:01,DIS,111.94,11,BID
2018-12-17 10:00:01,DIS,111.99,7,ASK
2018-12-17 10:00:01,DIS,111.94,11,BID
2018-12-17 10:00:01,DIS,111.99,7,ASK
2018-12-17 10:00:02,DIS,111.94,10,BID
2018-12-17 10:00:02,DIS,111.99,7,ASK
2018-12-17 10:00:02,DIS,111.94,10,BID
2018-12-17 10:00:02,DIS,111.99,8,ASK
2018-12-17 10:00:04,DIS,111.94,10,BID
2018-12-17 10:00:04,DIS,111.99,7,ASK
2018-12-17 10:00:05,DIS,111.94,10,BID
2018-12-17 10:00:05,DIS,111.99,6,ASK
2018-12-17 10:00:07,DIS,111.94,10,BID
2018-12-17 10:00:07,DIS,111.98,3,ASK
2018-12-17 10:00:07,DIS,111.94,10,BID
2018-12-17 10:00:07,DIS,111.98,4,ASK
2018-12-17 10:00:08,DIS,111.99,4,BID
2018-12-17 10:00:08,DIS,112.02,2,ASK
2018-12-17 10:00:08,DIS,111.98,7,BID
2018-12-17 10:00:08,DIS,112.01,3,ASK
2018-12-17 10:00:09,DIS,111.98,4,BID
2018-12-17 10:00:09,DIS,112.01,3,ASK
2018-12-17 10:00:10,DIS,111.94,10,BID
2018-12-17 10:00:10,DIS,111.99,4,ASK
2018-12-17 10:00:00,DIS,111.94,11,BID
2018-12-17 10:00:10,DIS,111.99,4,ASK
2018-12-17 10:00:00,DIS,111.94,10,BID
2018-12-17 10:00:12,DIS,111.99,5,ASK
2018-12-17 10:00:00,DIS,111.94,10,BID
2018-12-17 10:00:14,DIS,111.99,4,ASK
2018-12-17 10:00:00,DIS,111.94,10,BID
2018-12-17 10:00:15,DIS,111.99,5,ASK
2018-12-17 09:59:23,DIS,111.93,12,BID
2018-12-17 10:00:15,DIS,111.94,1,ASK
2018-12-17 10:00:17,DIS,111.94,5,BID
2018-12-17 10:00:17,DIS,111.98,3,ASK
2018-12-17 10:00:19,DIS,111.95,5,BID
2018-12-17 10:00:15,DIS,111.99,7,ASK
2018-12-17 10:00:20,DIS,111.95,5,BID
2018-12-17 10:00:15,DIS,111.99,7,ASK
2018-12-17 10:00:22,DIS,111.95,5,BID
2018-12-17 10:00:15,DIS,111.99,7,ASK
2018-12-17 10:00:23,DIS,111.93,8,BID
2018-12-17 10:00:23,DIS,111.97,7,ASK
2018-12-17 10:00:23,DIS,111.93,8,BID
2018-12-17 10:00:23,DIS,111.97,7,ASK
2018-12-17 10:00:26,DIS,111.94,3,BID
2018-12-17 10:00:23,DIS,111.97,7,ASK
2018-12-17 10:00:23,DIS,111.93,8,BID
2018-12-17 10:00:23,DIS,111.97,7,ASK
2018-12-17 10:00:23,DIS,111.93,8,BID
2018-12-17 10:00:27,DIS,111.97,10,ASK
2018-12-17 10:00:23,DIS,111.93,9,BID
2018-12-17 10:00:27,DIS,111.97,10,ASK
2018-12-17 10:00:23,DIS,111.93,9,BID
2018-12-17 10:00:27,DIS,111.97,10,ASK
2018-12-17 10:00:30,DIS,111.94,3,BID
2018-12-17 10:00:30,DIS,111.97,1,ASK
2018-12-17 10:00:31,DIS,111.94,3,BID
2018-12-17 10:00:31,DIS,111.98,3,ASK
2018-12-17 10:00:31,DIS,111.94,3,BID
2018-12-17 10:00:31,DIS,111.98,3,ASK
2018-12-17 10:00:23,DIS,111.93,9,BID
2018-12-17 10:00:33,DIS,111.96,4,ASK
2018-12-17 10:00:23,DIS,111.93,9,BID
2018-12-17 10:00:33,DIS,111.96,4,ASK
2018-12-17 10:00:23,DIS,111.93,9,BID
2018-12-17 10:00:33,DIS,111.96,4,ASK
2018-12-17 10:00:23,DIS,111.93,9,BID
2018-12-17 10:00:33,DIS,111.96,4,ASK
2018-12-17 10:00:37,DIS,111.91,3,BID
2018-12-17 10:00:37,DIS,111.95,11,ASK
2018-12-17 10:00:37,DIS,111.91,3,BID
2018-12-17 10:00:37,DIS,111.95,11,ASK
2018-12-17 10:00:37,DIS,111.91,3,BID
2018-12-17 10:00:37,DIS,111.95,11,ASK
2018-12-17 10:00:37,DIS,111.91,3,BID
2018-12-17 10:00:37,DIS,111.95,11,ASK
2018-12-17 10:00:41,DIS,111.91,6,BID
2018-12-17 10:00:37,DIS,111.95,9,ASK
2018-12-17 10:00:42,DIS,111.93,2,BID
2018-12-17 10:00:42,DIS,111.96,4,ASK
2018-12-17 10:00:42,DIS,111.93,2,BID
2018-12-17 10:00:44,DIS,111.96,10,ASK
2018-12-17 10:00:45,DIS,111.92,5,BID
2018-12-17 10:00:45,DIS,111.96,4,ASK
2018-12-17 10:00:45,DIS,111.92,5,BID
2018-12-17 10:00:45,DIS,111.96,4,ASK
2018-12-17 10:00:45,DIS,111.92,5,BID
2018-12-17 10:00:45,DIS,111.96,4,ASK
2018-12-17 10:00:45,DIS,111.92,5,BID
2018-12-17 10:00:45,DIS,111.96,4,ASK
2018-12-17 10:00:45,DIS,111.92,5,BID
2018-12-17 10:00:45,DIS,111.96,4,ASK
2018-12-17 10:00:45,DIS,111.92,5,BID
2018-12-17 10:00:45,DIS,111.96,4,ASK
2018-12-17 10:00:45,DIS,111.92,5,BID
2018-12-17 10:00:45,DIS,111.96,4,ASK
2018-12-17 10:00:45,DIS,111.92,5,BID
2018-12-17 10:00:45,DIS,111.96,4,ASK
2018-12-17 10:00:45,DIS,111.92,5,BID
2018-12-17 10:00:45,DIS,111.96,4,ASK
2018-12-17 10:00:53,DIS,111.92,5,BID
2018-12-17 10:00:53,DIS,111.96,5,ASK
2018-12-17 10:00:54,DIS,111.95,3,BID
2018-12-17 10:00:54,DIS,111.98,4,ASK
2018-12-17 10:00:55,DIS,111.96,2,BID
2018-12-17 10:00:55,DIS,111.98,4,ASK
2018-12-17 10:00:55,DIS,111.96,2,BID
2018-12-17 10:00:55,DIS,111.98,4,ASK
2018-12-17 10:00:55,DIS,111.96,2,BID
2018-12-17 10:00:55,DIS,111.98,4,ASK
2018-12-17 10:00:58,DIS,111.97,6,BID
2018-12-17 10:00:58,DIS,112.0,5,ASK
2018-12-17 10:01:00,DIS,111.97,6,BID
2018-12-17 10:00:58,DIS,112.0,5,ASK
2018-12-17 10:01:01,DIS,111.99,1,BID
2018-12-17 10:01:00,DIS,112.02,2,ASK
2018-12-17 10:01:02,DIS,111.99,6,BID
2018-12-17 10:01:02,DIS,112.01,4,ASK
2018-12-17 10:01:02,DIS,111.99,6,BID
2018-12-17 10:01:02,DIS,112.01,4,ASK
2018-12-17 10:01:03,DIS,112.01,10,BID
2018-12-17 10:01:03,DIS,112.04,3,ASK
2018-12-17 10:01:05,DIS,112.01,13,BID
2018-12-17 10:01:04,DIS,112.06,9,ASK
2018-12-17 10:01:06,DIS,112.02,2,BID
2018-12-17 10:01:04,DIS,112.06,9,ASK
2018-12-17 10:01:06,DIS,112.02,15,BID
2018-12-17 10:01:07,DIS,112.04,3,ASK
2018-12-17 10:01:07,DIS,112.02,18,BID
2018-12-17 10:01:07,DIS,112.05,9,ASK
2018-12-17 10:01:08,DIS,112.02,12,BID
2018-12-17 10:01:08,DIS,112.06,13,ASK
2018-12-17 10:01:08,DIS,112.02,12,BID
2018-12-17 10:01:08,DIS,112.06,13,ASK
2018-12-17 10:01:10,DIS,112.03,5,BID
2018-12-17 10:01:10,DIS,112.06,13,ASK
2018-12-17 10:01:12,DIS,112.06,1,BID
2018-12-17 10:01:11,DIS,112.07,8,ASK
2018-12-17 10:01:12,DIS,112.07,1,BID
2018-12-17 10:01:12,DIS,112.1,6,ASK
2018-12-17 10:01:12,DIS,112.07,4,BID
2018-12-17 10:01:12,DIS,112.1,10,ASK
2018-12-17 10:01:12,DIS,112.07,4,BID
2018-12-17 10:01:12,DIS,112.1,10,ASK
2018-12-17 10:01:12,DIS,112.07,4,BID
2018-12-17 10:01:12,DIS,112.1,10,ASK
2018-12-17 10:01:12,DIS,112.07,4,BID
2018-12-17 10:01:12,DIS,112.1,10,ASK
2018-12-17 10:01:18,DIS,112.1,1,BID
2018-12-17 10:01:18,DIS,112.12,12,ASK
2018-12-17 10:01:18,DIS,112.1,5,BID
2018-12-17 10:01:18,DIS,112.14,8,ASK
2018-12-17 10:01:19,DIS,112.1,8,BID
2018-12-17 10:01:19,DIS,112.14,16,ASK
2018-12-17 10:01:20,DIS,112.11,8,BID
2018-12-17 10:01:20,DIS,112.14,16,ASK
2018-12-17 10:01:20,DIS,112.11,8,BID
2018-12-17 10:01:20,DIS,112.14,16,ASK
2018-12-17 10:01:22,DIS,112.11,7,BID
2018-12-17 10:01:22,DIS,112.14,16,ASK
2018-12-17 10:01:22,DIS,112.11,7,BID
2018-12-17 10:01:22,DIS,112.14,16,ASK
2018-12-17 10:01:25,DIS,112.11,12,BID
2018-12-17 10:01:25,DIS,112.14,17,ASK
2018-12-17 10:01:25,DIS,112.11,12,BID
2018-12-17 10:01:25,DIS,112.14,17,ASK
2018-12-17 10:01:26,DIS,112.11,12,BID
2018-12-17 10:01:26,DIS,112.15,5,ASK
2018-12-17 10:01:27,DIS,112.11,12,BID
2018-12-17 10:01:27,DIS,112.15,5,ASK
2018-12-17 10:01:29,DIS,112.12,9,BID
2018-12-17 10:01:28,DIS,112.15,6,ASK
2018-12-17 10:01:30,DIS,112.12,9,BID
2018-12-17 10:01:28,DIS,112.15,6,ASK
2018-12-17 10:01:30,DIS,112.12,9,BID
2018-12-17 10:01:28,DIS,112.15,6,ASK
2018-12-17 10:01:30,DIS,112.12,9,BID
2018-12-17 10:01:28,DIS,112.15,6,ASK
2018-12-17 10:01:33,DIS,112.12,9,BID
2018-12-17 10:01:33,DIS,112.15,8,ASK
2018-12-17 10:01:34,DIS,112.12,9,BID
2018-12-17 10:01:33,DIS,112.15,8,ASK
2018-12-17 10:01:34,DIS,112.12,9,BID
2018-12-17 10:01:34,DIS,112.15,8,ASK
2018-12-17 10:01:34,DIS,112.12,9,BID
2018-12-17 10:01:34,DIS,112.15,8,ASK
2018-12-17 10:01:36,DIS,112.11,12,BID
2018-12-17 10:01:36,DIS,112.14,3,ASK
2018-12-17 10:01:37,DIS,112.11,12,BID
2018-12-17 10:01:37,DIS,112.15,16,ASK
2018-12-17 10:01:37,DIS,112.11,12,BID
2018-12-17 10:01:37,DIS,112.15,16,ASK
2018-12-17 10:01:37,DIS,112.11,12,BID
2018-12-17 10:01:37,DIS,112.15,16,ASK
2018-12-17 10:01:40,DIS,112.11,12,BID
2018-12-17 10:01:40,DIS,112.14,3,ASK
2018-12-17 10:01:40,DIS,112.11,12,BID
2018-12-17 10:01:40,DIS,112.14,3,ASK
2018-12-17 10:01:43,DIS,112.12,12,BID
2018-12-17 10:01:43,DIS,112.15,16,ASK
2018-12-17 10:01:43,DIS,112.12,12,BID
2018-12-17 10:01:43,DIS,112.15,16,ASK
2018-12-17 10:01:43,DIS,112.12,12,BID
2018-12-17 10:01:44,DIS,112.15,16,ASK
2018-12-17 10:01:46,DIS,112.12,12,BID
2018-12-17 10:01:44,DIS,112.15,16,ASK
2018-12-17 10:01:46,DIS,112.13,1,BID
2018-12-17 10:01:44,DIS,112.15,16,ASK
2018-12-17 10:01:47,DIS,112.13,2,BID
2018-12-17 10:01:47,DIS,112.15,9,ASK
2018-12-17 10:01:49,DIS,112.15,3,BID
2018-12-17 10:01:49,DIS,112.18,21,ASK
2018-12-17 10:01:50,DIS,112.15,3,BID
2018-12-17 10:01:49,DIS,112.18,18,ASK
2018-12-17 10:01:51,DIS,112.14,11,BID
2018-12-17 10:01:51,DIS,112.16,5,ASK
2018-12-17 10:01:51,DIS,112.14,6,BID
2018-12-17 10:01:51,DIS,112.16,8,ASK
2018-12-17 10:01:48,DIS,112.13,11,BID
2018-12-17 10:01:53,DIS,112.15,5,ASK
2018-12-17 10:01:48,DIS,112.13,11,BID
2018-12-17 10:01:53,DIS,112.15,5,ASK
2018-12-17 10:01:48,DIS,112.13,11,BID
2018-12-17 10:01:54,DIS,112.15,4,ASK
2018-12-17 10:01:55,DIS,112.14,3,BID
2018-12-17 10:01:55,DIS,112.17,5,ASK
2018-12-17 10:01:55,DIS,112.14,3,BID
2018-12-17 10:01:55,DIS,112.17,5,ASK
2018-12-17 10:01:58,DIS,112.14,9,BID
2018-12-17 10:01:58,DIS,112.17,10,ASK
2018-12-17 10:01:58,DIS,112.14,8,BID
2018-12-17 10:01:58,DIS,112.17,12,ASK
2018-12-17 10:01:58,DIS,112.14,8,BID
2018-12-17 10:02:00,DIS,112.17,12,ASK
2018-12-17 10:02:01,DIS,112.14,12,BID
2018-12-17 10:02:01,DIS,112.17,14,ASK
2018-12-17 10:02:01,DIS,112.14,12,BID
2018-12-17 10:02:01,DIS,112.17,14,ASK
2018-12-17 10:02:03,DIS,112.14,13,BID
2018-12-17 10:02:01,DIS,112.17,14,ASK
2018-12-17 10:02:04,DIS,112.14,3,BID
2018-12-17 10:02:01,DIS,112.17,14,ASK
2018-12-17 10:02:05,DIS,112.14,3,BID
2018-12-17 10:02:01,DIS,112.17,15,ASK
2018-12-17 10:02:06,DIS,112.13,14,BID
2018-12-17 10:02:01,DIS,112.17,13,ASK
2018-12-17 10:02:07,DIS,112.14,3,BID
2018-12-17 10:02:07,DIS,112.17,13,ASK
2018-12-17 10:02:08,DIS,112.15,13,BID
2018-12-17 10:02:08,DIS,112.18,9,ASK
2018-12-17 10:02:09,DIS,112.14,4,BID
2018-12-17 10:02:08,DIS,112.18,9,ASK
2018-12-17 10:02:09,DIS,112.14,4,BID
2018-12-17 10:02:08,DIS,112.18,9,ASK
2018-12-17 10:02:09,DIS,112.14,4,BID
2018-12-17 10:02:08,DIS,112.18,9,ASK
2018-12-17 10:02:12,DIS,112.14,4,BID
2018-12-17 10:02:12,DIS,112.17,7,ASK
2018-12-17 10:02:13,DIS,112.13,17,BID
2018-12-17 10:02:13,DIS,112.15,12,ASK
2018-12-17 10:02:14,DIS,112.13,16,BID
2018-12-17 10:02:14,DIS,112.16,6,ASK
2018-12-17 10:02:05,DIS,112.13,16,BID
2018-12-17 10:02:14,DIS,112.16,6,ASK
2018-12-17 10:02:15,DIS,112.13,21,BID
2018-12-17 10:02:15,DIS,112.16,6,ASK
2018-12-17 10:02:15,DIS,112.13,21,BID
2018-12-17 10:02:17,DIS,112.16,10,ASK
2018-12-17 10:02:18,DIS,112.14,3,BID
2018-12-17 10:02:18,DIS,112.16,3,ASK
2018-12-17 10:02:18,DIS,112.14,3,BID
2018-12-17 10:02:18,DIS,112.16,3,ASK
2018-12-17 10:02:18,DIS,112.14,3,BID
2018-12-17 10:02:18,DIS,112.16,3,ASK
2018-12-17 10:02:21,DIS,112.14,1,BID
2018-12-17 10:02:21,DIS,112.16,4,ASK
2018-12-17 10:02:22,DIS,112.15,1,BID
2018-12-17 10:02:21,DIS,112.16,5,ASK
2018-12-17 10:02:22,DIS,112.15,1,BID
2018-12-17 10:02:21,DIS,112.16,5,ASK
2018-12-17 10:02:22,DIS,112.15,1,BID
2018-12-17 10:02:21,DIS,112.16,5,ASK
2018-12-17 10:02:22,DIS,112.14,6,BID
2018-12-17 10:02:18,DIS,112.17,14,ASK
2018-12-17 10:02:22,DIS,112.14,7,BID
2018-12-17 10:02:26,DIS,112.18,25,ASK
2018-12-17 10:02:22,DIS,112.14,7,BID
2018-12-17 10:02:26,DIS,112.17,12,ASK
2018-12-17 10:01:28,DIS,112.11,11,BID
2018-12-17 10:02:28,DIS,112.15,8,ASK
2018-12-17 10:02:29,DIS,112.15,1,BID
2018-12-17 10:02:29,DIS,112.16,9,ASK
2018-12-17 10:02:30,DIS,112.13,6,BID
2018-12-17 10:02:30,DIS,112.15,13,ASK
2018-12-17 10:02:30,DIS,112.13,7,BID
2018-12-17 10:02:30,DIS,112.16,6,ASK
2018-12-17 10:02:30,DIS,112.13,7,BID
2018-12-17 10:02:30,DIS,112.16,6,ASK
2018-12-17 10:02:30,DIS,112.13,7,BID
2018-12-17 10:02:30,DIS,112.16,6,ASK
2018-12-17 10:02:30,DIS,112.13,7,BID
2018-12-17 10:02:30,DIS,112.16,6,ASK
2018-12-17 10:02:35,DIS,112.15,3,BID
2018-12-17 10:02:35,DIS,112.18,4,ASK
2018-12-17 10:02:35,DIS,112.13,8,BID
2018-12-17 10:02:35,DIS,112.16,5,ASK
2018-12-17 10:02:35,DIS,112.13,7,BID
2018-12-17 10:02:36,DIS,112.16,5,ASK
2018-12-17 10:02:35,DIS,112.13,7,BID
2018-12-17 10:02:36,DIS,112.16,5,ASK
2018-12-17 10:02:39,DIS,112.12,3,BID
2018-12-17 10:02:39,DIS,112.16,5,ASK
2018-12-17 10:02:40,DIS,112.12,3,BID
2018-12-17 10:02:40,DIS,112.15,3,ASK
2018-12-17 10:02:41,DIS,112.1,8,BID
2018-12-17 10:02:41,DIS,112.14,4,ASK
2018-12-17 10:02:41,DIS,112.1,8,BID
2018-12-17 10:02:41,DIS,112.14,4,ASK
2018-12-17 10:02:41,DIS,112.1,8,BID
2018-12-17 10:02:41,DIS,112.14,4,ASK
2018-12-17 10:02:44,DIS,112.1,7,BID
2018-12-17 10:02:44,DIS,112.13,1,ASK
2018-12-17 10:02:45,DIS,112.12,6,BID
2018-12-17 10:02:45,DIS,112.14,12,ASK
2018-12-17 10:02:45,DIS,112.12,6,BID
2018-12-17 10:02:45,DIS,112.14,12,ASK
2018-12-17 10:02:47,DIS,112.11,12,BID
2018-12-17 10:02:47,DIS,112.15,2,ASK
2018-12-17 10:02:47,DIS,112.12,3,BID
2018-12-17 10:02:40,DIS,112.16,8,ASK
2018-12-17 10:02:49,DIS,112.12,4,BID
2018-12-17 10:02:40,DIS,112.16,8,ASK
2018-12-17 10:02:49,DIS,112.12,4,BID
2018-12-17 10:02:40,DIS,112.16,8,ASK
2018-12-17 10:02:50,DIS,112.12,4,BID
2018-12-17 10:02:40,DIS,112.16,8,ASK
2018-12-17 10:02:50,DIS,112.12,4,BID
2018-12-17 10:02:40,DIS,112.16,8,ASK
2018-12-17 10:02:53,DIS,112.12,4,BID
2018-12-17 10:02:53,DIS,112.16,12,ASK
2018-12-17 10:02:47,DIS,112.11,12,BID
2018-12-17 10:02:54,DIS,112.15,5,ASK
2018-12-17 10:02:54,DIS,112.11,14,BID
2018-12-17 10:02:54,DIS,112.15,5,ASK
2018-12-17 10:02:54,DIS,112.11,14,BID
2018-12-17 10:02:54,DIS,112.15,5,ASK
2018-12-17 10:02:54,DIS,112.11,14,BID
2018-12-17 10:02:54,DIS,112.15,5,ASK
2018-12-17 10:02:54,DIS,112.11,14,BID
2018-12-17 10:02:54,DIS,112.15,5,ASK
2018-12-17 10:02:59,DIS,112.13,1,BID
2018-12-17 10:02:59,DIS,112.16,12,ASK
2018-12-17 10:03:00,DIS,112.12,9,BID
2018-12-17 10:02:59,DIS,112.16,12,ASK
2018-12-17 10:03:01,DIS,112.13,1,BID
2018-12-17 10:03:01,DIS,112.16,14,ASK
2018-12-17 10:03:01,DIS,112.12,15,BID
2018-12-17 10:03:01,DIS,112.16,14,ASK
2018-12-17 10:03:03,DIS,112.12,10,BID
2018-12-17 10:03:03,DIS,112.15,1,ASK
2018-12-17 10:03:03,DIS,112.12,10,BID
2018-12-17 10:03:03,DIS,112.15,1,ASK
