timestamp,ticker,price,volume,bid_ask
2018-12-17 09:40:35,GS,169.31,1,BID
2018-12-17 09:40:35,GS,169.42,3,ASK
2018-12-17 09:40:35,GS,169.31,1,BID
2018-12-17 09:40:35,GS,169.42,3,ASK
2018-12-17 09:40:38,GS,169.43,1,BID
2018-12-17 09:40:38,GS,169.47,1,ASK
2018-12-17 09:40:39,GS,169.31,1,BID
2018-12-17 09:40:39,GS,169.46,1,ASK
2018-12-17 09:40:39,GS,169.31,1,BID
2018-12-17 09:40:39,GS,169.46,3,ASK
2018-12-17 09:40:39,GS,169.31,1,BID
2018-12-17 09:40:39,GS,169.46,3,ASK
2018-12-17 09:40:32,GS,169.28,2,BID
2018-12-17 09:40:41,GS,169.46,4,ASK
2018-12-17 09:40:32,GS,169.28,2,BID
2018-12-17 09:40:42,GS,169.41,1,ASK
2018-12-17 09:40:44,GS,169.29,1,BID
2018-12-17 09:40:42,GS,169.46,4,ASK
2018-12-17 09:40:44,GS,169.29,1,BID
2018-12-17 09:40:44,GS,169.46,5,ASK
2018-12-17 09:40:32,GS,169.28,2,BID
2018-12-17 09:40:44,GS,169.46,5,ASK
2018-12-17 09:40:46,GS,169.31,1,BID
2018-12-17 09:40:46,GS,169.46,6,ASK
2018-12-17 09:40:46,GS,169.31,1,BID
2018-12-17 09:40:46,GS,169.46,6,ASK
2018-12-17 09:40:48,GS,169.31,2,BID
2018-12-17 09:40:48,GS,169.46,6,ASK
2018-12-17 09:40:49,GS,169.32,1,BID
2018-12-17 09:40:49,GS,169.44,1,ASK
2018-12-17 09:40:50,GS,169.31,2,BID
2018-12-17 09:40:50,GS,169.45,2,ASK
2018-12-17 09:40:51,GS,169.31,2,BID
2018-12-17 09:40:51,GS,169.44,1,ASK
2018-12-17 09:40:52,GS,169.3,1,BID
2018-12-17 09:40:52,GS,169.44,3,ASK
2018-12-17 09:40:54,GS,169.31,2,BID
2018-12-17 09:40:54,GS,169.44,2,ASK
2018-12-17 09:40:54,GS,169.31,3,BID
2018-12-17 09:40:54,GS,169.44,2,ASK
2018-12-17 09:40:55,GS,169.31,5,BID
2018-12-17 09:40:55,GS,169.44,2,ASK
2018-12-17 09:40:56,GS,169.31,5,BID
2018-12-17 09:40:56,GS,169.44,6,ASK
2018-12-17 09:40:56,GS,169.31,5,BID
2018-12-17 09:40:56,GS,169.44,6,ASK
2018-12-17 09:40:56,GS,169.31,5,BID
2018-12-17 09:40:56,GS,169.44,6,ASK
2018-12-17 09:41:00,GS,169.26,1,BID
2018-12-17 09:41:00,GS,169.37,3,ASK
2018-12-17 09:41:00,GS,169.26,1,BID
2018-12-17 09:41:00,GS,169.37,3,ASK
2018-12-17 09:41:01,GS,169.23,5,BID
2018-12-17 09:41:01,GS,169.37,3,ASK
2018-12-17 09:41:01,GS,169.23,5,BID
2018-12-17 09:41:01,GS,169.37,3,ASK
2018-12-17 09:41:04,GS,169.24,2,BID
2018-12-17 09:41:04,GS,169.37,3,ASK
2018-12-17 09:41:04,GS,169.12,2,BID
2018-12-17 09:41:04,GS,169.27,1,ASK
2018-12-17 09:41:05,GS,169.01,1,BID
2018-12-17 09:41:05,GS,169.17,2,ASK
2018-12-17 09:41:06,GS,169.0,1,BID
2018-12-17 09:41:06,GS,169.16,1,ASK
2018-12-17 09:41:07,GS,169.02,2,BID
2018-12-17 09:41:07,GS,169.11,1,ASK
2018-12-17 09:41:08,GS,169.02,4,BID
2018-12-17 09:41:08,GS,169.07,1,ASK
2018-12-17 09:41:08,GS,168.99,2,BID
2018-12-17 09:41:08,GS,169.07,2,ASK
2018-12-17 09:41:10,GS,168.99,2,BID
2018-12-17 09:41:10,GS,169.1,3,ASK
2018-12-17 09:41:11,GS,168.99,2,BID
2018-12-17 09:41:11,GS,169.0,1,ASK
2018-12-17 09:39:52,GS,168.94,5,BID
2018-12-17 09:41:12,GS,169.02,2,ASK
2018-12-17 09:41:13,GS,168.94,2,BID
2018-12-17 09:41:13,GS,169.01,3,ASK
2018-12-17 09:41:14,GS,168.91,1,BID
2018-12-17 09:41:13,GS,169.01,3,ASK
2018-12-17 09:41:15,GS,168.91,1,BID
2018-12-17 09:41:13,GS,169.01,3,ASK
2018-12-17 09:41:15,GS,168.91,1,BID
2018-12-17 09:41:13,GS,169.01,3,ASK
2018-12-17 09:41:16,GS,168.91,4,BID
2018-12-17 09:41:13,GS,169.01,3,ASK
2018-12-17 09:41:18,GS,168.85,1,BID
2018-12-17 09:41:18,GS,168.9,1,ASK
2018-12-17 09:41:20,GS,168.84,1,BID
2018-12-17 09:41:18,GS,168.99,2,ASK
2018-12-17 09:41:20,GS,168.84,1,BID
2018-12-17 09:41:20,GS,168.95,3,ASK
2018-12-17 09:41:21,GS,168.84,1,BID
2018-12-17 09:41:21,GS,168.95,3,ASK
2018-12-17 09:41:23,GS,168.84,4,BID
2018-12-17 09:41:23,GS,168.95,3,ASK
2018-12-17 09:41:24,GS,168.94,1,BID
2018-12-17 09:41:24,GS,169.01,1,ASK
2018-12-17 09:41:24,GS,168.98,1,BID
2018-12-17 09:41:24,GS,169.1,7,ASK
2018-12-17 09:41:25,GS,168.98,2,BID
2018-12-17 09:41:25,GS,169.1,7,ASK
2018-12-17 09:41:26,GS,168.98,2,BID
2018-12-17 09:41:25,GS,169.1,7,ASK
2018-12-17 09:41:26,GS,168.98,2,BID
2018-12-17 09:41:25,GS,169.1,7,ASK
2018-12-17 09:41:28,GS,168.98,2,BID
2018-12-17 09:41:28,GS,169.1,8,ASK
2018-12-17 09:41:30,GS,168.99,1,BID
2018-12-17 09:41:30,GS,169.1,8,ASK
2018-12-17 09:41:30,GS,169.11,1,BID
2018-12-17 09:41:30,GS,169.27,2,ASK
2018-12-17 09:41:31,GS,169.12,1,BID
2018-12-17 09:41:30,GS,169.27,2,ASK
2018-12-17 09:41:32,GS,169.21,3,BID
2018-12-17 09:41:32,GS,169.35,2,ASK
2018-12-17 09:41:33,GS,169.24,1,BID
2018-12-17 09:41:33,GS,169.35,2,ASK
2018-12-17 09:41:34,GS,169.26,1,BID
2018-12-17 09:41:34,GS,169.35,2,ASK
2018-12-17 09:41:35,GS,169.25,1,BID
2018-12-17 09:41:35,GS,169.34,3,ASK
2018-12-17 09:41:37,GS,169.2,1,BID
2018-12-17 09:41:37,GS,169.34,3,ASK
2018-12-17 09:41:37,GS,169.2,1,BID
2018-12-17 09:41:37,GS,169.34,3,ASK
2018-12-17 09:41:39,GS,169.17,3,BID
2018-12-17 09:41:39,GS,169.34,4,ASK
2018-12-17 09:41:40,GS,169.17,4,BID
2018-12-17 09:41:40,GS,169.34,4,ASK
2018-12-17 09:41:40,GS,169.17,4,BID
2018-12-17 09:41:40,GS,169.31,2,ASK
2018-12-17 09:41:42,GS,169.17,4,BID
2018-12-17 09:41:42,GS,169.25,3,ASK
2018-12-17 09:41:42,GS,169.17,4,BID
2018-12-17 09:41:42,GS,169.25,3,ASK
2018-12-17 09:41:43,GS,169.12,2,BID
2018-12-17 09:41:43,GS,169.24,4,ASK
2018-12-17 09:41:45,GS,169.1,2,BID
2018-12-17 09:41:45,GS,169.17,1,ASK
2018-12-17 09:41:45,GS,169.1,2,BID
2018-12-17 09:41:45,GS,169.17,1,ASK
2018-12-17 09:41:47,GS,169.1,2,BID
2018-12-17 09:41:47,GS,169.17,2,ASK
2018-12-17 09:41:48,GS,169.11,2,BID
2018-12-17 09:41:48,GS,169.17,2,ASK
2018-12-17 09:41:49,GS,169.11,4,BID
2018-12-17 09:41:48,GS,169.2,5,ASK
2018-12-17 09:41:49,GS,169.11,4,BID
2018-12-17 09:41:48,GS,169.2,5,ASK
2018-12-17 09:41:51,GS,169.08,1,BID
2018-12-17 09:41:51,GS,169.17,5,ASK
2018-12-17 09:41:51,GS,169.08,1,BID
2018-12-17 09:41:51,GS,169.17,5,ASK
2018-12-17 09:41:52,GS,169.14,1,BID
2018-12-17 09:41:52,GS,169.2,4,ASK
2018-12-17 09:41:52,GS,169.14,1,BID
2018-12-17 09:41:52,GS,169.2,4,ASK
2018-12-17 09:41:53,GS,169.14,1,BID
2018-12-17 09:41:52,GS,169.2,4,ASK
2018-12-17 09:41:54,GS,169.14,1,BID
2018-12-17 09:41:54,GS,169.2,4,ASK
2018-12-17 09:41:55,GS,169.14,2,BID
2018-12-17 09:41:54,GS,169.2,3,ASK
2018-12-17 09:41:58,GS,169.08,2,BID
2018-12-17 09:41:58,GS,169.12,1,ASK
2018-12-17 09:41:58,GS,169.1,1,BID
2018-12-17 09:41:58,GS,169.13,2,ASK
2018-12-17 09:41:59,GS,169.07,2,BID
2018-12-17 09:41:59,GS,169.1,2,ASK
2018-12-17 09:42:00,GS,168.98,4,BID
2018-12-17 09:42:01,GS,169.08,1,ASK
2018-12-17 09:42:00,GS,168.98,5,BID
2018-12-17 09:42:01,GS,169.08,5,ASK
2018-12-17 09:42:00,GS,168.98,5,BID
2018-12-17 09:42:03,GS,169.05,3,ASK
2018-12-17 09:42:00,GS,168.98,5,BID
2018-12-17 09:42:04,GS,169.05,5,ASK
2018-12-17 09:42:05,GS,168.89,2,BID
2018-12-17 09:42:05,GS,168.98,2,ASK
2018-12-17 09:42:05,GS,168.89,2,BID
2018-12-17 09:42:05,GS,168.98,6,ASK
2018-12-17 09:42:06,GS,168.89,2,BID
2018-12-17 09:42:06,GS,168.98,6,ASK
2018-12-17 09:42:07,GS,168.84,5,BID
2018-12-17 09:42:08,GS,168.9,8,ASK
2018-12-17 09:42:08,GS,168.84,6,BID
2018-12-17 09:42:08,GS,168.9,8,ASK
2018-12-17 09:42:10,GS,168.78,1,BID
2018-12-17 09:42:10,GS,168.82,2,ASK
2018-12-17 09:42:11,GS,168.81,2,BID
2018-12-17 09:42:11,GS,168.86,2,ASK
2018-12-17 09:42:12,GS,168.78,2,BID
2018-12-17 09:42:12,GS,168.86,2,ASK
2018-12-17 09:42:13,GS,168.78,2,BID
2018-12-17 09:42:13,GS,168.84,3,ASK
2018-12-17 09:42:13,GS,168.75,1,BID
2018-12-17 09:42:13,GS,168.81,3,ASK
2018-12-17 09:42:14,GS,168.75,1,BID
2018-12-17 09:42:14,GS,168.81,5,ASK
2018-12-17 09:42:16,GS,168.75,2,BID
2018-12-17 09:42:14,GS,168.81,6,ASK
2018-12-17 09:42:16,GS,168.75,2,BID
2018-12-17 09:42:14,GS,168.81,10,ASK
2018-12-17 09:42:17,GS,168.7,3,BID
2018-12-17 09:42:17,GS,168.8,5,ASK
2018-12-17 09:42:19,GS,168.69,1,BID
2018-12-17 09:42:19,GS,168.78,3,ASK
2018-12-17 09:42:19,GS,168.7,1,BID
2018-12-17 09:42:19,GS,168.78,3,ASK
2018-12-17 09:42:19,GS,168.7,2,BID
2018-12-17 09:42:19,GS,168.78,3,ASK
2018-12-17 09:42:22,GS,168.7,3,BID
2018-12-17 09:42:22,GS,168.76,1,ASK
2018-12-17 09:42:23,GS,168.7,2,BID
2018-12-17 09:42:23,GS,168.74,1,ASK
2018-12-17 09:35:16,GS,168.63,4,BID
2018-12-17 09:42:24,GS,168.7,1,ASK
2018-12-17 09:42:25,GS,168.6,2,BID
2018-12-17 09:42:25,GS,168.7,4,ASK
2018-12-17 09:42:26,GS,168.66,1,BID
2018-12-17 09:42:26,GS,168.74,3,ASK
2018-12-17 09:42:26,GS,168.69,1,BID
2018-12-17 09:42:26,GS,168.76,2,ASK
2018-12-17 09:42:28,GS,168.74,1,BID
2018-12-17 09:42:28,GS,168.8,11,ASK
2018-12-17 09:42:28,GS,168.74,1,BID
2018-12-17 09:42:28,GS,168.8,12,ASK
2018-12-17 09:42:30,GS,168.78,5,BID
2018-12-17 09:42:30,GS,168.86,10,ASK
2018-12-17 09:42:31,GS,168.78,5,BID
2018-12-17 09:42:31,GS,168.86,10,ASK
2018-12-17 09:42:31,GS,168.78,4,BID
2018-12-17 09:42:31,GS,168.83,1,ASK
2018-12-17 09:42:33,GS,168.81,1,BID
2018-12-17 09:42:33,GS,168.9,1,ASK
2018-12-17 09:42:34,GS,168.91,1,BID
2018-12-17 09:42:34,GS,168.98,14,ASK
2018-12-17 09:42:34,GS,168.91,1,BID
2018-12-17 09:42:34,GS,168.98,14,ASK
2018-12-17 09:42:36,GS,168.96,1,BID
2018-12-17 09:42:36,GS,169.08,3,ASK
2018-12-17 09:42:37,GS,168.84,5,BID
2018-12-17 09:42:37,GS,169.04,3,ASK
2018-12-17 09:42:38,GS,168.84,5,BID
2018-12-17 09:42:38,GS,169.04,3,ASK
2018-12-17 09:42:39,GS,168.84,5,BID
2018-12-17 09:42:39,GS,169.04,3,ASK
2018-12-17 09:42:40,GS,168.79,1,BID
2018-12-17 09:42:40,GS,169.04,9,ASK
2018-12-17 09:42:40,GS,168.79,3,BID
2018-12-17 09:42:40,GS,169.04,9,ASK
2018-12-17 09:42:41,GS,168.84,3,BID
2018-12-17 09:42:41,GS,169.03,4,ASK
2018-12-17 09:42:43,GS,168.79,2,BID
2018-12-17 09:42:43,GS,168.97,2,ASK
2018-12-17 09:42:43,GS,168.79,2,BID
2018-12-17 09:42:43,GS,168.97,2,ASK
2018-12-17 09:42:45,GS,168.79,2,BID
2018-12-17 09:42:45,GS,168.96,3,ASK
2018-12-17 09:42:46,GS,168.8,2,BID
2018-12-17 09:42:46,GS,168.96,3,ASK
2018-12-17 09:42:47,GS,168.86,1,BID
2018-12-17 09:42:47,GS,168.95,2,ASK
2018-12-17 09:42:48,GS,168.86,1,BID
2018-12-17 09:42:48,GS,168.94,3,ASK
2018-12-17 09:42:49,GS,168.86,1,BID
2018-12-17 09:42:49,GS,168.96,4,ASK
2018-12-17 09:42:50,GS,168.89,1,BID
2018-12-17 09:42:50,GS,168.96,6,ASK
2018-12-17 09:42:50,GS,168.89,2,BID
2018-12-17 09:42:50,GS,168.96,6,ASK
2018-12-17 09:42:52,GS,168.9,1,BID
2018-12-17 09:42:52,GS,168.97,3,ASK
2018-12-17 09:42:53,GS,168.88,4,BID
2018-12-17 09:42:53,GS,168.91,1,ASK
2018-12-17 09:42:53,GS,168.88,4,BID
2018-12-17 09:42:53,GS,168.97,3,ASK
2018-12-17 09:42:54,GS,168.88,4,BID
2018-12-17 09:42:54,GS,168.97,3,ASK
2018-12-17 09:42:56,GS,168.89,1,BID
2018-12-17 09:42:56,GS,168.97,3,ASK
2018-12-17 09:42:57,GS,168.89,3,BID
2018-12-17 09:42:57,GS,168.95,1,ASK
2018-12-17 09:42:57,GS,168.89,4,BID
2018-12-17 09:42:58,GS,168.98,1,ASK
2018-12-17 09:42:57,GS,168.89,4,BID
2018-12-17 09:42:59,GS,168.98,1,ASK
2018-12-17 09:43:00,GS,168.9,1,BID
2018-12-17 09:43:00,GS,168.98,2,ASK
2018-12-17 09:43:01,GS,168.9,2,BID
2018-12-17 09:43:01,GS,168.98,2,ASK
2018-12-17 09:43:02,GS,168.91,1,BID
2018-12-17 09:43:02,GS,169.01,1,ASK
2018-12-17 09:43:03,GS,168.93,2,BID
2018-12-17 09:43:03,GS,169.04,3,ASK
2018-12-17 09:43:04,GS,168.93,3,BID
2018-12-17 09:43:03,GS,169.04,3,ASK
2018-12-17 09:43:05,GS,168.98,4,BID
2018-12-17 09:43:03,GS,169.04,3,ASK
2018-12-17 09:43:06,GS,168.99,2,BID
2018-12-17 09:43:06,GS,169.07,1,ASK
2018-12-17 09:43:06,GS,168.99,2,BID
2018-12-17 09:43:06,GS,169.07,1,ASK
2018-12-17 09:43:08,GS,168.98,4,BID
2018-12-17 09:43:08,GS,169.07,2,ASK
2018-12-17 09:42:57,GS,168.89,4,BID
2018-12-17 09:43:09,GS,168.97,1,ASK
2018-12-17 09:43:10,GS,168.93,3,BID
2018-12-17 09:43:10,GS,169.1,1,ASK
2018-12-17 09:43:11,GS,168.97,2,BID
2018-12-17 09:43:11,GS,169.1,1,ASK
2018-12-17 09:43:12,GS,168.94,6,BID
2018-12-17 09:43:12,GS,169.13,2,ASK
2018-12-17 09:43:12,GS,168.94,6,BID
2018-12-17 09:43:13,GS,169.12,1,ASK
2018-12-17 09:43:14,GS,168.94,1,BID
2018-12-17 09:43:14,GS,168.99,1,ASK
2018-12-17 09:43:15,GS,168.94,1,BID
2018-12-17 09:43:15,GS,169.01,1,ASK
2018-12-17 09:43:16,GS,168.91,1,BID
2018-12-17 09:43:16,GS,169.01,1,ASK
2018-12-17 09:43:16,GS,168.9,4,BID
2018-12-17 09:43:16,GS,169.0,2,ASK
2018-12-17 09:43:16,GS,168.9,4,BID
2018-12-17 09:43:16,GS,169.0,2,ASK
2018-12-17 09:42:47,GS,168.8,4,BID
2018-12-17 09:43:19,GS,168.89,2,ASK
2018-12-17 09:42:47,GS,168.8,4,BID
2018-12-17 09:43:19,GS,168.89,2,ASK
2018-12-17 09:42:47,GS,168.8,4,BID
2018-12-17 09:43:19,GS,168.89,2,ASK
2018-12-17 09:43:20,GS,168.61,1,BID
2018-12-17 09:43:20,GS,168.78,1,ASK
2018-12-17 09:43:20,GS,168.6,4,BID
2018-12-17 09:43:20,GS,168.78,1,ASK
2018-12-17 09:43:21,GS,168.6,4,BID
2018-12-17 09:43:21,GS,168.78,1,ASK
2018-12-17 09:43:21,GS,168.6,4,BID
2018-12-17 09:43:21,GS,168.78,1,ASK
2018-12-17 09:43:21,GS,168.6,5,BID
2018-12-17 09:43:22,GS,168.78,1,ASK
2018-12-17 09:43:21,GS,168.6,5,BID
2018-12-17 09:43:22,GS,168.78,1,ASK
2018-12-17 09:43:21,GS,168.6,5,BID
2018-12-17 09:43:22,GS,168.78,3,ASK
2018-12-17 09:43:21,GS,168.6,5,BID
2018-12-17 09:43:22,GS,168.78,3,ASK
2018-12-17 09:43:25,GS,168.63,3,BID
2018-12-17 09:43:25,GS,168.78,3,ASK
2018-12-17 09:43:26,GS,168.63,3,BID
2018-12-17 09:43:25,GS,168.78,3,ASK
2018-12-17 09:43:27,GS,168.63,5,BID
2018-12-17 09:43:27,GS,168.78,6,ASK
2018-12-17 09:43:21,GS,168.6,4,BID
2018-12-17 09:43:29,GS,168.78,7,ASK
2018-12-17 09:43:30,GS,168.63,1,BID
2018-12-17 09:43:30,GS,168.78,7,ASK
2018-12-17 09:43:21,GS,168.6,4,BID
2018-12-17 09:43:30,GS,168.78,7,ASK
2018-12-17 09:43:21,GS,168.6,4,BID
2018-12-17 09:43:32,GS,168.78,7,ASK
2018-12-17 09:43:34,GS,168.56,3,BID
2018-12-17 09:43:34,GS,168.77,4,ASK
2018-12-17 09:43:36,GS,168.56,2,BID
2018-12-17 09:43:36,GS,168.7,1,ASK
2018-12-17 09:43:37,GS,168.62,2,BID
2018-12-17 09:43:37,GS,168.73,1,ASK
2018-12-17 09:43:38,GS,168.64,1,BID
2018-12-17 09:43:38,GS,168.73,1,ASK
2018-12-17 09:43:39,GS,168.57,1,BID
2018-12-17 09:43:39,GS,168.72,1,ASK
2018-12-17 09:43:39,GS,168.56,2,BID
2018-12-17 09:43:39,GS,168.7,1,ASK
2018-12-17 09:43:40,GS,168.56,1,BID
2018-12-17 09:43:40,GS,168.7,2,ASK
2018-12-17 09:43:41,GS,168.5,14,BID
2018-12-17 09:43:41,GS,168.61,1,ASK
2018-12-17 09:43:42,GS,168.5,15,BID
2018-12-17 09:43:42,GS,168.64,2,ASK
2018-12-17 09:43:46,GS,168.52,1,BID
2018-12-17 09:43:46,GS,168.64,2,ASK
2018-12-17 09:43:47,GS,168.59,1,BID
2018-12-17 09:43:47,GS,168.68,1,ASK
2018-12-17 09:43:48,GS,168.59,2,BID
2018-12-17 09:43:48,GS,168.68,1,ASK
2018-12-17 09:43:49,GS,168.64,5,BID
2018-12-17 09:43:49,GS,168.78,10,ASK
2018-12-17 09:43:50,GS,168.64,1,BID
2018-12-17 09:43:50,GS,168.76,2,ASK
2018-12-17 09:43:51,GS,168.64,1,BID
2018-12-17 09:43:51,GS,168.78,10,ASK
2018-12-17 09:43:52,GS,168.64,1,BID
2018-12-17 09:43:52,GS,168.78,10,ASK
2018-12-17 09:43:53,GS,168.61,2,BID
2018-12-17 09:43:53,GS,168.75,3,ASK
2018-12-17 09:43:54,GS,168.59,1,BID
2018-12-17 09:43:54,GS,168.69,1,ASK
2018-12-17 09:43:55,GS,168.55,1,BID
2018-12-17 09:43:53,GS,168.7,3,ASK
2018-12-17 09:43:56,GS,168.55,5,BID
2018-12-17 09:43:56,GS,168.78,13,ASK
2018-12-17 09:43:57,GS,168.65,1,BID
2018-12-17 09:43:57,GS,168.7,1,ASK
2018-12-17 09:43:58,GS,168.65,2,BID
2018-12-17 09:43:58,GS,168.71,1,ASK
2018-12-17 09:43:59,GS,168.65,2,BID
2018-12-17 09:44:00,GS,168.71,5,ASK
2018-12-17 09:44:00,GS,168.61,1,BID
2018-12-17 09:44:00,GS,168.67,1,ASK
2018-12-17 09:44:00,GS,168.61,2,BID
2018-12-17 09:44:00,GS,168.7,1,ASK
2018-12-17 09:44:02,GS,168.61,4,BID
2018-12-17 09:44:02,GS,168.7,2,ASK
2018-12-17 09:44:02,GS,168.61,4,BID
2018-12-17 09:44:02,GS,168.7,2,ASK
2018-12-17 09:44:04,GS,168.62,2,BID
2018-12-17 09:44:04,GS,168.74,1,ASK
2018-12-17 09:44:05,GS,168.66,1,BID
2018-12-17 09:44:05,GS,168.74,1,ASK
2018-12-17 09:44:05,GS,168.74,2,BID
2018-12-17 09:44:05,GS,168.8,4,ASK
2018-12-17 09:44:05,GS,168.74,2,BID
2018-12-17 09:44:05,GS,168.8,4,ASK
2018-12-17 09:44:07,GS,168.76,2,BID
2018-12-17 09:44:07,GS,168.8,8,ASK
2018-12-17 09:44:08,GS,168.76,1,BID
2018-12-17 09:44:08,GS,168.8,8,ASK
2018-12-17 09:44:09,GS,168.74,3,BID
2018-12-17 09:44:09,GS,168.8,8,ASK
2018-12-17 09:44:10,GS,168.71,1,BID
2018-12-17 09:44:10,GS,168.76,1,ASK
2018-12-17 09:44:11,GS,168.65,1,BID
2018-12-17 09:44:11,GS,168.76,1,ASK
2018-12-17 09:44:12,GS,168.66,3,BID
2018-12-17 09:44:12,GS,168.77,2,ASK
2018-12-17 09:44:12,GS,168.66,3,BID
2018-12-17 09:44:12,GS,168.77,2,ASK
2018-12-17 09:44:14,GS,168.71,2,BID
2018-12-17 09:44:14,GS,168.86,2,ASK
2018-12-17 09:44:16,GS,168.71,6,BID
2018-12-17 09:44:16,GS,168.86,2,ASK
2018-12-17 09:44:18,GS,168.74,1,BID
2018-12-17 09:44:18,GS,168.83,1,ASK
2018-12-17 09:44:18,GS,168.74,1,BID
2018-12-17 09:44:18,GS,168.84,3,ASK
2018-12-17 09:44:20,GS,168.78,1,BID
2018-12-17 09:44:20,GS,168.86,5,ASK
2018-12-17 09:44:21,GS,168.79,1,BID
2018-12-17 09:44:21,GS,168.86,5,ASK
2018-12-17 09:44:21,GS,168.79,1,BID
2018-12-17 09:44:21,GS,168.86,5,ASK
2018-12-17 09:44:21,GS,168.75,3,BID
2018-12-17 09:44:21,GS,168.86,5,ASK
2018-12-17 09:44:23,GS,168.78,5,BID
2018-12-17 09:44:23,GS,168.86,5,ASK
2018-12-17 09:44:24,GS,168.74,3,BID
2018-12-17 09:44:24,GS,168.83,1,ASK
2018-12-17 09:44:25,GS,168.73,1,BID
2018-12-17 09:44:25,GS,168.77,4,ASK
2018-12-17 09:44:26,GS,168.68,3,BID
2018-12-17 09:44:26,GS,168.77,4,ASK
2018-12-17 09:44:26,GS,168.68,3,BID
2018-12-17 09:44:26,GS,168.77,4,ASK
2018-12-17 09:44:26,GS,168.68,3,BID
2018-12-17 09:44:26,GS,168.77,4,ASK
2018-12-17 09:44:30,GS,168.68,3,BID
2018-12-17 09:44:30,GS,168.77,4,ASK
2018-12-17 09:44:30,GS,168.57,1,BID
2018-12-17 09:44:30,GS,168.7,2,ASK
2018-12-17 09:44:31,GS,168.57,2,BID
2018-12-17 09:44:31,GS,168.7,2,ASK
2018-12-17 09:44:33,GS,168.54,4,BID
2018-12-17 09:44:33,GS,168.63,1,ASK
2018-12-17 09:44:34,GS,168.52,2,BID
2018-12-17 09:44:34,GS,168.62,2,ASK
2018-12-17 09:44:34,GS,168.52,2,BID
2018-12-17 09:44:34,GS,168.62,2,ASK
2018-12-17 09:44:34,GS,168.52,2,BID
2018-12-17 09:44:34,GS,168.62,2,ASK
2018-12-17 09:44:36,GS,168.52,3,BID
2018-12-17 09:44:36,GS,168.62,3,ASK
2018-12-17 09:44:37,GS,168.56,3,BID
2018-12-17 09:44:37,GS,168.66,2,ASK
2018-12-17 09:44:39,GS,168.55,6,BID
2018-12-17 09:44:39,GS,168.66,3,ASK
2018-12-17 09:44:40,GS,168.6,2,BID
2018-12-17 09:44:40,GS,168.77,5,ASK
2018-12-17 09:44:41,GS,168.63,1,BID
2018-12-17 09:44:41,GS,168.76,1,ASK
2018-12-17 09:44:41,GS,168.63,1,BID
2018-12-17 09:44:41,GS,168.76,5,ASK
2018-12-17 09:44:42,GS,168.63,4,BID
2018-12-17 09:44:42,GS,168.76,1,ASK
2018-12-17 09:44:43,GS,168.71,3,BID
2018-12-17 09:44:43,GS,168.84,1,ASK
2018-12-17 09:44:44,GS,168.72,5,BID
2018-12-17 09:44:44,GS,168.84,1,ASK
2018-12-17 09:44:45,GS,168.73,9,BID
2018-12-17 09:44:45,GS,168.84,4,ASK
2018-12-17 09:44:46,GS,168.77,1,BID
2018-12-17 09:44:46,GS,168.8,2,ASK
2018-12-17 09:44:45,GS,168.73,9,BID
2018-12-17 09:44:47,GS,168.8,3,ASK
2018-12-17 09:44:48,GS,168.73,13,BID
2018-12-17 09:44:48,GS,168.84,3,ASK
2018-12-17 09:44:49,GS,168.83,5,BID
2018-12-17 09:44:49,GS,168.95,1,ASK
2018-12-17 09:44:50,GS,168.72,13,BID
2018-12-17 09:44:50,GS,168.92,5,ASK
2018-12-17 09:44:51,GS,168.8,13,BID
2018-12-17 09:44:51,GS,168.91,4,ASK
2018-12-17 09:44:51,GS,168.8,13,BID
2018-12-17 09:44:51,GS,168.91,4,ASK
2018-12-17 09:44:53,GS,168.8,22,BID
2018-12-17 09:44:53,GS,168.93,1,ASK
2018-12-17 09:44:54,GS,168.81,10,BID
2018-12-17 09:44:54,GS,168.95,2,ASK
2018-12-17 09:44:54,GS,168.81,10,BID
2018-12-17 09:44:56,GS,168.94,1,ASK
2018-12-17 09:44:54,GS,168.81,9,BID
2018-12-17 09:44:56,GS,168.94,2,ASK
2018-12-17 09:44:54,GS,168.81,9,BID
2018-12-17 09:44:56,GS,168.94,2,ASK
2018-12-17 09:44:54,GS,168.81,9,BID
2018-12-17 09:44:58,GS,168.94,3,ASK
2018-12-17 09:45:00,GS,168.78,1,BID
2018-12-17 09:45:00,GS,168.89,1,ASK
2018-12-17 09:45:00,GS,168.78,1,BID
2018-12-17 09:45:00,GS,168.89,3,ASK
2018-12-17 09:45:01,GS,168.78,3,BID
2018-12-17 09:45:01,GS,168.89,4,ASK
2018-12-17 09:45:02,GS,168.82,3,BID
2018-12-17 09:45:02,GS,168.89,4,ASK
2018-12-17 09:45:02,GS,168.82,3,BID
2018-12-17 09:45:02,GS,168.89,4,ASK
2018-12-17 09:44:50,GS,168.71,15,BID
2018-12-17 09:45:04,GS,168.81,1,ASK
2018-12-17 09:44:50,GS,168.71,15,BID
2018-12-17 09:45:04,GS,168.81,2,ASK
2018-12-17 09:44:50,GS,168.71,15,BID
2018-12-17 09:45:04,GS,168.81,2,ASK
2018-12-17 09:45:08,GS,168.67,2,BID
2018-12-17 09:45:08,GS,168.76,3,ASK
2018-12-17 09:45:08,GS,168.67,1,BID
2018-12-17 09:45:08,GS,168.76,3,ASK
2018-12-17 09:45:09,GS,168.67,1,BID
2018-12-17 09:45:09,GS,168.76,3,ASK
2018-12-17 09:45:11,GS,168.62,1,BID
2018-12-17 09:45:11,GS,168.75,2,ASK
2018-12-17 09:45:11,GS,168.62,1,BID
2018-12-17 09:45:11,GS,168.75,2,ASK
2018-12-17 09:45:12,GS,168.62,1,BID
2018-12-17 09:45:12,GS,168.75,2,ASK
2018-12-17 09:45:13,GS,168.62,1,BID
2018-12-17 09:45:13,GS,168.75,5,ASK
2018-12-17 09:45:14,GS,168.62,1,BID
2018-12-17 09:45:14,GS,168.75,5,ASK
2018-12-17 09:45:16,GS,168.62,3,BID
2018-12-17 09:45:16,GS,168.75,6,ASK
2018-12-17 09:45:16,GS,168.62,3,BID
2018-12-17 09:45:16,GS,168.71,1,ASK
2018-12-17 09:45:17,GS,168.62,3,BID
2018-12-17 09:45:17,GS,168.7,3,ASK
2018-12-17 09:45:18,GS,168.61,2,BID
2018-12-17 09:45:18,GS,168.7,3,ASK
2018-12-17 09:45:19,GS,168.7,2,BID
2018-12-17 09:45:19,GS,168.8,3,ASK
2018-12-17 09:45:20,GS,168.7,2,BID
2018-12-17 09:45:20,GS,168.79,1,ASK
2018-12-17 09:45:20,GS,168.7,3,BID
2018-12-17 09:45:21,GS,168.79,2,ASK
2018-12-17 09:45:21,GS,168.76,3,BID
2018-12-17 09:45:21,GS,168.89,1,ASK
2018-12-17 09:45:22,GS,168.84,5,BID
2018-12-17 09:45:22,GS,168.94,5,ASK
2018-12-17 09:45:23,GS,168.84,6,BID
2018-12-17 09:45:22,GS,168.94,5,ASK
2018-12-17 09:45:23,GS,168.84,7,BID
2018-12-17 09:45:22,GS,168.94,5,ASK
2018-12-17 09:45:25,GS,168.89,7,BID
2018-12-17 09:45:25,GS,169.0,9,ASK
2018-12-17 09:45:25,GS,168.89,7,BID
2018-12-17 09:45:25,GS,169.0,9,ASK
2018-12-17 09:45:27,GS,168.89,8,BID
2018-12-17 09:45:27,GS,169.0,9,ASK
2018-12-17 09:45:30,GS,168.89,8,BID
2018-12-17 09:45:30,GS,169.0,9,ASK
2018-12-17 09:45:30,GS,168.89,8,BID
2018-12-17 09:45:30,GS,169.0,9,ASK
2018-12-17 09:45:32,GS,169.07,17,BID
2018-12-17 09:43:12,GS,169.13,3,ASK
2018-12-17 09:45:33,GS,169.08,9,BID
2018-12-17 09:45:33,GS,169.15,3,ASK
2018-12-17 09:45:33,GS,169.08,10,BID
2018-12-17 09:45:33,GS,169.15,3,ASK
2018-12-17 09:45:34,GS,169.16,7,BID
2018-12-17 09:45:35,GS,169.29,2,ASK
2018-12-17 09:45:35,GS,169.23,7,BID
2018-12-17 09:45:35,GS,169.34,5,ASK
2018-12-17 09:45:35,GS,169.23,7,BID
2018-12-17 09:45:35,GS,169.37,14,ASK
2018-12-17 09:45:37,GS,169.25,8,BID
2018-12-17 09:45:37,GS,169.37,14,ASK
2018-12-17 09:45:38,GS,169.34,7,BID
2018-12-17 09:45:38,GS,169.44,7,ASK
2018-12-17 09:45:40,GS,169.35,10,BID
2018-12-17 09:45:40,GS,169.45,3,ASK
2018-12-17 09:45:41,GS,169.35,1,BID
2018-12-17 09:45:41,GS,169.44,1,ASK
2018-12-17 09:45:42,GS,169.43,1,BID
2018-12-17 09:45:42,GS,169.47,2,ASK
2018-12-17 09:45:43,GS,169.43,2,BID
2018-12-17 09:45:43,GS,169.46,1,ASK
2018-12-17 09:45:43,GS,169.43,2,BID
2018-12-17 09:45:43,GS,169.46,1,ASK
2018-12-17 09:45:43,GS,169.43,2,BID
2018-12-17 09:45:43,GS,169.46,1,ASK
2018-12-17 09:45:46,GS,169.42,2,BID
2018-12-17 09:45:46,GS,169.46,3,ASK
2018-12-17 09:45:47,GS,169.46,4,BID
2018-12-17 09:45:47,GS,169.5,8,ASK
2018-12-17 09:45:48,GS,169.52,1,BID
2018-12-17 09:45:48,GS,169.55,4,ASK
2018-12-17 09:45:49,GS,169.68,9,BID
2018-12-17 09:38:48,GS,169.76,6,ASK
2018-12-17 09:45:49,GS,169.68,9,BID
2018-12-17 09:45:49,GS,169.82,2,ASK
2018-12-17 09:45:51,GS,169.71,9,BID
2018-12-17 09:45:51,GS,169.82,6,ASK
2018-12-17 09:45:51,GS,169.71,14,BID
2018-12-17 09:45:51,GS,169.82,9,ASK
2018-12-17 09:45:53,GS,169.78,21,BID
2018-12-17 09:45:53,GS,169.89,1,ASK
2018-12-17 09:45:53,GS,169.71,23,BID
2018-12-17 09:45:53,GS,169.86,1,ASK
2018-12-17 09:45:53,GS,169.71,25,BID
2018-12-17 09:45:54,GS,169.86,1,ASK
2018-12-17 09:45:53,GS,169.71,25,BID
2018-12-17 09:45:55,GS,169.86,1,ASK
2018-12-17 09:45:53,GS,169.71,25,BID
2018-12-17 09:45:57,GS,169.86,1,ASK
2018-12-17 09:45:58,GS,169.71,27,BID
2018-12-17 09:45:58,GS,169.86,3,ASK
2018-12-17 09:45:59,GS,169.71,32,BID
2018-12-17 09:45:59,GS,169.85,2,ASK
2018-12-17 09:45:59,GS,169.71,32,BID
2018-12-17 09:46:00,GS,169.85,3,ASK
2018-12-17 09:46:00,GS,169.71,23,BID
2018-12-17 09:46:00,GS,169.84,1,ASK
2018-12-17 09:46:01,GS,169.71,23,BID
2018-12-17 09:46:01,GS,169.84,1,ASK
2018-12-17 09:46:01,GS,169.71,23,BID
2018-12-17 09:46:01,GS,169.84,1,ASK
2018-12-17 09:46:04,GS,169.71,21,BID
2018-12-17 09:46:04,GS,169.85,2,ASK
2018-12-17 09:46:05,GS,169.69,1,BID
2018-12-17 09:46:05,GS,169.77,1,ASK
2018-12-17 09:46:06,GS,169.71,1,BID
2018-12-17 09:46:06,GS,169.82,1,ASK
2018-12-17 09:46:07,GS,169.71,2,BID
2018-12-17 09:46:07,GS,169.82,2,ASK
2018-12-17 09:46:08,GS,169.69,5,BID
2018-12-17 09:46:08,GS,169.79,1,ASK
2018-12-17 09:46:09,GS,169.69,5,BID
2018-12-17 09:46:09,GS,169.79,1,ASK
2018-12-17 09:46:10,GS,169.7,2,BID
2018-12-17 09:46:10,GS,169.82,4,ASK
2018-12-17 09:46:11,GS,169.8,10,BID
2018-12-17 09:46:11,GS,169.86,4,ASK
2018-12-17 09:46:12,GS,169.86,7,BID
2018-12-17 09:46:12,GS,169.92,1,ASK
2018-12-17 09:46:12,GS,169.86,7,BID
2018-12-17 09:46:12,GS,169.92,1,ASK
2018-12-17 09:46:13,GS,169.89,11,BID
2018-12-17 09:46:13,GS,169.95,4,ASK
2018-12-17 09:46:15,GS,169.86,8,BID
2018-12-17 09:46:13,GS,169.95,3,ASK
2018-12-17 09:46:16,GS,169.84,9,BID
2018-12-17 09:46:16,GS,169.94,2,ASK
2018-12-17 09:46:17,GS,169.84,16,BID
2018-12-17 09:46:17,GS,169.94,3,ASK
2018-12-17 09:46:18,GS,169.79,13,BID
2018-12-17 09:46:18,GS,169.89,1,ASK
2018-12-17 09:46:19,GS,169.79,16,BID
2018-12-17 09:46:19,GS,169.89,1,ASK
2018-12-17 09:46:19,GS,169.79,16,BID
2018-12-17 09:46:19,GS,169.89,1,ASK
2018-12-17 09:46:20,GS,169.91,11,BID
2018-12-17 09:46:20,GS,170.0,17,ASK
2018-12-17 09:46:22,GS,170.06,1,BID
2018-12-17 09:46:22,GS,170.19,1,ASK
2018-12-17 09:46:23,GS,170.06,1,BID
2018-12-17 09:46:23,GS,170.19,4,ASK
2018-12-17 09:46:23,GS,170.0,1,BID
2018-12-17 09:46:23,GS,170.19,9,ASK
2018-12-17 09:46:25,GS,170.03,1,BID
2018-12-17 09:46:25,GS,170.19,9,ASK
2018-12-17 09:46:26,GS,169.9,1,BID
2018-12-17 09:46:26,GS,170.01,1,ASK
2018-12-17 09:46:27,GS,169.86,2,BID
2018-12-17 09:46:27,GS,170.02,3,ASK
2018-12-17 09:46:28,GS,169.75,4,BID
2018-12-17 09:46:28,GS,169.89,2,ASK
2018-12-17 09:46:28,GS,169.75,4,BID
2018-12-17 09:46:28,GS,169.89,2,ASK
2018-12-17 09:46:30,GS,169.75,4,BID
2018-12-17 09:46:30,GS,169.89,2,ASK
2018-12-17 09:46:31,GS,169.75,7,BID
2018-12-17 09:46:31,GS,169.89,2,ASK
2018-12-17 09:46:31,GS,169.75,1,BID
2018-12-17 09:46:31,GS,169.89,4,ASK
2018-12-17 09:46:32,GS,169.75,1,BID
2018-12-17 09:46:32,GS,169.86,3,ASK
2018-12-17 09:46:32,GS,169.75,1,BID
2018-12-17 09:46:32,GS,169.85,1,ASK
2018-12-17 09:46:32,GS,169.75,1,BID
2018-12-17 09:46:32,GS,169.85,1,ASK
2018-12-17 09:46:35,GS,169.7,1,BID
2018-12-17 09:46:35,GS,169.76,1,ASK
2018-12-17 09:46:37,GS,169.64,1,BID
2018-12-17 09:46:37,GS,169.76,2,ASK
2018-12-17 09:46:31,GS,169.62,8,BID
2018-12-17 09:46:37,GS,169.76,11,ASK
2018-12-17 09:46:39,GS,169.55,1,BID
2018-12-17 09:46:39,GS,169.67,1,ASK
2018-12-17 09:46:40,GS,169.55,2,BID
2018-12-17 09:46:40,GS,169.59,2,ASK
2018-12-17 09:46:41,GS,169.54,5,BID
2018-12-17 09:46:41,GS,169.67,6,ASK
2018-12-17 09:46:42,GS,169.55,1,BID
2018-12-17 09:46:42,GS,169.67,10,ASK
2018-12-17 09:46:43,GS,169.54,10,BID
2018-12-17 09:46:43,GS,169.67,11,ASK
2018-12-17 09:46:44,GS,169.55,1,BID
2018-12-17 09:46:44,GS,169.67,11,ASK
2018-12-17 09:46:45,GS,169.54,10,BID
2018-12-17 09:46:45,GS,169.66,3,ASK
2018-12-17 09:46:45,GS,169.54,10,BID
2018-12-17 09:46:45,GS,169.66,3,ASK
2018-12-17 09:46:47,GS,169.52,2,BID
2018-12-17 09:46:47,GS,169.59,1,ASK
2018-12-17 09:46:48,GS,169.48,3,BID
2018-12-17 09:46:48,GS,169.59,10,ASK
2018-12-17 09:46:48,GS,169.43,1,BID
2018-12-17 09:46:48,GS,169.52,1,ASK
2018-12-17 09:46:50,GS,169.43,4,BID
2018-12-17 09:46:50,GS,169.51,1,ASK
2018-12-17 09:46:51,GS,169.34,11,BID
2018-12-17 09:46:51,GS,169.44,1,ASK
2018-12-17 09:46:52,GS,169.32,2,BID
2018-12-17 09:46:51,GS,169.51,6,ASK
2018-12-17 09:46:53,GS,169.35,1,BID
2018-12-17 09:46:53,GS,169.51,9,ASK
2018-12-17 09:46:54,GS,169.35,5,BID
2018-12-17 09:46:53,GS,169.51,9,ASK
2018-12-17 09:46:55,GS,169.36,11,BID
2018-12-17 09:46:55,GS,169.51,9,ASK
2018-12-17 09:46:56,GS,169.38,1,BID
2018-12-17 09:46:56,GS,169.51,9,ASK
2018-12-17 09:46:57,GS,169.37,12,BID
2018-12-17 09:46:57,GS,169.51,10,ASK
2018-12-17 09:46:58,GS,169.37,12,BID
2018-12-17 09:46:58,GS,169.51,11,ASK
2018-12-17 09:46:58,GS,169.37,12,BID
2018-12-17 09:46:58,GS,169.51,11,ASK
2018-12-17 09:47:00,GS,169.37,12,BID
2018-12-17 09:46:58,GS,169.51,11,ASK
2018-12-17 09:47:01,GS,169.4,1,BID
2018-12-17 09:47:01,GS,169.48,1,ASK
2018-12-17 09:47:02,GS,169.37,12,BID
2018-12-17 09:47:02,GS,169.49,3,ASK
2018-12-17 09:47:03,GS,169.4,5,BID
2018-12-17 09:46:58,GS,169.51,10,ASK
2018-12-17 09:47:03,GS,169.4,2,BID
2018-12-17 09:47:03,GS,169.51,6,ASK
2018-12-17 09:47:05,GS,169.43,1,BID
2018-12-17 09:47:05,GS,169.56,2,ASK
2018-12-17 09:47:05,GS,169.44,3,BID
2018-12-17 09:47:05,GS,169.56,2,ASK
2018-12-17 09:47:07,GS,169.49,3,BID
2018-12-17 09:47:07,GS,169.61,3,ASK
2018-12-17 09:47:08,GS,169.49,3,BID
2018-12-17 09:47:08,GS,169.61,4,ASK
2018-12-17 09:47:09,GS,169.44,3,BID
2018-12-17 09:47:09,GS,169.51,1,ASK
2018-12-17 09:47:09,GS,169.44,6,BID
2018-12-17 09:47:10,GS,169.58,4,ASK
2018-12-17 09:47:10,GS,169.43,1,BID
2018-12-17 09:47:10,GS,169.58,4,ASK
2018-12-17 09:47:11,GS,169.42,6,BID
2018-12-17 09:47:11,GS,169.5,1,ASK
2018-12-17 09:47:13,GS,169.43,1,BID
2018-12-17 09:47:13,GS,169.55,1,ASK
2018-12-17 09:47:14,GS,169.43,3,BID
2018-12-17 09:47:14,GS,169.55,1,ASK
2018-12-17 09:47:15,GS,169.41,1,BID
2018-12-17 09:47:15,GS,169.48,1,ASK
2018-12-17 09:47:16,GS,169.31,1,BID
2018-12-17 09:47:16,GS,169.47,1,ASK
2018-12-17 09:47:17,GS,169.31,1,BID
2018-12-17 09:47:17,GS,169.4,1,ASK
2018-12-17 09:47:18,GS,169.29,5,BID
2018-12-17 09:47:18,GS,169.39,1,ASK
2018-12-17 09:47:19,GS,169.29,5,BID
2018-12-17 09:47:19,GS,169.37,1,ASK
2018-12-17 09:47:20,GS,169.29,6,BID
2018-12-17 09:47:20,GS,169.37,1,ASK
2018-12-17 09:47:21,GS,169.27,2,BID
2018-12-17 09:47:21,GS,169.33,1,ASK
2018-12-17 09:47:22,GS,169.22,1,BID
2018-12-17 09:47:22,GS,169.32,1,ASK
2018-12-17 09:47:23,GS,169.22,1,BID
2018-12-17 09:47:23,GS,169.32,1,ASK
2018-12-17 09:47:23,GS,169.22,1,BID
2018-12-17 09:47:23,GS,169.32,1,ASK
2018-12-17 09:47:25,GS,169.22,2,BID
2018-12-17 09:47:25,GS,169.31,1,ASK
2018-12-17 09:47:26,GS,169.11,1,BID
2018-12-17 09:47:26,GS,169.21,1,ASK
2018-12-17 09:47:27,GS,169.19,1,BID
2018-12-17 09:47:27,GS,169.32,3,ASK
2018-12-17 09:47:28,GS,169.19,1,BID
2018-12-17 09:47:28,GS,169.32,5,ASK
2018-12-17 09:47:29,GS,169.19,4,BID
2018-12-17 09:47:28,GS,169.32,5,ASK
2018-12-17 09:47:30,GS,169.19,4,BID
2018-12-17 09:47:30,GS,169.31,1,ASK
2018-12-17 09:47:31,GS,169.12,2,BID
2018-12-17 09:47:31,GS,169.31,6,ASK
2018-12-17 09:47:32,GS,169.12,1,BID
2018-12-17 09:47:32,GS,169.27,1,ASK
2018-12-17 09:47:33,GS,169.11,3,BID
2018-12-17 09:47:33,GS,169.27,2,ASK
2018-12-17 09:47:34,GS,169.12,5,BID
2018-12-17 09:47:34,GS,169.27,3,ASK
2018-12-17 09:47:34,GS,169.12,5,BID
2018-12-17 09:47:34,GS,169.27,3,ASK
2018-12-17 09:47:34,GS,169.12,5,BID
2018-12-17 09:47:34,GS,169.27,3,ASK
2018-12-17 09:47:37,GS,169.12,5,BID
2018-12-17 09:47:37,GS,169.27,3,ASK
2018-12-17 09:47:38,GS,169.12,8,BID
2018-12-17 09:47:38,GS,169.27,4,ASK
2018-12-17 09:47:39,GS,169.12,9,BID
2018-12-17 09:47:39,GS,169.27,6,ASK
2018-12-17 09:47:40,GS,169.15,1,BID
2018-12-17 09:47:40,GS,169.29,1,ASK
2018-12-17 09:47:41,GS,169.15,3,BID
2018-12-17 09:47:41,GS,169.29,1,ASK
2018-12-17 09:47:42,GS,169.12,9,BID
2018-12-17 09:47:42,GS,169.23,3,ASK
2018-12-17 09:47:43,GS,169.12,9,BID
2018-12-17 09:47:43,GS,169.23,3,ASK
2018-12-17 09:47:43,GS,169.12,9,BID
2018-12-17 09:47:43,GS,169.23,4,ASK
2018-12-17 09:47:45,GS,169.12,9,BID
2018-12-17 09:47:45,GS,169.23,5,ASK
2018-12-17 09:47:45,GS,169.12,9,BID
2018-12-17 09:47:45,GS,169.23,5,ASK
2018-12-17 09:47:45,GS,169.12,9,BID
2018-12-17 09:47:45,GS,169.23,5,ASK
2018-12-17 09:47:48,GS,169.12,9,BID
2018-12-17 09:47:48,GS,169.23,7,ASK
2018-12-17 09:47:48,GS,169.12,9,BID
2018-12-17 09:47:48,GS,169.23,7,ASK
2018-12-17 09:47:50,GS,169.13,2,BID
2018-12-17 09:47:50,GS,169.23,7,ASK
2018-12-17 09:47:51,GS,169.13,8,BID
2018-12-17 09:47:51,GS,169.31,1,ASK
2018-12-17 09:47:52,GS,169.13,9,BID
2018-12-17 09:47:52,GS,169.31,1,ASK
2018-12-17 09:47:53,GS,169.07,1,BID
2018-12-17 09:47:53,GS,169.21,2,ASK
2018-12-17 09:47:54,GS,168.91,1,BID
2018-12-17 09:47:54,GS,169.04,2,ASK
2018-12-17 09:45:32,GS,168.89,11,BID
2018-12-17 09:47:55,GS,169.04,2,ASK
2018-12-17 09:45:32,GS,168.89,11,BID
2018-12-17 09:47:56,GS,169.03,1,ASK
2018-12-17 09:45:32,GS,168.89,11,BID
2018-12-17 09:47:56,GS,169.03,1,ASK
2018-12-17 09:45:32,GS,168.89,11,BID
2018-12-17 09:47:58,GS,169.03,2,ASK
2018-12-17 09:47:59,GS,168.9,1,BID
2018-12-17 09:47:59,GS,169.03,2,ASK
2018-12-17 09:45:32,GS,168.89,7,BID
2018-12-17 09:48:00,GS,169.02,1,ASK
2018-12-17 09:48:01,GS,168.84,5,BID
2018-12-17 09:48:01,GS,169.02,3,ASK
2018-12-17 09:48:02,GS,168.8,8,BID
2018-12-17 09:48:02,GS,168.93,1,ASK
2018-12-17 09:48:04,GS,168.83,1,BID
2018-12-17 09:48:04,GS,169.02,5,ASK
2018-12-17 09:48:05,GS,168.84,1,BID
2018-12-17 09:48:05,GS,169.01,1,ASK
2018-12-17 09:48:05,GS,168.83,5,BID
2018-12-17 09:48:05,GS,169.01,1,ASK
2018-12-17 09:48:05,GS,168.83,5,BID
2018-12-17 09:48:05,GS,169.01,1,ASK
2018-12-17 09:48:07,GS,168.84,4,BID
2018-12-17 09:48:07,GS,169.01,3,ASK
2018-12-17 09:48:08,GS,168.84,7,BID
2018-12-17 09:48:07,GS,169.01,3,ASK
2018-12-17 09:48:08,GS,168.84,8,BID
2018-12-17 09:48:07,GS,169.01,3,ASK
2018-12-17 09:48:10,GS,168.85,1,BID
2018-12-17 09:48:07,GS,169.01,3,ASK
2018-12-17 09:48:10,GS,168.85,1,BID
2018-12-17 09:48:07,GS,169.01,3,ASK
2018-12-17 09:48:12,GS,168.85,3,BID
2018-12-17 09:48:07,GS,169.01,3,ASK
2018-12-17 09:48:13,GS,168.86,2,BID
2018-12-17 09:48:13,GS,169.01,3,ASK
2018-12-17 09:48:15,GS,168.91,3,BID
2018-12-17 09:48:15,GS,169.03,3,ASK
2018-12-17 09:48:15,GS,168.91,4,BID
2018-12-17 09:48:15,GS,169.03,3,ASK
2018-12-17 09:48:17,GS,168.98,1,BID
2018-12-17 09:48:17,GS,169.12,5,ASK
2018-12-17 09:48:17,GS,169.0,1,BID
2018-12-17 09:48:17,GS,169.12,5,ASK
2018-12-17 09:48:18,GS,169.0,1,BID
2018-12-17 09:48:18,GS,169.12,5,ASK
2018-12-17 09:48:19,GS,169.01,3,BID
2018-12-17 09:48:19,GS,169.12,5,ASK
2018-12-17 09:48:19,GS,169.01,3,BID
2018-12-17 09:48:19,GS,169.12,5,ASK
2018-12-17 09:48:19,GS,169.01,3,BID
2018-12-17 09:48:19,GS,169.12,5,ASK
2018-12-17 09:48:22,GS,169.01,4,BID
2018-12-17 09:48:22,GS,169.12,5,ASK
2018-12-17 09:48:23,GS,168.95,1,BID
2018-12-17 09:48:23,GS,169.07,1,ASK
2018-12-17 09:48:24,GS,168.92,4,BID
2018-12-17 09:48:24,GS,169.07,2,ASK
2018-12-17 09:48:24,GS,168.92,4,BID
2018-12-17 09:48:25,GS,169.07,2,ASK
2018-12-17 09:48:24,GS,168.92,4,BID
2018-12-17 09:48:25,GS,169.07,2,ASK
2018-12-17 09:48:28,GS,168.93,1,BID
2018-12-17 09:48:28,GS,169.04,1,ASK
2018-12-17 09:48:29,GS,168.93,1,BID
2018-12-17 09:48:29,GS,169.07,2,ASK
2018-12-17 09:48:30,GS,168.95,1,BID
2018-12-17 09:48:30,GS,169.11,1,ASK
2018-12-17 09:48:30,GS,168.95,1,BID
2018-12-17 09:48:30,GS,169.11,1,ASK
2018-12-17 09:48:32,GS,168.95,1,BID
2018-12-17 09:48:32,GS,169.11,2,ASK
2018-12-17 09:48:32,GS,168.95,1,BID
2018-12-17 09:48:32,GS,169.11,3,ASK
2018-12-17 09:48:33,GS,169.01,3,BID
2018-12-17 09:48:33,GS,169.15,5,ASK
2018-12-17 09:48:33,GS,169.01,3,BID
2018-12-17 09:48:35,GS,169.15,5,ASK
2018-12-17 09:48:33,GS,169.01,3,BID
2018-12-17 09:48:35,GS,169.15,5,ASK
2018-12-17 09:48:33,GS,169.01,3,BID
2018-12-17 09:48:36,GS,169.15,5,ASK
2018-12-17 09:48:33,GS,169.01,3,BID
2018-12-17 09:48:36,GS,169.15,5,ASK
2018-12-17 09:48:38,GS,169.01,3,BID
2018-12-17 09:48:38,GS,169.15,6,ASK
2018-12-17 09:48:39,GS,169.01,3,BID
2018-12-17 09:48:39,GS,169.15,6,ASK
2018-12-17 09:48:40,GS,169.01,3,BID
2018-12-17 09:48:40,GS,169.15,6,ASK
2018-12-17 09:48:41,GS,169.01,3,BID
2018-12-17 09:48:42,GS,169.21,7,ASK
2018-12-17 09:48:41,GS,169.01,3,BID
2018-12-17 09:48:42,GS,169.21,7,ASK
2018-12-17 09:48:41,GS,169.01,3,BID
2018-12-17 09:48:42,GS,169.21,7,ASK
2018-12-17 09:48:41,GS,169.01,3,BID
2018-12-17 09:48:42,GS,169.21,7,ASK
2018-12-17 09:48:41,GS,169.01,3,BID
2018-12-17 09:48:42,GS,169.21,7,ASK
2018-12-17 09:48:41,GS,169.01,3,BID
2018-12-17 09:48:42,GS,169.21,7,ASK
2018-12-17 09:48:48,GS,168.94,4,BID
2018-12-17 09:48:48,GS,169.14,6,ASK
2018-12-17 09:48:48,GS,168.94,4,BID
2018-12-17 09:48:48,GS,169.14,6,ASK
2018-12-17 09:48:49,GS,168.93,1,BID
2018-12-17 09:48:49,GS,169.14,7,ASK
2018-12-17 09:48:49,GS,168.93,1,BID
2018-12-17 09:48:49,GS,169.14,7,ASK
2018-12-17 09:48:52,GS,168.91,1,BID
2018-12-17 09:48:52,GS,169.05,1,ASK
2018-12-17 09:48:53,GS,168.91,1,BID
2018-12-17 09:48:53,GS,169.05,1,ASK
2018-12-17 09:48:53,GS,168.91,2,BID
2018-12-17 09:48:53,GS,169.05,1,ASK
2018-12-17 09:48:54,GS,168.91,2,BID
2018-12-17 09:48:54,GS,169.0,1,ASK
2018-12-17 09:48:55,GS,168.7,9,BID
2018-12-17 09:48:56,GS,168.82,1,ASK
2018-12-17 09:48:56,GS,168.7,10,BID
2018-12-17 09:48:56,GS,168.87,4,ASK
2018-12-17 09:48:57,GS,168.53,6,BID
2018-12-17 09:48:57,GS,168.73,3,ASK
2018-12-17 09:48:58,GS,168.53,7,BID
2018-12-17 09:48:59,GS,168.72,3,ASK
2018-12-17 09:49:00,GS,168.51,6,BID
2018-12-17 09:49:00,GS,168.71,1,ASK
2018-12-17 09:49:00,GS,168.51,5,BID
2018-12-17 09:49:00,GS,168.71,3,ASK
2018-12-17 09:49:00,GS,168.51,5,BID
2018-12-17 09:49:01,GS,168.7,3,ASK
2018-12-17 09:49:02,GS,168.52,1,BID
2018-12-17 09:49:02,GS,168.69,1,ASK
2018-12-17 09:49:03,GS,168.52,1,BID
2018-12-17 09:49:03,GS,168.7,3,ASK
2018-12-17 09:49:03,GS,168.53,1,BID
2018-12-17 09:49:03,GS,168.7,3,ASK
2018-12-17 09:49:04,GS,168.67,1,BID
2018-12-17 09:49:04,GS,168.75,1,ASK
2018-12-17 09:49:04,GS,168.63,1,BID
2018-12-17 09:49:04,GS,168.75,2,ASK
2018-12-17 09:49:05,GS,168.75,3,BID
2018-12-17 09:49:05,GS,168.87,1,ASK
2018-12-17 09:49:06,GS,168.75,3,BID
2018-12-17 09:49:06,GS,168.86,1,ASK
2018-12-17 09:49:08,GS,168.76,1,BID
2018-12-17 09:49:08,GS,168.86,1,ASK
2018-12-17 09:49:09,GS,168.76,2,BID
2018-12-17 09:49:09,GS,168.86,2,ASK
2018-12-17 09:49:09,GS,168.71,1,BID
2018-12-17 09:49:09,GS,168.83,5,ASK
2018-12-17 09:49:11,GS,168.61,1,BID
2018-12-17 09:49:11,GS,168.83,5,ASK
2018-12-17 09:49:12,GS,168.61,6,BID
2018-12-17 09:49:11,GS,168.83,5,ASK
2018-12-17 09:49:13,GS,168.61,6,BID
2018-12-17 09:49:13,GS,168.82,4,ASK
2018-12-17 09:49:15,GS,168.61,6,BID
2018-12-17 09:49:15,GS,168.82,6,ASK
2018-12-17 09:49:16,GS,168.64,1,BID
2018-12-17 09:49:16,GS,168.82,6,ASK
2018-12-17 09:49:18,GS,168.64,5,BID
2018-12-17 09:49:18,GS,168.83,6,ASK
2018-12-17 09:49:19,GS,168.74,1,BID
2018-12-17 09:49:19,GS,168.9,1,ASK
2018-12-17 09:49:19,GS,168.81,2,BID
2018-12-17 09:49:19,GS,168.99,4,ASK
2018-12-17 09:49:19,GS,168.81,3,BID
2018-12-17 09:49:19,GS,168.99,4,ASK
2018-12-17 09:49:20,GS,168.72,3,BID
2018-12-17 09:49:20,GS,168.94,2,ASK
2018-12-17 09:49:21,GS,168.72,3,BID
2018-12-17 09:49:21,GS,168.9,1,ASK
2018-12-17 09:49:22,GS,168.72,4,BID
2018-12-17 09:49:22,GS,168.9,2,ASK
2018-12-17 09:49:22,GS,168.65,7,BID
2018-12-17 09:49:22,GS,168.81,1,ASK
2018-12-17 09:49:23,GS,168.65,7,BID
2018-12-17 09:49:23,GS,168.81,1,ASK
2018-12-17 09:49:16,GS,168.61,5,BID
2018-12-17 09:49:24,GS,168.81,1,ASK
2018-12-17 09:49:24,GS,168.69,4,BID
2018-12-17 09:49:24,GS,168.81,1,ASK
2018-12-17 09:49:25,GS,168.7,1,BID
2018-12-17 09:49:25,GS,168.89,4,ASK
2018-12-17 09:49:26,GS,168.7,3,BID
2018-12-17 09:49:22,GS,168.9,3,ASK
2018-12-17 09:49:26,GS,168.71,3,BID
2018-12-17 09:49:26,GS,168.94,4,ASK
2018-12-17 09:49:26,GS,168.71,3,BID
2018-12-17 09:49:26,GS,168.94,4,ASK
2018-12-17 09:49:27,GS,168.71,4,BID
2018-12-17 09:49:26,GS,168.94,4,ASK
2018-12-17 09:49:28,GS,168.71,1,BID
2018-12-17 09:49:28,GS,168.89,1,ASK
2018-12-17 09:49:28,GS,168.73,1,BID
2018-12-17 09:49:28,GS,168.87,1,ASK
2018-12-17 09:49:28,GS,168.72,1,BID
2018-12-17 09:49:28,GS,168.88,3,ASK
2018-12-17 09:49:29,GS,168.73,3,BID
2018-12-17 09:49:29,GS,168.88,3,ASK
2018-12-17 09:49:30,GS,168.72,2,BID
2018-12-17 09:49:30,GS,168.9,1,ASK
2018-12-17 09:49:31,GS,168.82,3,BID
2018-12-17 09:49:32,GS,168.92,1,ASK
2018-12-17 09:49:33,GS,168.82,6,BID
2018-12-17 09:49:33,GS,168.98,1,ASK
2018-12-17 09:49:33,GS,168.82,6,BID
2018-12-17 09:49:33,GS,169.0,3,ASK
2018-12-17 09:49:34,GS,168.82,6,BID
2018-12-17 09:49:34,GS,169.0,3,ASK
2018-12-17 09:49:36,GS,168.83,1,BID
2018-12-17 09:49:36,GS,168.99,1,ASK
2018-12-17 09:49:36,GS,168.82,6,BID
2018-12-17 09:49:36,GS,169.0,4,ASK
2018-12-17 09:49:38,GS,168.85,2,BID
2018-12-17 09:49:38,GS,169.01,1,ASK
2018-12-17 09:49:41,GS,168.89,3,BID
2018-12-17 09:49:41,GS,169.05,2,ASK
2018-12-17 09:49:40,GS,168.85,5,BID
2018-12-17 09:49:42,GS,169.05,4,ASK
2018-12-17 09:49:40,GS,168.85,5,BID
2018-12-17 09:49:44,GS,169.05,4,ASK
2018-12-17 09:49:40,GS,168.85,5,BID
2018-12-17 09:49:46,GS,169.0,1,ASK
2018-12-17 09:49:48,GS,168.88,4,BID
2018-12-17 09:49:48,GS,169.04,1,ASK
2018-12-17 09:49:50,GS,168.92,1,BID
2018-12-17 09:49:50,GS,169.05,6,ASK
2018-12-17 09:49:51,GS,168.86,3,BID
2018-12-17 09:49:51,GS,169.05,7,ASK
2018-12-17 09:49:51,GS,168.86,3,BID
2018-12-17 09:49:51,GS,169.05,7,ASK
2018-12-17 09:49:49,GS,168.85,5,BID
2018-12-17 09:49:53,GS,169.04,1,ASK
2018-12-17 09:49:49,GS,168.85,5,BID
2018-12-17 09:49:55,GS,169.04,4,ASK
2018-12-17 09:49:49,GS,168.85,5,BID
2018-12-17 09:49:55,GS,169.04,4,ASK
2018-12-17 09:49:49,GS,168.85,5,BID
2018-12-17 09:49:56,GS,169.04,3,ASK
2018-12-17 09:49:58,GS,168.86,1,BID
2018-12-17 09:49:58,GS,169.03,1,ASK
2018-12-17 09:49:59,GS,168.92,2,BID
2018-12-17 09:49:59,GS,169.02,1,ASK
2018-12-17 09:50:00,GS,168.94,2,BID
2018-12-17 09:49:59,GS,169.03,3,ASK
2018-12-17 09:49:59,GS,168.87,5,BID
2018-12-17 09:50:00,GS,169.02,1,ASK
2018-12-17 09:50:02,GS,168.87,5,BID
2018-12-17 09:50:02,GS,169.02,2,ASK
2018-12-17 09:50:03,GS,168.88,1,BID
2018-12-17 09:50:03,GS,169.01,1,ASK
2018-12-17 09:50:03,GS,168.88,4,BID
2018-12-17 09:50:03,GS,169.02,2,ASK
2018-12-17 09:50:05,GS,168.88,4,BID
2018-12-17 09:50:05,GS,169.02,2,ASK
2018-12-17 09:50:05,GS,168.85,3,BID
2018-12-17 09:50:05,GS,168.95,3,ASK
2018-12-17 09:50:06,GS,168.8,5,BID
2018-12-17 09:50:07,GS,168.94,2,ASK
2018-12-17 09:50:08,GS,168.79,1,BID
2018-12-17 09:50:08,GS,168.94,2,ASK
2018-12-17 09:50:08,GS,168.79,1,BID
2018-12-17 09:50:08,GS,168.93,1,ASK
2018-12-17 09:50:10,GS,168.75,1,BID
2018-12-17 09:50:10,GS,168.84,1,ASK
2018-12-17 09:50:10,GS,168.75,1,BID
2018-12-17 09:50:10,GS,168.89,2,ASK
2018-12-17 09:50:10,GS,168.75,1,BID
2018-12-17 09:50:10,GS,168.89,2,ASK
2018-12-17 09:50:12,GS,168.75,1,BID
2018-12-17 09:50:12,GS,168.88,1,ASK
2018-12-17 09:50:14,GS,168.78,4,BID
2018-12-17 09:50:14,GS,168.92,1,ASK
2018-12-17 09:50:15,GS,168.9,1,BID
2018-12-17 09:50:15,GS,169.01,5,ASK
2018-12-17 09:50:15,GS,168.9,1,BID
2018-12-17 09:50:15,GS,169.01,6,ASK
2018-12-17 09:50:17,GS,168.9,1,BID
2018-12-17 09:50:17,GS,169.01,7,ASK
2018-12-17 09:50:17,GS,168.9,1,BID
2018-12-17 09:50:17,GS,169.01,7,ASK
2018-12-17 09:50:19,GS,168.9,2,BID
2018-12-17 09:50:19,GS,169.0,5,ASK
2018-12-17 09:50:20,GS,168.89,1,BID
2018-12-17 09:50:20,GS,168.91,1,ASK
2018-12-17 09:50:20,GS,168.82,1,BID
2018-12-17 09:50:20,GS,168.89,1,ASK
2018-12-17 09:50:22,GS,168.76,1,BID
2018-12-17 09:50:22,GS,168.93,3,ASK
2018-12-17 09:50:23,GS,168.75,1,BID
2018-12-17 09:50:23,GS,168.92,3,ASK
2018-12-17 09:50:23,GS,168.81,3,BID
2018-12-17 09:50:23,GS,168.92,3,ASK
2018-12-17 09:50:25,GS,168.73,1,BID
2018-12-17 09:50:25,GS,168.91,2,ASK
2018-12-17 09:50:25,GS,168.73,1,BID
2018-12-17 09:50:25,GS,168.91,2,ASK
2018-12-17 09:50:25,GS,168.73,1,BID
2018-12-17 09:50:25,GS,168.91,2,ASK
2018-12-17 09:50:25,GS,168.73,1,BID
2018-12-17 09:50:25,GS,168.91,2,ASK
2018-12-17 09:50:29,GS,168.73,1,BID
2018-12-17 09:50:29,GS,168.9,1,ASK
2018-12-17 09:50:30,GS,168.73,1,BID
2018-12-17 09:50:30,GS,168.9,1,ASK
2018-12-17 09:50:30,GS,168.73,1,BID
2018-12-17 09:50:30,GS,168.9,1,ASK
2018-12-17 09:50:32,GS,168.73,1,BID
2018-12-17 09:50:32,GS,168.9,2,ASK
2018-12-17 09:49:25,GS,168.69,8,BID
2018-12-17 09:50:33,GS,168.82,1,ASK
2018-12-17 09:50:33,GS,168.7,3,BID
2018-12-17 09:50:33,GS,168.9,2,ASK
2018-12-17 09:50:35,GS,168.76,2,BID
2018-12-17 09:50:35,GS,168.89,3,ASK
2018-12-17 09:50:35,GS,168.76,2,BID
2018-12-17 09:50:35,GS,168.89,3,ASK
2018-12-17 09:50:34,GS,168.7,6,BID
2018-12-17 09:50:37,GS,168.89,3,ASK
2018-12-17 09:50:34,GS,168.7,6,BID
2018-12-17 09:50:38,GS,168.89,3,ASK
2018-12-17 09:50:34,GS,168.7,6,BID
2018-12-17 09:50:38,GS,168.89,7,ASK
2018-12-17 09:50:34,GS,168.7,7,BID
2018-12-17 09:50:38,GS,168.89,7,ASK
2018-12-17 09:50:41,GS,168.7,7,BID
2018-12-17 09:50:41,GS,168.89,7,ASK
2018-12-17 09:50:41,GS,168.7,7,BID
2018-12-17 09:50:41,GS,168.88,1,ASK
2018-12-17 09:50:41,GS,168.7,7,BID
2018-12-17 09:50:41,GS,168.88,1,ASK
2018-12-17 09:50:44,GS,168.71,1,BID
2018-12-17 09:50:44,GS,168.88,1,ASK
2018-12-17 09:50:44,GS,168.7,7,BID
2018-12-17 09:50:44,GS,168.88,1,ASK
2018-12-17 09:50:46,GS,168.7,7,BID
2018-12-17 09:50:46,GS,168.88,1,ASK
2018-12-17 09:50:46,GS,168.7,7,BID
2018-12-17 09:50:46,GS,168.88,1,ASK
2018-12-17 09:50:46,GS,168.7,7,BID
2018-12-17 09:50:46,GS,168.88,1,ASK
2018-12-17 09:50:46,GS,168.7,7,BID
2018-12-17 09:50:48,GS,168.88,1,ASK
2018-12-17 09:50:46,GS,168.7,7,BID
2018-12-17 09:50:48,GS,168.88,1,ASK
2018-12-17 09:50:46,GS,168.7,7,BID
2018-12-17 09:50:48,GS,168.88,1,ASK
2018-12-17 09:50:46,GS,168.7,7,BID
2018-12-17 09:50:52,GS,168.88,1,ASK
2018-12-17 09:50:53,GS,168.79,1,BID
2018-12-17 09:50:53,GS,168.87,1,ASK
2018-12-17 09:50:54,GS,168.79,2,BID
2018-12-17 09:50:54,GS,168.94,1,ASK
2018-12-17 09:50:54,GS,168.79,2,BID
2018-12-17 09:50:54,GS,168.94,1,ASK
2018-12-17 09:50:54,GS,168.79,2,BID
2018-12-17 09:50:54,GS,168.94,1,ASK
2018-12-17 09:50:56,GS,168.79,4,BID
2018-12-17 09:50:56,GS,168.94,1,ASK
2018-12-17 09:50:57,GS,168.8,3,BID
2018-12-17 09:50:57,GS,168.94,1,ASK
2018-12-17 09:50:57,GS,168.8,3,BID
2018-12-17 09:50:59,GS,168.93,1,ASK
2018-12-17 09:50:57,GS,168.8,3,BID
2018-12-17 09:51:00,GS,168.93,3,ASK
2018-12-17 09:50:57,GS,168.8,3,BID
2018-12-17 09:51:01,GS,168.92,1,ASK
2018-12-17 09:50:46,GS,168.7,8,BID
2018-12-17 09:51:02,GS,168.79,1,ASK
2018-12-17 09:51:03,GS,168.61,1,BID
2018-12-17 09:51:03,GS,168.78,3,ASK
2018-12-17 09:51:04,GS,168.6,3,BID
2018-12-17 09:51:04,GS,168.74,1,ASK
2018-12-17 09:51:05,GS,168.51,6,BID
2018-12-17 09:51:05,GS,168.71,3,ASK
2018-12-17 09:51:05,GS,168.51,6,BID
2018-12-17 09:51:06,GS,168.71,3,ASK
2018-12-17 09:51:07,GS,168.45,6,BID
2018-12-17 09:51:07,GS,168.53,2,ASK
2018-12-17 09:51:08,GS,168.37,3,BID
2018-12-17 09:51:08,GS,168.5,2,ASK
2018-12-17 09:51:09,GS,168.37,3,BID
2018-12-17 09:51:09,GS,168.48,1,ASK
2018-12-17 09:51:09,GS,168.37,2,BID
2018-12-17 09:51:10,GS,168.48,3,ASK
2018-12-17 09:51:11,GS,168.46,1,BID
2018-12-17 09:51:11,GS,168.62,1,ASK
2018-12-17 09:51:11,GS,168.46,7,BID
2018-12-17 09:51:12,GS,168.65,1,ASK
2018-12-17 09:51:11,GS,168.46,7,BID
2018-12-17 09:51:12,GS,168.65,5,ASK
2018-12-17 09:51:11,GS,168.46,8,BID
2018-12-17 09:51:14,GS,168.64,3,ASK
2018-12-17 09:51:11,GS,168.46,8,BID
2018-12-17 09:51:14,GS,168.64,3,ASK
2018-12-17 09:51:15,GS,168.38,5,BID
2018-12-17 09:51:15,GS,168.59,4,ASK
2018-12-17 09:51:16,GS,168.38,8,BID
2018-12-17 09:51:16,GS,168.64,5,ASK
2018-12-17 09:34:30,GS,168.35,6,BID
2018-12-17 09:51:17,GS,168.45,3,ASK
2018-12-17 09:51:18,GS,168.32,2,BID
2018-12-17 09:51:18,GS,168.45,3,ASK
2018-12-17 09:51:18,GS,168.32,3,BID
2018-12-17 09:51:19,GS,168.44,1,ASK
2018-12-17 09:34:26,GS,168.3,7,BID
2018-12-17 09:51:19,GS,168.37,1,ASK
2018-12-17 09:51:21,GS,168.31,1,BID
2018-12-17 09:51:21,GS,168.44,2,ASK
2018-12-17 09:51:23,GS,168.31,1,BID
2018-12-17 09:51:21,GS,168.44,2,ASK
2018-12-17 09:51:24,GS,168.31,1,BID
2018-12-17 09:51:24,GS,168.42,1,ASK
2018-12-17 09:51:25,GS,168.31,1,BID
2018-12-17 09:51:25,GS,168.41,1,ASK
2018-12-17 09:51:25,GS,168.31,1,BID
2018-12-17 09:51:25,GS,168.41,1,ASK
2018-12-17 09:51:27,GS,168.38,1,BID
2018-12-17 09:51:27,GS,168.46,1,ASK
2018-12-17 09:51:28,GS,168.31,2,BID
2018-12-17 09:51:28,GS,168.46,2,ASK
2018-12-17 09:51:28,GS,168.31,2,BID
2018-12-17 09:51:29,GS,168.45,1,ASK
2018-12-17 09:51:30,GS,168.32,1,BID
2018-12-17 09:51:30,GS,168.45,1,ASK
2018-12-17 09:51:30,GS,168.32,1,BID
2018-12-17 09:51:30,GS,168.45,1,ASK
2018-12-17 09:51:31,GS,168.34,6,BID
2018-12-17 09:51:31,GS,168.55,7,ASK
2018-12-17 09:51:32,GS,168.35,2,BID
2018-12-17 09:51:32,GS,168.54,5,ASK
2018-12-17 09:51:33,GS,168.35,3,BID
2018-12-17 09:51:33,GS,168.54,3,ASK
2018-12-17 09:51:34,GS,168.35,3,BID
2018-12-17 09:51:34,GS,168.54,5,ASK
2018-12-17 09:51:35,GS,168.35,3,BID
2018-12-17 09:51:34,GS,168.54,5,ASK
2018-12-17 09:51:35,GS,168.35,3,BID
2018-12-17 09:51:34,GS,168.54,5,ASK
2018-12-17 09:51:38,GS,168.45,3,BID
2018-12-17 09:51:34,GS,168.54,5,ASK
2018-12-17 09:51:38,GS,168.45,3,BID
2018-12-17 09:51:34,GS,168.54,5,ASK
2018-12-17 09:51:40,GS,168.45,3,BID
2018-12-17 09:51:34,GS,168.54,5,ASK
2018-12-17 09:51:40,GS,168.45,3,BID
2018-12-17 09:51:34,GS,168.54,5,ASK
2018-12-17 09:51:42,GS,168.49,1,BID
2018-12-17 09:51:42,GS,168.63,2,ASK
2018-12-17 09:51:43,GS,168.51,1,BID
2018-12-17 09:51:43,GS,168.63,2,ASK
2018-12-17 09:51:43,GS,168.51,1,BID
2018-12-17 09:51:43,GS,168.63,2,ASK
2018-12-17 09:51:43,GS,168.51,1,BID
2018-12-17 09:51:43,GS,168.63,2,ASK
2018-12-17 09:51:45,GS,168.51,1,BID
2018-12-17 09:51:43,GS,168.63,2,ASK
2018-12-17 09:51:47,GS,168.52,2,BID
2018-12-17 09:51:43,GS,168.63,2,ASK
2018-12-17 09:51:48,GS,168.54,2,BID
2018-12-17 09:51:48,GS,168.65,6,ASK
2018-12-17 09:51:49,GS,168.54,2,BID
2018-12-17 09:51:49,GS,168.68,1,ASK
2018-12-17 09:51:50,GS,168.52,1,BID
2018-12-17 09:51:50,GS,168.65,2,ASK
2018-12-17 09:51:51,GS,168.52,1,BID
2018-12-17 09:51:51,GS,168.65,2,ASK
2018-12-17 09:51:52,GS,168.52,1,BID
2018-12-17 09:51:52,GS,168.65,2,ASK
2018-12-17 09:51:52,GS,168.52,1,BID
2018-12-17 09:51:52,GS,168.65,2,ASK
2018-12-17 09:51:54,GS,168.52,3,BID
2018-12-17 09:51:54,GS,168.65,3,ASK
2018-12-17 09:51:55,GS,168.52,3,BID
2018-12-17 09:51:55,GS,168.65,4,ASK
2018-12-17 09:51:56,GS,168.53,1,BID
2018-12-17 09:51:56,GS,168.66,1,ASK
2018-12-17 09:51:57,GS,168.56,1,BID
2018-12-17 09:51:57,GS,168.66,1,ASK
2018-12-17 09:51:59,GS,168.53,2,BID
2018-12-17 09:51:59,GS,168.65,1,ASK
2018-12-17 09:51:59,GS,168.53,2,BID
2018-12-17 09:52:00,GS,168.66,1,ASK
2018-12-17 09:52:00,GS,168.53,2,BID
2018-12-17 09:52:00,GS,168.66,1,ASK
2018-12-17 09:52:00,GS,168.53,2,BID
2018-12-17 09:52:00,GS,168.66,2,ASK
2018-12-17 09:52:00,GS,168.53,2,BID
2018-12-17 09:52:00,GS,168.66,2,ASK
2018-12-17 09:52:02,GS,168.6,1,BID
2018-12-17 09:52:02,GS,168.66,2,ASK
2018-12-17 09:52:04,GS,168.6,1,BID
2018-12-17 09:52:04,GS,168.66,4,ASK
2018-12-17 09:52:04,GS,168.6,1,BID
2018-12-17 09:52:04,GS,168.66,4,ASK
2018-12-17 09:52:04,GS,168.6,1,BID
2018-12-17 09:52:04,GS,168.66,4,ASK
2018-12-17 09:52:04,GS,168.6,1,BID
2018-12-17 09:52:04,GS,168.66,4,ASK
2018-12-17 09:52:08,GS,168.56,2,BID
2018-12-17 09:52:08,GS,168.64,1,ASK
2018-12-17 09:52:09,GS,168.56,2,BID
2018-12-17 09:52:09,GS,168.65,1,ASK
2018-12-17 09:52:10,GS,168.52,3,BID
2018-12-17 09:52:10,GS,168.63,2,ASK
2018-12-17 09:52:11,GS,168.5,8,BID
2018-12-17 09:52:11,GS,168.62,1,ASK
2018-12-17 09:52:12,GS,168.39,1,BID
2018-12-17 09:52:12,GS,168.55,1,ASK
2018-12-17 09:52:12,GS,168.39,1,BID
2018-12-17 09:52:12,GS,168.55,1,ASK
2018-12-17 09:52:14,GS,168.42,1,BID
2018-12-17 09:52:14,GS,168.55,2,ASK
2018-12-17 09:52:15,GS,168.38,2,BID
2018-12-17 09:52:15,GS,168.49,2,ASK
2018-12-17 09:52:16,GS,168.35,1,BID
2018-12-17 09:52:16,GS,168.46,1,ASK
2018-12-17 09:52:17,GS,168.36,1,BID
2018-12-17 09:52:17,GS,168.46,1,ASK
2018-12-17 09:52:17,GS,168.36,1,BID
2018-12-17 09:52:17,GS,168.46,1,ASK
2018-12-17 09:52:17,GS,168.36,1,BID
2018-12-17 09:52:17,GS,168.46,1,ASK
2018-12-17 09:34:26,GS,168.3,7,BID
2018-12-17 09:52:20,GS,168.45,2,ASK
2018-12-17 09:34:26,GS,168.3,7,BID
2018-12-17 09:52:22,GS,168.44,1,ASK
2018-12-17 09:52:23,GS,168.31,3,BID
2018-12-17 09:52:23,GS,168.44,1,ASK
2018-12-17 09:52:23,GS,168.31,4,BID
2018-12-17 09:52:24,GS,168.44,3,ASK
2018-12-17 09:52:23,GS,168.31,4,BID
2018-12-17 09:52:24,GS,168.44,3,ASK
2018-12-17 09:52:23,GS,168.31,5,BID
2018-12-17 09:52:25,GS,168.44,3,ASK
2018-12-17 09:52:23,GS,168.31,6,BID
2018-12-17 09:52:26,GS,168.44,3,ASK
2018-12-17 09:52:23,GS,168.31,6,BID
2018-12-17 09:52:26,GS,168.44,3,ASK
2018-12-17 09:52:23,GS,168.31,6,BID
2018-12-17 09:52:28,GS,168.44,3,ASK
2018-12-17 09:52:23,GS,168.31,6,BID
2018-12-17 09:52:30,GS,168.43,2,ASK
2018-12-17 09:52:23,GS,168.31,6,BID
2018-12-17 09:52:30,GS,168.43,2,ASK
2018-12-17 09:52:23,GS,168.31,6,BID
2018-12-17 09:52:31,GS,168.43,4,ASK
2018-12-17 09:52:33,GS,168.35,1,BID
2018-12-17 09:52:33,GS,168.5,2,ASK
2018-12-17 09:52:33,GS,168.4,1,BID
2018-12-17 09:52:33,GS,168.5,2,ASK
2018-12-17 09:52:33,GS,168.4,1,BID
2018-12-17 09:52:33,GS,168.5,2,ASK
2018-12-17 09:52:35,GS,168.4,2,BID
2018-12-17 09:52:35,GS,168.5,2,ASK
2018-12-17 09:52:36,GS,168.4,2,BID
2018-12-17 09:52:36,GS,168.45,1,ASK
2018-12-17 09:34:26,GS,168.3,8,BID
2018-12-17 09:52:37,GS,168.32,1,ASK
2018-12-17 09:34:26,GS,168.3,8,BID
2018-12-17 09:52:38,GS,168.39,1,ASK
2018-12-17 09:52:39,GS,168.26,2,BID
2018-12-17 09:52:39,GS,168.4,4,ASK
2018-12-17 09:52:40,GS,168.21,1,BID
2018-12-17 09:52:40,GS,168.35,1,ASK
2018-12-17 09:52:42,GS,168.21,2,BID
2018-12-17 09:52:41,GS,168.35,2,ASK
2018-12-17 09:52:42,GS,168.21,2,BID
2018-12-17 09:52:41,GS,168.35,2,ASK
2018-12-17 09:52:44,GS,168.21,1,BID
2018-12-17 09:52:44,GS,168.35,6,ASK
2018-12-17 09:52:45,GS,168.21,1,BID
2018-12-17 09:52:45,GS,168.35,1,ASK
2018-12-17 09:52:46,GS,168.21,1,BID
2018-12-17 09:52:45,GS,168.36,3,ASK
2018-12-17 09:52:46,GS,168.21,1,BID
2018-12-17 09:52:45,GS,168.36,3,ASK
2018-12-17 09:52:47,GS,168.21,1,BID
2018-12-17 09:52:45,GS,168.36,3,ASK
2018-12-17 09:52:49,GS,168.21,1,BID
2018-12-17 09:52:45,GS,168.36,3,ASK
2018-12-17 09:52:49,GS,168.21,1,BID
2018-12-17 09:52:45,GS,168.36,3,ASK
2018-12-17 09:52:50,GS,168.21,1,BID
2018-12-17 09:52:50,GS,168.36,4,ASK
2018-12-17 09:52:50,GS,168.21,1,BID
2018-12-17 09:52:50,GS,168.36,4,ASK
2018-12-17 09:52:53,GS,168.22,1,BID
2018-12-17 09:52:53,GS,168.36,4,ASK
2018-12-17 09:52:54,GS,168.21,1,BID
2018-12-17 09:52:54,GS,168.36,4,ASK
2018-12-17 09:52:54,GS,168.21,1,BID
2018-12-17 09:52:54,GS,168.36,4,ASK
2018-12-17 09:52:55,GS,168.21,1,BID
2018-12-17 09:52:55,GS,168.36,4,ASK
2018-12-17 09:52:55,GS,168.21,1,BID
2018-12-17 09:52:55,GS,168.36,4,ASK
2018-12-17 09:52:56,GS,168.21,1,BID
2018-12-17 09:52:56,GS,168.36,4,ASK
2018-12-17 09:52:58,GS,168.21,2,BID
2018-12-17 09:52:58,GS,168.34,1,ASK
2018-12-17 09:53:00,GS,168.14,2,BID
2018-12-17 09:53:00,GS,168.25,1,ASK
2018-12-17 09:53:01,GS,168.14,1,BID
2018-12-17 09:53:01,GS,168.32,4,ASK
2018-12-17 09:53:02,GS,168.11,2,BID
2018-12-17 09:53:02,GS,168.28,1,ASK
2018-12-17 09:53:01,GS,168.1,2,BID
2018-12-17 09:53:02,GS,168.21,1,ASK
2018-12-17 09:53:01,GS,168.1,2,BID
2018-12-17 09:53:02,GS,168.21,1,ASK
2018-12-17 09:53:01,GS,168.1,2,BID
2018-12-17 09:53:05,GS,168.21,1,ASK
2018-12-17 09:53:01,GS,168.1,2,BID
2018-12-17 09:53:05,GS,168.22,1,ASK
2018-12-17 09:53:01,GS,168.1,2,BID
2018-12-17 09:53:05,GS,168.22,1,ASK
2018-12-17 09:53:01,GS,168.1,2,BID
2018-12-17 09:53:08,GS,168.17,3,ASK
2018-12-17 09:53:01,GS,168.1,2,BID
2018-12-17 09:53:09,GS,168.16,4,ASK
2018-12-17 09:53:10,GS,168.03,1,BID
2018-12-17 09:53:10,GS,168.16,4,ASK
2018-12-17 09:53:11,GS,168.13,1,BID
2018-12-17 09:53:11,GS,168.17,3,ASK
2018-12-17 09:53:12,GS,168.07,1,BID
2018-12-17 09:53:12,GS,168.17,3,ASK
2018-12-17 09:53:12,GS,168.07,1,BID
2018-12-17 09:53:12,GS,168.17,3,ASK
2018-12-17 09:53:13,GS,168.12,1,BID
2018-12-17 09:53:13,GS,168.28,5,ASK
2018-12-17 09:53:13,GS,168.12,1,BID
2018-12-17 09:53:13,GS,168.28,5,ASK
2018-12-17 09:53:15,GS,168.08,1,BID
2018-12-17 09:53:15,GS,168.18,3,ASK
2018-12-17 09:53:16,GS,168.12,1,BID
2018-12-17 09:53:16,GS,168.25,1,ASK
2018-12-17 09:53:17,GS,168.12,2,BID
2018-12-17 09:53:17,GS,168.25,2,ASK
2018-12-17 09:53:17,GS,168.21,1,BID
2018-12-17 09:53:17,GS,168.3,1,ASK
2018-12-17 09:53:17,GS,168.21,1,BID
2018-12-17 09:53:17,GS,168.3,1,ASK
2018-12-17 09:53:17,GS,168.21,1,BID
2018-12-17 09:53:17,GS,168.3,1,ASK
2018-12-17 09:53:18,GS,168.21,1,BID
2018-12-17 09:53:18,GS,168.3,1,ASK
2018-12-17 09:53:21,GS,168.21,1,BID
2018-12-17 09:53:21,GS,168.3,2,ASK
2018-12-17 09:53:23,GS,168.22,4,BID
2018-12-17 09:53:23,GS,168.36,14,ASK
2018-12-17 09:53:24,GS,168.3,7,BID
2018-12-17 09:53:24,GS,168.36,14,ASK
2018-12-17 09:53:24,GS,168.3,7,BID
2018-12-17 09:53:24,GS,168.36,14,ASK
2018-12-17 09:53:24,GS,168.3,7,BID
2018-12-17 09:53:24,GS,168.36,14,ASK
2018-12-17 09:53:28,GS,168.26,2,BID
2018-12-17 09:53:28,GS,168.27,1,ASK
2018-12-17 09:53:29,GS,168.16,3,BID
2018-12-17 09:53:29,GS,168.35,2,ASK
2018-12-17 09:53:30,GS,168.14,1,BID
2018-12-17 09:53:30,GS,168.27,1,ASK
2018-12-17 09:53:30,GS,168.14,1,BID
2018-12-17 09:53:30,GS,168.27,1,ASK
2018-12-17 09:53:30,GS,168.14,1,BID
2018-12-17 09:53:30,GS,168.27,1,ASK
2018-12-17 09:53:32,GS,168.14,1,BID
2018-12-17 09:53:32,GS,168.27,1,ASK
2018-12-17 09:53:33,GS,168.14,1,BID
2018-12-17 09:53:33,GS,168.27,1,ASK
2018-12-17 09:53:34,GS,168.06,3,BID
2018-12-17 09:53:34,GS,168.22,1,ASK
2018-12-17 09:53:35,GS,168.06,6,BID
2018-12-17 09:53:35,GS,168.22,1,ASK
2018-12-17 09:53:35,GS,168.06,6,BID
2018-12-17 09:53:35,GS,168.22,1,ASK
2018-12-17 09:53:36,GS,168.01,1,BID
2018-12-17 09:53:36,GS,168.18,1,ASK
2018-12-17 09:53:37,GS,168.03,1,BID
2018-12-17 09:53:37,GS,168.18,2,ASK
2018-12-17 09:53:37,GS,168.03,1,BID
2018-12-17 09:53:37,GS,168.18,2,ASK
2018-12-17 09:53:40,GS,168.05,1,BID
2018-12-17 09:53:40,GS,168.15,2,ASK
2018-12-17 09:53:41,GS,168.01,3,BID
2018-12-17 09:53:41,GS,168.17,1,ASK
2018-12-17 09:53:43,GS,168.01,2,BID
2018-12-17 09:53:43,GS,168.14,2,ASK
2018-12-17 09:53:43,GS,168.01,2,BID
2018-12-17 09:53:43,GS,168.14,2,ASK
2018-12-17 09:53:45,GS,168.02,1,BID
2018-12-17 09:53:45,GS,168.17,1,ASK
2018-12-17 09:53:46,GS,168.09,1,BID
2018-12-17 09:53:46,GS,168.17,2,ASK
2018-12-17 09:53:47,GS,168.05,1,BID
2018-12-17 09:53:47,GS,168.1,1,ASK
2018-12-17 09:53:48,GS,168.14,9,BID
2018-12-17 09:53:48,GS,168.17,2,ASK
2018-12-17 09:53:49,GS,168.06,1,BID
2018-12-17 09:53:48,GS,168.17,4,ASK
2018-12-17 09:53:50,GS,168.08,1,BID
2018-12-17 09:53:48,GS,168.17,4,ASK
2018-12-17 09:53:51,GS,168.08,1,BID
2018-12-17 09:53:48,GS,168.17,4,ASK
2018-12-17 09:53:51,GS,168.13,2,BID
2018-12-17 09:53:51,GS,168.27,3,ASK
2018-12-17 09:53:52,GS,168.13,2,BID
2018-12-17 09:53:51,GS,168.27,3,ASK
2018-12-17 09:53:52,GS,168.13,2,BID
2018-12-17 09:53:51,GS,168.27,3,ASK
2018-12-17 09:53:53,GS,168.13,2,BID
2018-12-17 09:53:51,GS,168.27,3,ASK
2018-12-17 09:53:53,GS,168.13,3,BID
2018-12-17 09:53:51,GS,168.27,3,ASK
2018-12-17 09:53:56,GS,168.15,1,BID
2018-12-17 09:53:56,GS,168.27,1,ASK
2018-12-17 09:53:57,GS,168.15,1,BID
2018-12-17 09:53:57,GS,168.27,2,ASK
2018-12-17 09:53:59,GS,168.15,1,BID
2018-12-17 09:53:59,GS,168.27,2,ASK
2018-12-17 09:54:00,GS,168.15,1,BID
2018-12-17 09:54:00,GS,168.27,2,ASK
2018-12-17 09:54:01,GS,168.15,2,BID
2018-12-17 09:54:01,GS,168.27,3,ASK
2018-12-17 09:54:01,GS,168.16,1,BID
2018-12-17 09:54:01,GS,168.27,3,ASK
2018-12-17 09:54:03,GS,168.18,1,BID
2018-12-17 09:54:03,GS,168.29,1,ASK
2018-12-17 09:54:04,GS,168.28,1,BID
2018-12-17 09:54:04,GS,168.32,1,ASK
2018-12-17 09:54:05,GS,168.16,3,BID
2018-12-17 09:54:04,GS,168.32,3,ASK
2018-12-17 09:54:05,GS,168.16,3,BID
2018-12-17 09:54:04,GS,168.32,3,ASK
2018-12-17 09:54:06,GS,168.18,2,BID
2018-12-17 09:54:04,GS,168.32,3,ASK
2018-12-17 09:54:07,GS,168.24,1,BID
2018-12-17 09:54:07,GS,168.34,1,ASK
2018-12-17 09:54:07,GS,168.24,1,BID
2018-12-17 09:54:07,GS,168.34,1,ASK
2018-12-17 09:54:09,GS,168.24,1,BID
2018-12-17 09:54:09,GS,168.34,1,ASK
2018-12-17 09:54:09,GS,168.24,1,BID
2018-12-17 09:54:09,GS,168.34,1,ASK
2018-12-17 09:54:10,GS,168.24,1,BID
2018-12-17 09:54:10,GS,168.34,1,ASK
2018-12-17 09:54:11,GS,168.24,3,BID
2018-12-17 09:54:11,GS,168.34,1,ASK
2018-12-17 09:54:12,GS,168.24,3,BID
2018-12-17 09:54:12,GS,168.34,1,ASK
2018-12-17 09:54:12,GS,168.24,3,BID
2018-12-17 09:54:12,GS,168.34,1,ASK
2018-12-17 09:54:14,GS,168.25,2,BID
2018-12-17 09:54:14,GS,168.34,1,ASK
2018-12-17 09:54:16,GS,168.25,3,BID
2018-12-17 09:54:16,GS,168.38,2,ASK
2018-12-17 09:54:17,GS,168.25,3,BID
2018-12-17 09:54:16,GS,168.38,2,ASK
2018-12-17 09:54:18,GS,168.41,1,BID
2018-12-17 09:54:18,GS,168.49,3,ASK
2018-12-17 09:54:19,GS,168.36,1,BID
2018-12-17 09:52:15,GS,168.5,2,ASK
2018-12-17 09:54:21,GS,168.37,2,BID
2018-12-17 09:54:21,GS,168.42,1,ASK
2018-12-17 09:54:21,GS,168.37,2,BID
2018-12-17 09:54:21,GS,168.42,1,ASK
2018-12-17 09:54:23,GS,168.37,2,BID
2018-12-17 09:54:23,GS,168.42,2,ASK
2018-12-17 09:54:24,GS,168.37,2,BID
2018-12-17 09:54:23,GS,168.42,2,ASK
2018-12-17 09:54:25,GS,168.37,2,BID
2018-12-17 09:54:25,GS,168.42,2,ASK
2018-12-17 09:54:25,GS,168.37,2,BID
2018-12-17 09:54:25,GS,168.42,2,ASK
2018-12-17 09:54:27,GS,168.35,1,BID
2018-12-17 09:54:25,GS,168.42,2,ASK
2018-12-17 09:54:27,GS,168.35,1,BID
2018-12-17 09:54:25,GS,168.42,2,ASK
2018-12-17 09:54:27,GS,168.35,1,BID
2018-12-17 09:54:25,GS,168.42,2,ASK
2018-12-17 09:54:30,GS,168.35,1,BID
2018-12-17 09:54:25,GS,168.42,2,ASK
2018-12-17 09:54:31,GS,168.38,1,BID
2018-12-17 09:52:15,GS,168.5,2,ASK
2018-12-17 09:54:32,GS,168.36,2,BID
2018-12-17 09:54:32,GS,168.49,1,ASK
2018-12-17 09:54:33,GS,168.36,5,BID
2018-12-17 09:54:33,GS,168.49,2,ASK
2018-12-17 09:54:33,GS,168.36,5,BID
2018-12-17 09:54:33,GS,168.49,2,ASK
2018-12-17 09:54:35,GS,168.37,3,BID
2018-12-17 09:52:15,GS,168.5,2,ASK
2018-12-17 09:54:35,GS,168.37,4,BID
2018-12-17 09:52:15,GS,168.5,2,ASK
2018-12-17 09:54:37,GS,168.39,1,BID
2018-12-17 09:52:15,GS,168.5,2,ASK
2018-12-17 09:54:37,GS,168.37,2,BID
2018-12-17 09:54:37,GS,168.5,3,ASK
2018-12-17 09:54:39,GS,168.27,3,BID
2018-12-17 09:54:39,GS,168.46,1,ASK
2018-12-17 09:54:40,GS,168.25,5,BID
2018-12-17 09:54:40,GS,168.44,4,ASK
2018-12-17 09:54:40,GS,168.25,5,BID
2018-12-17 09:54:40,GS,168.44,4,ASK
2018-12-17 09:54:42,GS,168.26,2,BID
2018-12-17 09:54:42,GS,168.44,4,ASK
2018-12-17 09:54:43,GS,168.26,2,BID
2018-12-17 09:54:43,GS,168.44,4,ASK
2018-12-17 09:54:44,GS,168.26,2,BID
2018-12-17 09:54:44,GS,168.44,4,ASK
2018-12-17 09:54:44,GS,168.26,2,BID
2018-12-17 09:54:44,GS,168.44,4,ASK
2018-12-17 09:54:46,GS,168.25,5,BID
2018-12-17 09:54:46,GS,168.44,4,ASK
2018-12-17 09:54:47,GS,168.27,3,BID
2018-12-17 09:54:47,GS,168.44,4,ASK
2018-12-17 09:54:47,GS,168.27,3,BID
2018-12-17 09:54:47,GS,168.44,4,ASK
2018-12-17 09:54:47,GS,168.27,3,BID
2018-12-17 09:54:47,GS,168.44,4,ASK
2018-12-17 09:54:50,GS,168.25,5,BID
2018-12-17 09:54:50,GS,168.41,2,ASK
2018-12-17 09:54:51,GS,168.26,2,BID
2018-12-17 09:54:51,GS,168.4,2,ASK
2018-12-17 09:54:52,GS,168.26,1,BID
2018-12-17 09:54:52,GS,168.39,2,ASK
2018-12-17 09:54:53,GS,168.25,5,BID
2018-12-17 09:54:53,GS,168.39,2,ASK
2018-12-17 09:54:54,GS,168.25,5,BID
2018-12-17 09:54:54,GS,168.39,4,ASK
2018-12-17 09:54:54,GS,168.29,2,BID
2018-12-17 09:54:54,GS,168.39,4,ASK
2018-12-17 09:54:56,GS,168.25,5,BID
2018-12-17 09:54:56,GS,168.37,1,ASK
2018-12-17 09:54:57,GS,168.25,5,BID
2018-12-17 09:54:57,GS,168.37,1,ASK
2018-12-17 09:54:14,GS,168.24,2,BID
2018-12-17 09:54:58,GS,168.36,2,ASK
2018-12-17 09:54:59,GS,168.16,3,BID
2018-12-17 09:54:59,GS,168.28,1,ASK
2018-12-17 09:54:59,GS,168.16,3,BID
2018-12-17 09:55:00,GS,168.28,1,ASK
2018-12-17 09:55:00,GS,168.17,2,BID
2018-12-17 09:55:00,GS,168.28,3,ASK
2018-12-17 09:55:01,GS,168.17,2,BID
2018-12-17 09:55:01,GS,168.27,1,ASK
2018-12-17 09:55:01,GS,168.17,2,BID
2018-12-17 09:55:00,GS,168.28,3,ASK
2018-12-17 09:55:02,GS,168.17,2,BID
2018-12-17 09:55:00,GS,168.28,3,ASK
2018-12-17 09:55:03,GS,168.19,1,BID
2018-12-17 09:55:00,GS,168.28,3,ASK
2018-12-17 09:55:04,GS,168.21,1,BID
2018-12-17 09:55:04,GS,168.3,1,ASK
2018-12-17 09:55:04,GS,168.21,1,BID
2018-12-17 09:55:04,GS,168.3,1,ASK
2018-12-17 09:55:04,GS,168.19,3,BID
2018-12-17 09:55:04,GS,168.3,1,ASK
2018-12-17 09:55:04,GS,168.19,4,BID
2018-12-17 09:55:05,GS,168.3,1,ASK
2018-12-17 09:55:07,GS,168.19,4,BID
2018-12-17 09:55:06,GS,168.3,3,ASK
2018-12-17 09:55:07,GS,168.19,4,BID
2018-12-17 09:55:06,GS,168.3,3,ASK
2018-12-17 09:55:09,GS,168.2,2,BID
2018-12-17 09:55:10,GS,168.3,4,ASK
2018-12-17 09:55:12,GS,168.2,2,BID
2018-12-17 09:55:12,GS,168.29,3,ASK
2018-12-17 09:55:14,GS,168.2,3,BID
2018-12-17 09:55:14,GS,168.35,3,ASK
2018-12-17 09:55:15,GS,168.3,2,BID
2018-12-17 09:55:15,GS,168.44,1,ASK
2018-12-17 09:55:15,GS,168.3,2,BID
2018-12-17 09:55:15,GS,168.44,1,ASK
2018-12-17 09:55:17,GS,168.3,2,BID
2018-12-17 09:55:17,GS,168.44,3,ASK
2018-12-17 09:55:17,GS,168.3,2,BID
2018-12-17 09:55:17,GS,168.44,3,ASK
2018-12-17 09:55:17,GS,168.3,2,BID
2018-12-17 09:55:17,GS,168.44,3,ASK
2018-12-17 09:55:17,GS,168.3,2,BID
2018-12-17 09:55:17,GS,168.44,3,ASK
2018-12-17 09:55:21,GS,168.3,2,BID
2018-12-17 09:55:21,GS,168.44,3,ASK
2018-12-17 09:55:22,GS,168.3,3,BID
2018-12-17 09:55:22,GS,168.43,1,ASK
2018-12-17 09:55:22,GS,168.3,2,BID
2018-12-17 09:55:23,GS,168.43,1,ASK
2018-12-17 09:55:22,GS,168.3,2,BID
2018-12-17 09:55:24,GS,168.43,1,ASK
2018-12-17 09:55:25,GS,168.24,2,BID
2018-12-17 09:55:25,GS,168.34,1,ASK
2018-12-17 09:55:25,GS,168.24,2,BID
2018-12-17 09:55:25,GS,168.34,1,ASK
2018-12-17 09:55:27,GS,168.24,2,BID
2018-12-17 09:55:27,GS,168.34,1,ASK
2018-12-17 09:55:28,GS,168.24,3,BID
2018-12-17 09:55:28,GS,168.35,1,ASK
2018-12-17 09:55:30,GS,168.24,3,BID
2018-12-17 09:55:30,GS,168.34,1,ASK
2018-12-17 09:55:30,GS,168.24,3,BID
2018-12-17 09:55:30,GS,168.34,1,ASK
2018-12-17 09:55:31,GS,168.24,3,BID
2018-12-17 09:55:31,GS,168.34,1,ASK
2018-12-17 09:55:32,GS,168.29,4,BID
2018-12-17 09:55:32,GS,168.37,1,ASK
2018-12-17 09:55:34,GS,168.31,1,BID
2018-12-17 09:55:34,GS,168.4,4,ASK
2018-12-17 09:55:34,GS,168.3,1,BID
2018-12-17 09:55:34,GS,168.42,2,ASK
2018-12-17 09:55:35,GS,168.3,2,BID
2018-12-17 09:55:35,GS,168.43,7,ASK
2018-12-17 09:55:36,GS,168.3,2,BID
2018-12-17 09:55:36,GS,168.43,7,ASK
2018-12-17 09:55:37,GS,168.3,3,BID
2018-12-17 09:55:37,GS,168.43,7,ASK
2018-12-17 09:55:38,GS,168.3,3,BID
2018-12-17 09:55:38,GS,168.43,7,ASK
2018-12-17 09:55:40,GS,168.31,1,BID
2018-12-17 09:55:40,GS,168.39,1,ASK
2018-12-17 09:55:39,GS,168.3,3,BID
2018-12-17 09:55:40,GS,168.39,2,ASK
2018-12-17 09:55:41,GS,168.34,1,BID
2018-12-17 09:55:41,GS,168.43,1,ASK
2018-12-17 09:55:42,GS,168.32,3,BID
2018-12-17 09:55:42,GS,168.43,3,ASK
2018-12-17 09:55:42,GS,168.32,3,BID
2018-12-17 09:55:42,GS,168.43,3,ASK
2018-12-17 09:55:45,GS,168.45,1,BID
2018-12-17 09:55:45,GS,168.56,2,ASK
2018-12-17 09:55:45,GS,168.46,4,BID
2018-12-17 09:55:45,GS,168.57,5,ASK
2018-12-17 09:55:46,GS,168.48,1,BID
2018-12-17 09:55:46,GS,168.57,7,ASK
2018-12-17 09:55:48,GS,168.54,1,BID
2018-12-17 09:55:48,GS,168.68,3,ASK
2018-12-17 09:55:49,GS,168.45,1,BID
2018-12-17 09:55:49,GS,168.61,5,ASK
2018-12-17 09:55:49,GS,168.62,1,BID
2018-12-17 09:55:48,GS,168.68,3,ASK
2018-12-17 09:55:50,GS,168.61,5,BID
2018-12-17 09:55:50,GS,168.76,2,ASK
2018-12-17 09:55:51,GS,168.71,1,BID
2018-12-17 09:51:03,GS,168.79,2,ASK
2018-12-17 09:55:52,GS,168.7,2,BID
2018-12-17 09:55:52,GS,168.78,1,ASK
2018-12-17 09:55:53,GS,168.65,2,BID
2018-12-17 09:55:53,GS,168.76,2,ASK
2018-12-17 09:55:54,GS,168.66,1,BID
2018-12-17 09:55:54,GS,168.76,3,ASK
2018-12-17 09:55:55,GS,168.65,4,BID
2018-12-17 09:55:55,GS,168.76,4,ASK
2018-12-17 09:55:56,GS,168.65,5,BID
2018-12-17 09:55:56,GS,168.76,4,ASK
2018-12-17 09:55:57,GS,168.65,4,BID
2018-12-17 09:55:57,GS,168.76,4,ASK
2018-12-17 09:55:59,GS,168.68,1,BID
2018-12-17 09:55:59,GS,168.76,5,ASK
2018-12-17 09:56:00,GS,168.65,5,BID
2018-12-17 09:56:00,GS,168.68,3,ASK
2018-12-17 09:56:00,GS,168.64,3,BID
2018-12-17 09:56:00,GS,168.75,1,ASK
2018-12-17 09:56:01,GS,168.67,3,BID
2018-12-17 09:55:59,GS,168.76,4,ASK
2018-12-17 09:56:01,GS,168.67,3,BID
2018-12-17 09:55:59,GS,168.76,4,ASK
2018-12-17 09:56:03,GS,168.68,1,BID
2018-12-17 09:55:59,GS,168.76,4,ASK
2018-12-17 09:56:03,GS,168.68,1,BID
2018-12-17 09:55:59,GS,168.76,4,ASK
2018-12-17 09:56:03,GS,168.68,1,BID
2018-12-17 09:55:59,GS,168.76,4,ASK
2018-12-17 09:56:07,GS,168.69,1,BID
2018-12-17 09:56:07,GS,168.77,1,ASK
2018-12-17 09:56:07,GS,168.72,2,BID
2018-12-17 09:56:07,GS,168.85,1,ASK
2018-12-17 09:56:08,GS,168.72,2,BID
2018-12-17 09:56:08,GS,168.88,1,ASK
2018-12-17 09:56:09,GS,168.78,2,BID
2018-12-17 09:56:09,GS,168.93,6,ASK
2018-12-17 09:56:10,GS,168.8,2,BID
2018-12-17 09:56:10,GS,168.92,1,ASK
2018-12-17 09:56:11,GS,168.87,1,BID
2018-12-17 09:56:11,GS,168.92,1,ASK
2018-12-17 09:56:12,GS,168.89,2,BID
2018-12-17 09:56:13,GS,168.98,1,ASK
2018-12-17 09:56:14,GS,168.89,2,BID
2018-12-17 09:56:14,GS,168.97,1,ASK
2018-12-17 09:56:14,GS,168.89,3,BID
2018-12-17 09:56:14,GS,168.97,1,ASK
2018-12-17 09:56:15,GS,168.91,1,BID
2018-12-17 09:56:15,GS,168.98,2,ASK
2018-12-17 09:56:17,GS,168.96,3,BID
2018-12-17 09:49:59,GS,169.03,4,ASK
2018-12-17 09:56:18,GS,169.01,1,BID
2018-12-17 09:56:18,GS,169.04,6,ASK
2018-12-17 09:56:18,GS,169.01,1,BID
2018-12-17 09:56:18,GS,169.1,1,ASK
2018-12-17 09:56:19,GS,168.99,1,BID
2018-12-17 09:56:19,GS,169.09,2,ASK
2018-12-17 09:56:20,GS,168.99,3,BID
2018-12-17 09:56:19,GS,169.1,2,ASK
2018-12-17 09:56:21,GS,168.99,3,BID
2018-12-17 09:56:21,GS,169.1,4,ASK
2018-12-17 09:56:23,GS,168.99,3,BID
2018-12-17 09:56:23,GS,169.1,4,ASK
2018-12-17 09:56:24,GS,169.01,1,BID
2018-12-17 09:56:24,GS,169.1,4,ASK
2018-12-17 09:56:24,GS,168.99,4,BID
2018-12-17 09:56:24,GS,169.1,4,ASK
2018-12-17 09:56:25,GS,168.99,4,BID
2018-12-17 09:56:25,GS,169.1,4,ASK
2018-12-17 09:56:26,GS,168.99,4,BID
2018-12-17 09:56:26,GS,169.1,4,ASK
2018-12-17 09:56:26,GS,168.99,4,BID
2018-12-17 09:56:26,GS,169.1,4,ASK
2018-12-17 09:56:27,GS,169.1,1,BID
2018-12-17 09:56:27,GS,169.2,1,ASK
2018-12-17 09:56:30,GS,169.1,7,BID
2018-12-17 09:56:30,GS,169.18,2,ASK
2018-12-17 09:56:31,GS,169.11,2,BID
2018-12-17 09:56:31,GS,169.21,9,ASK
2018-12-17 09:56:31,GS,169.11,2,BID
2018-12-17 09:56:31,GS,169.19,1,ASK
2018-12-17 09:56:33,GS,169.03,1,BID
2018-12-17 09:56:33,GS,169.19,2,ASK
2018-12-17 09:56:33,GS,169.03,1,BID
2018-12-17 09:56:33,GS,169.19,2,ASK
2018-12-17 09:56:34,GS,169.03,1,BID
2018-12-17 09:56:34,GS,169.19,2,ASK
2018-12-17 09:56:35,GS,169.03,1,BID
2018-12-17 09:56:35,GS,169.19,2,ASK
2018-12-17 09:56:36,GS,169.03,1,BID
2018-12-17 09:56:36,GS,169.19,2,ASK
2018-12-17 09:56:37,GS,169.04,1,BID
2018-12-17 09:56:37,GS,169.19,4,ASK
2018-12-17 09:56:38,GS,169.06,1,BID
2018-12-17 09:56:38,GS,169.19,4,ASK
2018-12-17 09:56:40,GS,169.11,1,BID
2018-12-17 09:56:40,GS,169.19,4,ASK
2018-12-17 09:56:41,GS,169.08,1,BID
2018-12-17 09:56:41,GS,169.19,4,ASK
2018-12-17 09:56:42,GS,169.07,2,BID
2018-12-17 09:56:42,GS,169.1,10,ASK
2018-12-17 09:56:42,GS,169.0,4,BID
2018-12-17 09:56:42,GS,169.09,2,ASK
2018-12-17 09:56:42,GS,169.0,4,BID
2018-12-17 09:56:44,GS,169.09,3,ASK
2018-12-17 09:56:44,GS,169.0,4,BID
2018-12-17 09:56:44,GS,169.09,3,ASK
2018-12-17 09:56:44,GS,169.0,4,BID
2018-12-17 09:56:45,GS,169.1,5,ASK
2018-12-17 09:56:44,GS,169.0,4,BID
2018-12-17 09:56:47,GS,169.1,3,ASK
2018-12-17 09:56:48,GS,168.92,1,BID
2018-12-17 09:56:48,GS,169.09,3,ASK
2018-12-17 09:56:49,GS,168.92,1,BID
2018-12-17 09:56:49,GS,169.08,1,ASK
2018-12-17 09:56:50,GS,168.92,1,BID
2018-12-17 09:56:50,GS,169.08,3,ASK
2018-12-17 09:56:50,GS,168.92,1,BID
2018-12-17 09:56:50,GS,169.08,5,ASK
2018-12-17 09:56:51,GS,168.92,3,BID
2018-12-17 09:56:52,GS,169.08,9,ASK
2018-12-17 09:56:51,GS,168.92,3,BID
2018-12-17 09:56:52,GS,169.08,9,ASK
2018-12-17 09:56:51,GS,168.92,3,BID
2018-12-17 09:56:52,GS,169.08,9,ASK
2018-12-17 09:56:51,GS,168.92,3,BID
2018-12-17 09:56:54,GS,169.08,9,ASK
2018-12-17 09:56:51,GS,168.92,4,BID
2018-12-17 09:56:54,GS,169.08,9,ASK
2018-12-17 09:56:56,GS,168.93,2,BID
2018-12-17 09:56:56,GS,169.02,1,ASK
2018-12-17 09:56:56,GS,168.93,2,BID
2018-12-17 09:56:56,GS,169.02,1,ASK
2018-12-17 09:56:56,GS,168.92,2,BID
2018-12-17 09:56:59,GS,169.02,2,ASK
2018-12-17 09:56:56,GS,168.92,2,BID
2018-12-17 09:56:59,GS,169.02,2,ASK
2018-12-17 09:57:01,GS,168.93,2,BID
2018-12-17 09:57:01,GS,169.01,2,ASK
2018-12-17 09:57:02,GS,168.93,2,BID
2018-12-17 09:57:02,GS,169.01,2,ASK
2018-12-17 09:57:02,GS,168.93,2,BID
2018-12-17 09:57:02,GS,169.01,2,ASK
2018-12-17 09:57:04,GS,168.98,2,BID
2018-12-17 09:57:04,GS,169.08,8,ASK
2018-12-17 09:57:04,GS,168.88,1,BID
2018-12-17 09:57:04,GS,168.98,1,ASK
2018-12-17 09:57:05,GS,168.88,1,BID
2018-12-17 09:57:05,GS,169.02,3,ASK
2018-12-17 09:57:06,GS,168.88,1,BID
2018-12-17 09:57:06,GS,169.02,4,ASK
2018-12-17 09:57:08,GS,168.88,1,BID
2018-12-17 09:57:08,GS,169.02,4,ASK
2018-12-17 09:57:08,GS,168.88,1,BID
2018-12-17 09:57:08,GS,169.02,4,ASK
2018-12-17 09:57:08,GS,168.88,1,BID
2018-12-17 09:57:08,GS,169.02,4,ASK
2018-12-17 09:57:11,GS,168.88,1,BID
2018-12-17 09:57:11,GS,169.02,4,ASK
2018-12-17 09:57:12,GS,168.88,1,BID
2018-12-17 09:57:12,GS,169.02,4,ASK
2018-12-17 09:57:12,GS,168.88,3,BID
2018-12-17 09:57:12,GS,169.02,4,ASK
2018-12-17 09:57:13,GS,168.82,1,BID
2018-12-17 09:57:13,GS,168.92,1,ASK
2018-12-17 09:57:14,GS,168.82,2,BID
2018-12-17 09:57:14,GS,168.92,1,ASK
2018-12-17 09:57:16,GS,168.85,1,BID
2018-12-17 09:57:16,GS,168.95,1,ASK
2018-12-17 09:57:16,GS,168.86,1,BID
2018-12-17 09:57:16,GS,168.95,1,ASK
2018-12-17 09:57:18,GS,168.87,1,BID
2018-12-17 09:57:18,GS,168.97,1,ASK
2018-12-17 09:57:18,GS,168.87,2,BID
2018-12-17 09:57:18,GS,168.97,1,ASK
2018-12-17 09:57:20,GS,168.87,2,BID
2018-12-17 09:57:20,GS,168.95,1,ASK
2018-12-17 09:57:20,GS,168.84,2,BID
2018-12-17 09:57:20,GS,168.95,1,ASK
2018-12-17 09:57:22,GS,168.84,4,BID
2018-12-17 09:57:22,GS,168.95,2,ASK
2018-12-17 09:57:22,GS,168.8,5,BID
2018-12-17 09:57:22,GS,168.95,2,ASK
2018-12-17 09:57:23,GS,168.8,5,BID
2018-12-17 09:57:23,GS,168.95,2,ASK
2018-12-17 09:57:25,GS,168.8,1,BID
2018-12-17 09:57:25,GS,168.95,4,ASK
2018-12-17 09:57:26,GS,168.82,1,BID
2018-12-17 09:57:26,GS,168.95,4,ASK
2018-12-17 09:57:27,GS,168.92,1,BID
2018-12-17 09:57:27,GS,168.98,1,ASK
2018-12-17 09:57:27,GS,168.92,1,BID
2018-12-17 09:57:27,GS,168.98,1,ASK
2018-12-17 09:57:29,GS,168.96,4,BID
2018-12-17 09:57:29,GS,169.05,1,ASK
2018-12-17 09:57:30,GS,168.96,4,BID
2018-12-17 09:57:30,GS,169.05,1,ASK
2018-12-17 09:57:31,GS,168.96,4,BID
2018-12-17 09:57:31,GS,169.05,1,ASK
2018-12-17 09:57:32,GS,168.99,2,BID
2018-12-17 09:57:32,GS,169.09,5,ASK
2018-12-17 09:57:33,GS,168.99,5,BID
2018-12-17 09:57:33,GS,169.19,10,ASK
2018-12-17 09:57:34,GS,169.01,4,BID
2018-12-17 09:57:34,GS,169.19,9,ASK
2018-12-17 09:57:35,GS,169.12,4,BID
2018-12-17 09:57:35,GS,169.26,3,ASK
2018-12-17 09:57:36,GS,169.13,1,BID
2018-12-17 09:57:36,GS,169.26,3,ASK
2018-12-17 09:57:37,GS,169.12,4,BID
2018-12-17 09:57:37,GS,169.26,3,ASK
2018-12-17 09:57:38,GS,169.14,1,BID
2018-12-17 09:57:38,GS,169.25,1,ASK
2018-12-17 09:57:39,GS,169.19,2,BID
2018-12-17 09:57:39,GS,169.3,1,ASK
2018-12-17 09:57:40,GS,169.19,2,BID
2018-12-17 09:57:40,GS,169.3,2,ASK
2018-12-17 09:57:40,GS,169.2,1,BID
2018-12-17 09:57:40,GS,169.3,2,ASK
2018-12-17 09:57:40,GS,169.2,1,BID
2018-12-17 09:57:40,GS,169.3,2,ASK
2018-12-17 09:57:40,GS,169.2,1,BID
2018-12-17 09:57:40,GS,169.3,2,ASK
2018-12-17 09:57:44,GS,169.2,1,BID
2018-12-17 09:57:44,GS,169.3,3,ASK
2018-12-17 09:57:45,GS,169.2,1,BID
2018-12-17 09:57:45,GS,169.29,1,ASK
2018-12-17 09:57:46,GS,169.2,2,BID
2018-12-17 09:57:46,GS,169.29,1,ASK
2018-12-17 09:57:46,GS,169.2,2,BID
2018-12-17 09:57:46,GS,169.3,3,ASK
2018-12-17 09:57:46,GS,169.2,2,BID
2018-12-17 09:57:46,GS,169.3,3,ASK
2018-12-17 09:57:49,GS,169.2,2,BID
2018-12-17 09:57:49,GS,169.26,1,ASK
2018-12-17 09:57:50,GS,169.2,1,BID
2018-12-17 09:57:50,GS,169.26,2,ASK
2018-12-17 09:57:51,GS,169.13,3,BID
2018-12-17 09:57:51,GS,169.26,2,ASK
2018-12-17 09:57:52,GS,169.13,3,BID
2018-12-17 09:57:52,GS,169.26,3,ASK
2018-12-17 09:57:52,GS,169.16,1,BID
2018-12-17 09:57:52,GS,169.26,5,ASK
2018-12-17 09:57:54,GS,169.16,1,BID
2018-12-17 09:57:54,GS,169.25,1,ASK
2018-12-17 09:57:55,GS,169.13,2,BID
2018-12-17 09:57:55,GS,169.25,3,ASK
2018-12-17 09:57:55,GS,169.13,2,BID
2018-12-17 09:57:55,GS,169.24,1,ASK
2018-12-17 09:57:56,GS,169.13,2,BID
2018-12-17 09:57:56,GS,169.2,1,ASK
2018-12-17 09:57:56,GS,169.13,2,BID
2018-12-17 09:57:56,GS,169.2,1,ASK
2018-12-17 09:57:56,GS,169.13,2,BID
2018-12-17 09:57:56,GS,169.2,1,ASK
2018-12-17 09:58:00,GS,169.13,2,BID
2018-12-17 09:58:00,GS,169.2,2,ASK
2018-12-17 09:58:00,GS,169.13,2,BID
2018-12-17 09:58:00,GS,169.2,2,ASK
2018-12-17 09:58:02,GS,169.19,1,BID
2018-12-17 09:58:02,GS,169.24,2,ASK
2018-12-17 09:58:02,GS,169.14,3,BID
2018-12-17 09:58:02,GS,169.25,3,ASK
2018-12-17 09:58:03,GS,169.15,1,BID
2018-12-17 09:58:02,GS,169.25,3,ASK
2018-12-17 09:58:03,GS,169.15,1,BID
2018-12-17 09:58:02,GS,169.25,3,ASK
2018-12-17 09:58:03,GS,169.15,1,BID
2018-12-17 09:58:02,GS,169.25,3,ASK
2018-12-17 09:58:06,GS,169.08,2,BID
2018-12-17 09:58:07,GS,169.16,1,ASK
2018-12-17 09:58:06,GS,169.08,2,BID
2018-12-17 09:58:07,GS,169.2,1,ASK
2018-12-17 09:58:09,GS,169.09,2,BID
2018-12-17 09:58:09,GS,169.21,2,ASK
2018-12-17 09:58:09,GS,169.09,2,BID
2018-12-17 09:58:09,GS,169.21,2,ASK
2018-12-17 09:58:09,GS,169.09,2,BID
2018-12-17 09:58:09,GS,169.21,2,ASK
2018-12-17 09:58:09,GS,169.09,2,BID
2018-12-17 09:58:09,GS,169.21,2,ASK
2018-12-17 09:58:09,GS,169.09,2,BID
2018-12-17 09:58:09,GS,169.21,2,ASK
2018-12-17 09:58:09,GS,169.09,2,BID
2018-12-17 09:58:09,GS,169.21,2,ASK
2018-12-17 09:58:09,GS,169.09,2,BID
2018-12-17 09:58:09,GS,169.21,2,ASK
2018-12-17 09:58:16,GS,169.07,1,BID
2018-12-17 09:58:16,GS,169.19,1,ASK
2018-12-17 09:58:17,GS,169.07,4,BID
2018-12-17 09:58:17,GS,169.19,4,ASK
2018-12-17 09:58:18,GS,169.07,3,BID
2018-12-17 09:58:18,GS,169.19,5,ASK
2018-12-17 09:58:19,GS,169.07,3,BID
2018-12-17 09:58:18,GS,169.19,5,ASK
2018-12-17 09:58:20,GS,169.05,1,BID
2018-12-17 09:58:20,GS,169.19,5,ASK
2018-12-17 09:58:21,GS,169.05,3,BID
2018-12-17 09:58:21,GS,169.19,5,ASK
2018-12-17 09:58:22,GS,169.05,1,BID
2018-12-17 09:58:22,GS,169.19,6,ASK
2018-12-17 09:58:23,GS,169.05,1,BID
2018-12-17 09:58:23,GS,169.19,6,ASK
2018-12-17 09:58:24,GS,169.04,1,BID
2018-12-17 09:58:24,GS,169.18,1,ASK
2018-12-17 09:58:25,GS,169.1,1,BID
2018-12-17 09:58:25,GS,169.17,1,ASK
2018-12-17 09:58:25,GS,169.05,2,BID
2018-12-17 09:58:25,GS,169.17,1,ASK
2018-12-17 09:58:27,GS,169.06,1,BID
2018-12-17 09:58:27,GS,169.17,3,ASK
2018-12-17 09:58:28,GS,169.06,1,BID
2018-12-17 09:58:27,GS,169.17,3,ASK
2018-12-17 09:58:29,GS,169.06,1,BID
2018-12-17 09:58:27,GS,169.17,3,ASK
2018-12-17 09:58:27,GS,169.05,3,BID
2018-12-17 09:58:30,GS,169.17,3,ASK
2018-12-17 09:58:30,GS,169.05,10,BID
2018-12-17 09:58:31,GS,169.17,3,ASK
2018-12-17 09:58:30,GS,169.05,10,BID
2018-12-17 09:58:32,GS,169.17,6,ASK
2018-12-17 09:58:30,GS,169.05,10,BID
2018-12-17 09:58:33,GS,169.17,6,ASK
2018-12-17 09:58:34,GS,169.04,1,BID
2018-12-17 09:58:33,GS,169.17,6,ASK
2018-12-17 09:58:35,GS,169.06,3,BID
2018-12-17 09:58:33,GS,169.17,6,ASK
2018-12-17 09:58:36,GS,169.06,4,BID
2018-12-17 09:58:35,GS,169.17,7,ASK
2018-12-17 09:58:37,GS,169.07,3,BID
2018-12-17 09:58:37,GS,169.17,6,ASK
2018-12-17 09:58:38,GS,169.04,7,BID
2018-12-17 09:58:37,GS,169.17,5,ASK
2018-12-17 09:58:39,GS,169.09,3,BID
2018-12-17 09:57:55,GS,169.25,5,ASK
2018-12-17 09:58:40,GS,169.06,6,BID
2018-12-17 09:58:40,GS,169.25,9,ASK
2018-12-17 09:58:40,GS,169.06,6,BID
2018-12-17 09:58:40,GS,169.25,9,ASK
2018-12-17 09:58:42,GS,169.06,8,BID
2018-12-17 09:58:42,GS,169.19,1,ASK
2018-12-17 09:58:43,GS,169.21,1,BID
2018-12-17 09:58:43,GS,169.26,6,ASK
2018-12-17 09:58:44,GS,169.14,3,BID
2018-12-17 09:58:44,GS,169.25,1,ASK
2018-12-17 09:58:44,GS,169.14,7,BID
2018-12-17 09:58:45,GS,169.25,2,ASK
2018-12-17 09:58:44,GS,169.14,7,BID
2018-12-17 09:58:46,GS,169.25,5,ASK
2018-12-17 09:58:44,GS,169.14,7,BID
2018-12-17 09:58:47,GS,169.22,6,ASK
2018-12-17 09:58:44,GS,169.14,7,BID
2018-12-17 09:58:48,GS,169.22,6,ASK
2018-12-17 09:58:49,GS,169.1,2,BID
2018-12-17 09:58:49,GS,169.26,3,ASK
2018-12-17 09:58:50,GS,169.07,3,BID
2018-12-17 09:58:50,GS,169.16,1,ASK
2018-12-17 09:58:50,GS,169.07,3,BID
2018-12-17 09:58:50,GS,169.16,1,ASK
2018-12-17 09:58:51,GS,169.07,3,BID
2018-12-17 09:58:51,GS,169.16,1,ASK
2018-12-17 09:58:53,GS,169.12,1,BID
2018-12-17 09:58:53,GS,169.16,2,ASK
2018-12-17 09:58:54,GS,169.16,1,BID
2018-12-17 09:58:50,GS,169.26,3,ASK
2018-12-17 09:58:55,GS,169.16,2,BID
2018-12-17 09:58:55,GS,169.26,4,ASK
2018-12-17 09:58:56,GS,169.14,1,BID
2018-12-17 09:58:56,GS,169.26,5,ASK
2018-12-17 09:58:57,GS,169.14,1,BID
2018-12-17 09:58:57,GS,169.26,6,ASK
2018-12-17 09:58:58,GS,169.14,3,BID
2018-12-17 09:58:58,GS,169.26,6,ASK
2018-12-17 09:58:59,GS,169.18,2,BID
2018-12-17 09:57:46,GS,169.3,3,ASK
2018-12-17 09:59:00,GS,169.19,1,BID
2018-12-17 09:57:46,GS,169.3,3,ASK
2018-12-17 09:59:01,GS,169.18,2,BID
2018-12-17 09:59:01,GS,169.26,1,ASK
2018-12-17 09:59:02,GS,169.18,2,BID
2018-12-17 09:59:02,GS,169.26,1,ASK
2018-12-17 09:59:03,GS,169.11,3,BID
2018-12-17 09:59:03,GS,169.26,3,ASK
2018-12-17 09:59:03,GS,169.11,3,BID
2018-12-17 09:59:03,GS,169.26,4,ASK
2018-12-17 09:59:03,GS,169.11,3,BID
2018-12-17 09:59:03,GS,169.26,4,ASK
2018-12-17 09:59:03,GS,169.11,4,BID
2018-12-17 09:59:06,GS,169.26,6,ASK
2018-12-17 09:59:03,GS,169.11,4,BID
2018-12-17 09:59:06,GS,169.26,6,ASK
2018-12-17 09:59:03,GS,169.11,4,BID
2018-12-17 09:59:08,GS,169.26,7,ASK
2018-12-17 09:59:09,GS,169.14,2,BID
2018-12-17 09:59:09,GS,169.26,6,ASK
2018-12-17 09:59:09,GS,169.14,2,BID
2018-12-17 09:59:09,GS,169.26,6,ASK
2018-12-17 09:59:03,GS,169.11,4,BID
2018-12-17 09:59:11,GS,169.18,1,ASK
2018-12-17 09:59:03,GS,169.11,4,BID
2018-12-17 09:59:11,GS,169.18,1,ASK
2018-12-17 09:59:13,GS,169.12,9,BID
2018-12-17 09:59:13,GS,169.22,4,ASK
2018-12-17 09:59:14,GS,169.19,2,BID
2018-12-17 09:57:46,GS,169.3,4,ASK
2018-12-17 09:59:15,GS,169.19,3,BID
2018-12-17 09:57:46,GS,169.3,5,ASK
2018-12-17 09:59:15,GS,169.19,3,BID
2018-12-17 09:57:46,GS,169.3,5,ASK
2018-12-17 09:59:15,GS,169.19,3,BID
2018-12-17 09:57:46,GS,169.3,5,ASK
2018-12-17 09:59:18,GS,169.17,3,BID
2018-12-17 09:59:18,GS,169.26,1,ASK
2018-12-17 09:59:19,GS,169.18,3,BID
2018-12-17 09:59:19,GS,169.29,2,ASK
2018-12-17 09:59:20,GS,169.22,1,BID
2018-12-17 09:57:46,GS,169.3,4,ASK
2018-12-17 09:59:21,GS,169.22,3,BID
2018-12-17 09:57:46,GS,169.3,4,ASK
2018-12-17 09:59:21,GS,169.22,3,BID
2018-12-17 09:57:46,GS,169.3,4,ASK
2018-12-17 09:59:23,GS,169.23,2,BID
2018-12-17 09:59:23,GS,169.33,1,ASK
2018-12-17 09:59:24,GS,169.24,3,BID
2018-12-17 09:59:24,GS,169.35,2,ASK
2018-12-17 09:59:24,GS,169.32,2,BID
2018-12-17 09:59:24,GS,169.4,13,ASK
2018-12-17 09:59:26,GS,169.33,1,BID
2018-12-17 09:59:26,GS,169.47,4,ASK
2018-12-17 09:59:27,GS,169.34,3,BID
2018-12-17 09:59:27,GS,169.47,4,ASK
2018-12-17 09:59:28,GS,169.35,2,BID
2018-12-17 09:59:27,GS,169.47,4,ASK
2018-12-17 09:59:29,GS,169.35,3,BID
2018-12-17 09:59:27,GS,169.47,4,ASK
2018-12-17 09:59:30,GS,169.35,3,BID
2018-12-17 09:59:27,GS,169.47,4,ASK
2018-12-17 09:59:31,GS,169.35,3,BID
2018-12-17 09:59:27,GS,169.47,4,ASK
2018-12-17 09:59:32,GS,169.39,2,BID
2018-12-17 09:59:27,GS,169.47,4,ASK
2018-12-17 09:59:33,GS,169.4,4,BID
2018-12-17 09:59:33,GS,169.49,5,ASK
2018-12-17 09:59:34,GS,169.4,5,BID
2018-12-17 09:59:34,GS,169.49,5,ASK
2018-12-17 09:59:35,GS,169.48,2,BID
2018-12-17 09:59:35,GS,169.58,1,ASK
2018-12-17 09:59:36,GS,169.58,1,BID
2018-12-17 09:59:36,GS,169.64,1,ASK
2018-12-17 09:59:36,GS,169.51,1,BID
2018-12-17 09:59:36,GS,169.63,1,ASK
2018-12-17 09:59:36,GS,169.51,1,BID
2018-12-17 09:59:36,GS,169.63,1,ASK
2018-12-17 09:59:36,GS,169.51,1,BID
2018-12-17 09:59:36,GS,169.63,1,ASK
2018-12-17 09:59:38,GS,169.51,9,BID
2018-12-17 09:59:38,GS,169.64,1,ASK
2018-12-17 09:59:38,GS,169.51,9,BID
2018-12-17 09:59:41,GS,169.62,1,ASK
2018-12-17 09:59:38,GS,169.51,9,BID
2018-12-17 09:59:41,GS,169.63,1,ASK
2018-12-17 09:59:43,GS,169.5,2,BID
2018-12-17 09:59:43,GS,169.62,1,ASK
2018-12-17 09:59:45,GS,169.47,1,BID
2018-12-17 09:59:45,GS,169.62,3,ASK
2018-12-17 09:59:45,GS,169.51,5,BID
2018-12-17 09:59:45,GS,169.59,1,ASK
2018-12-17 09:59:45,GS,169.51,5,BID
2018-12-17 09:59:45,GS,169.59,1,ASK
2018-12-17 09:59:47,GS,169.5,1,BID
2018-12-17 09:59:47,GS,169.55,1,ASK
2018-12-17 09:59:48,GS,169.51,1,BID
2018-12-17 09:59:48,GS,169.59,3,ASK
2018-12-17 09:59:49,GS,169.51,6,BID
2018-12-17 09:59:49,GS,169.59,3,ASK
2018-12-17 09:59:50,GS,169.58,1,BID
2018-12-17 09:59:50,GS,169.64,1,ASK
2018-12-17 09:59:50,GS,169.58,1,BID
2018-12-17 09:59:50,GS,169.64,1,ASK
2018-12-17 09:59:51,GS,169.58,2,BID
2018-12-17 09:59:51,GS,169.64,1,ASK
2018-12-17 09:59:53,GS,169.59,1,BID
2018-12-17 09:59:53,GS,169.64,1,ASK
2018-12-17 09:59:54,GS,169.6,3,BID
2018-12-17 09:59:54,GS,169.72,1,ASK
2018-12-17 09:59:54,GS,169.6,3,BID
2018-12-17 09:59:54,GS,169.72,1,ASK
2018-12-17 09:59:54,GS,169.6,3,BID
2018-12-17 09:59:55,GS,169.72,1,ASK
2018-12-17 09:59:56,GS,169.65,2,BID
2018-12-17 09:59:56,GS,169.72,1,ASK
2018-12-17 09:59:51,GS,169.58,2,BID
2018-12-17 09:59:59,GS,169.71,1,ASK
2018-12-17 09:59:59,GS,169.56,3,BID
2018-12-17 09:59:59,GS,169.6,1,ASK
2018-12-17 10:00:00,GS,169.56,3,BID
2018-12-17 10:00:00,GS,169.6,1,ASK
2018-12-17 10:00:00,GS,169.5,4,BID
2018-12-17 10:00:00,GS,169.54,1,ASK
2018-12-17 10:00:01,GS,169.49,1,BID
2018-12-17 10:00:00,GS,169.54,2,ASK
2018-12-17 10:00:01,GS,169.58,1,BID
2018-12-17 10:00:01,GS,169.64,3,ASK
2018-12-17 10:00:02,GS,169.55,4,BID
2018-12-17 10:00:02,GS,169.63,1,ASK
2018-12-17 10:00:02,GS,169.55,4,BID
2018-12-17 10:00:02,GS,169.63,1,ASK
2018-12-17 10:00:01,GS,169.5,2,BID
2018-12-17 10:00:04,GS,169.57,1,ASK
2018-12-17 10:00:05,GS,169.51,2,BID
2018-12-17 10:00:05,GS,169.62,2,ASK
2018-12-17 10:00:07,GS,169.5,3,BID
2018-12-17 10:00:07,GS,169.62,2,ASK
2018-12-17 10:00:07,GS,169.51,1,BID
2018-12-17 10:00:07,GS,169.62,2,ASK
2018-12-17 10:00:08,GS,169.51,1,BID
2018-12-17 10:00:08,GS,169.6,5,ASK
2018-12-17 10:00:08,GS,169.52,1,BID
2018-12-17 10:00:08,GS,169.61,1,ASK
2018-12-17 10:00:08,GS,169.52,1,BID
2018-12-17 10:00:08,GS,169.61,1,ASK
2018-12-17 10:00:10,GS,169.49,1,BID
2018-12-17 10:00:10,GS,169.51,1,ASK
2018-12-17 10:00:10,GS,169.55,3,BID
2018-12-17 10:00:10,GS,169.7,1,ASK
2018-12-17 10:00:12,GS,169.59,2,BID
2018-12-17 10:00:11,GS,169.71,3,ASK
2018-12-17 10:00:13,GS,169.5,2,BID
2018-12-17 10:00:13,GS,169.61,1,ASK
2018-12-17 10:00:15,GS,169.55,1,BID
2018-12-17 10:00:15,GS,169.64,2,ASK
2018-12-17 10:00:15,GS,169.55,1,BID
2018-12-17 10:00:15,GS,169.64,2,ASK
2018-12-17 10:00:16,GS,169.55,3,BID
2018-12-17 10:00:16,GS,169.69,2,ASK
2018-12-17 10:00:16,GS,169.55,3,BID
2018-12-17 10:00:17,GS,169.69,2,ASK
2018-12-17 10:00:21,GS,169.49,5,BID
2018-12-17 10:00:21,GS,169.58,3,ASK
2018-12-17 10:00:22,GS,169.47,2,BID
2018-12-17 10:00:22,GS,169.53,2,ASK
2018-12-17 10:00:23,GS,169.47,3,BID
2018-12-17 10:00:23,GS,169.52,2,ASK
2018-12-17 10:00:25,GS,169.48,1,BID
2018-12-17 10:00:25,GS,169.55,4,ASK
2018-12-17 10:00:25,GS,169.47,1,BID
2018-12-17 10:00:25,GS,169.54,1,ASK
2018-12-17 10:00:26,GS,169.39,1,BID
2018-12-17 10:00:26,GS,169.55,5,ASK
2018-12-17 10:00:26,GS,169.37,2,BID
2018-12-17 10:00:27,GS,169.53,2,ASK
2018-12-17 10:00:28,GS,169.37,2,BID
2018-12-17 10:00:28,GS,169.49,2,ASK
2018-12-17 10:00:30,GS,169.36,1,BID
2018-12-17 10:00:30,GS,169.49,3,ASK
2018-12-17 10:00:30,GS,169.44,1,BID
2018-12-17 10:00:30,GS,169.55,5,ASK
2018-12-17 10:00:32,GS,169.44,1,BID
2018-12-17 10:00:32,GS,169.55,6,ASK
2018-12-17 10:00:32,GS,169.36,6,BID
2018-12-17 10:00:32,GS,169.51,1,ASK
2018-12-17 10:00:33,GS,169.36,6,BID
2018-12-17 10:00:33,GS,169.51,1,ASK
2018-12-17 10:00:34,GS,169.36,5,BID
2018-12-17 10:00:34,GS,169.5,4,ASK
2018-12-17 10:00:34,GS,169.36,5,BID
2018-12-17 10:00:34,GS,169.5,4,ASK
2018-12-17 10:00:34,GS,169.36,5,BID
2018-12-17 10:00:34,GS,169.5,3,ASK
2018-12-17 10:00:34,GS,169.36,5,BID
2018-12-17 10:00:34,GS,169.5,3,ASK
2018-12-17 10:00:39,GS,169.36,6,BID
2018-12-17 10:00:39,GS,169.5,4,ASK
2018-12-17 10:00:40,GS,169.36,1,BID
2018-12-17 10:00:40,GS,169.44,1,ASK
2018-12-17 10:00:40,GS,169.36,1,BID
2018-12-17 10:00:40,GS,169.44,1,ASK
2018-12-17 10:00:42,GS,169.36,2,BID
2018-12-17 10:00:42,GS,169.51,2,ASK
2018-12-17 10:00:42,GS,169.42,2,BID
2018-12-17 10:00:42,GS,169.53,4,ASK
2018-12-17 10:00:44,GS,169.42,6,BID
2018-12-17 10:00:44,GS,169.53,4,ASK
2018-12-17 10:00:44,GS,169.43,2,BID
2018-12-17 10:00:44,GS,169.53,5,ASK
2018-12-17 10:00:44,GS,169.43,2,BID
2018-12-17 10:00:44,GS,169.53,5,ASK
2018-12-17 10:00:47,GS,169.42,7,BID
2018-12-17 10:00:47,GS,169.49,1,ASK
2018-12-17 10:00:47,GS,169.44,2,BID
2018-12-17 10:00:47,GS,169.58,3,ASK
2018-12-17 10:00:48,GS,169.45,2,BID
2018-12-17 10:00:48,GS,169.58,3,ASK
2018-12-17 10:00:49,GS,169.5,1,BID
2018-12-17 10:00:49,GS,169.58,3,ASK
2018-12-17 10:00:51,GS,169.5,4,BID
2018-12-17 10:00:51,GS,169.65,1,ASK
2018-12-17 10:00:51,GS,169.5,5,BID
2018-12-17 10:00:52,GS,169.65,6,ASK
2018-12-17 10:00:52,GS,169.5,5,BID
2018-12-17 10:00:52,GS,169.65,6,ASK
2018-12-17 10:00:53,GS,169.52,2,BID
2018-12-17 10:00:53,GS,169.65,6,ASK
2018-12-17 10:00:54,GS,169.55,3,BID
2018-12-17 10:00:54,GS,169.65,6,ASK
2018-12-17 10:00:54,GS,169.55,5,BID
2018-12-17 10:00:55,GS,169.65,6,ASK
2018-12-17 10:00:56,GS,169.62,4,BID
2018-12-17 10:00:56,GS,169.75,5,ASK
2018-12-17 10:00:57,GS,169.7,3,BID
2018-12-17 10:00:57,GS,169.85,2,ASK
2018-12-17 10:00:59,GS,169.76,6,BID
2018-12-17 10:00:59,GS,169.86,10,ASK
2018-12-17 10:01:00,GS,169.77,5,BID
2018-12-17 10:01:00,GS,169.9,1,ASK
2018-12-17 10:01:00,GS,169.77,6,BID
2018-12-17 10:01:00,GS,169.9,1,ASK
2018-12-17 10:01:01,GS,169.77,6,BID
2018-12-17 10:01:01,GS,169.9,3,ASK
2018-12-17 10:01:03,GS,169.77,6,BID
2018-12-17 10:01:01,GS,169.9,4,ASK
2018-12-17 10:01:03,GS,169.77,6,BID
2018-12-17 10:01:03,GS,169.9,10,ASK
2018-12-17 10:01:04,GS,169.78,6,BID
2018-12-17 10:01:04,GS,169.9,9,ASK
2018-12-17 10:01:05,GS,169.78,6,BID
2018-12-17 10:01:05,GS,169.9,9,ASK
2018-12-17 10:01:07,GS,169.85,6,BID
2018-12-17 10:01:07,GS,169.92,5,ASK
2018-12-17 10:01:07,GS,169.85,6,BID
2018-12-17 10:01:07,GS,169.92,4,ASK
2018-12-17 10:01:08,GS,169.85,6,BID
2018-12-17 10:01:08,GS,169.93,1,ASK
2018-12-17 10:01:09,GS,169.81,6,BID
2018-12-17 10:01:09,GS,169.93,3,ASK
2018-12-17 10:01:09,GS,169.81,6,BID
2018-12-17 10:01:09,GS,169.93,3,ASK
2018-12-17 10:01:11,GS,169.81,6,BID
2018-12-17 10:01:11,GS,169.91,1,ASK
2018-12-17 10:01:12,GS,169.81,6,BID
2018-12-17 10:01:12,GS,169.91,1,ASK
2018-12-17 10:01:14,GS,169.8,6,BID
2018-12-17 10:01:14,GS,169.9,1,ASK
2018-12-17 10:00:59,GS,169.76,6,BID
2018-12-17 10:01:14,GS,169.9,3,ASK
2018-12-17 10:01:16,GS,169.75,2,BID
2018-12-17 10:01:16,GS,169.9,7,ASK
2018-12-17 10:01:16,GS,169.75,2,BID
2018-12-17 10:01:16,GS,169.88,1,ASK
2018-12-17 10:01:18,GS,169.71,6,BID
2018-12-17 10:01:18,GS,169.88,3,ASK
2018-12-17 10:01:19,GS,169.73,3,BID
2018-12-17 10:01:19,GS,169.88,3,ASK
2018-12-17 10:01:20,GS,169.73,6,BID
2018-12-17 10:01:20,GS,169.88,4,ASK
2018-12-17 10:01:21,GS,169.73,6,BID
2018-12-17 10:01:21,GS,169.88,4,ASK
2018-12-17 10:01:22,GS,169.8,6,BID
2018-12-17 10:01:22,GS,169.91,6,ASK
2018-12-17 10:01:22,GS,169.8,6,BID
2018-12-17 10:01:22,GS,169.91,6,ASK
2018-12-17 10:01:23,GS,169.8,6,BID
2018-12-17 10:01:23,GS,169.9,1,ASK
2018-12-17 10:01:25,GS,169.79,7,BID
2018-12-17 10:01:25,GS,169.91,4,ASK
2018-12-17 10:01:25,GS,169.79,7,BID
2018-12-17 10:01:25,GS,169.91,4,ASK
2018-12-17 10:01:25,GS,169.79,7,BID
2018-12-17 10:01:25,GS,169.91,4,ASK
2018-12-17 10:01:27,GS,169.79,7,BID
2018-12-17 10:01:27,GS,169.91,4,ASK
2018-12-17 10:01:28,GS,169.79,7,BID
2018-12-17 10:01:28,GS,169.91,4,ASK
2018-12-17 10:01:30,GS,169.79,9,BID
2018-12-17 10:01:30,GS,169.91,4,ASK
2018-12-17 10:01:30,GS,169.79,7,BID
2018-12-17 10:01:31,GS,169.91,7,ASK
2018-12-17 10:01:32,GS,169.8,5,BID
2018-12-17 10:01:32,GS,169.91,8,ASK
2018-12-17 10:01:33,GS,169.83,9,BID
2018-12-17 10:01:33,GS,169.98,7,ASK
2018-12-17 10:01:33,GS,169.83,9,BID
2018-12-17 10:01:33,GS,169.98,9,ASK
2018-12-17 10:01:34,GS,169.95,5,BID
2018-12-17 10:01:34,GS,170.0,8,ASK
2018-12-17 10:01:36,GS,169.8,13,BID
2018-12-17 10:01:36,GS,169.99,7,ASK
2018-12-17 10:01:36,GS,169.8,12,BID
2018-12-17 10:01:36,GS,169.99,7,ASK
2018-12-17 10:01:36,GS,169.8,12,BID
2018-12-17 10:01:37,GS,169.99,11,ASK
2018-12-17 10:01:38,GS,169.85,6,BID
2018-12-17 10:01:38,GS,169.99,10,ASK
2018-12-17 10:01:39,GS,170.03,6,BID
2018-12-17 10:01:39,GS,170.1,13,ASK
2018-12-17 10:01:39,GS,170.03,6,BID
2018-12-17 10:01:39,GS,170.1,13,ASK
2018-12-17 10:01:41,GS,170.04,7,BID
2018-12-17 10:01:41,GS,170.1,13,ASK
2018-12-17 10:01:43,GS,170.04,5,BID
2018-12-17 10:01:43,GS,170.1,13,ASK
2018-12-17 10:01:43,GS,170.04,5,BID
2018-12-17 10:01:43,GS,170.1,13,ASK
2018-12-17 10:01:43,GS,170.04,5,BID
2018-12-17 10:01:43,GS,170.1,13,ASK
2018-12-17 10:01:43,GS,170.04,5,BID
2018-12-17 10:01:43,GS,170.1,13,ASK
2018-12-17 10:01:43,GS,170.04,5,BID
2018-12-17 10:01:43,GS,170.1,13,ASK
2018-12-17 10:01:43,GS,170.04,5,BID
2018-12-17 10:01:43,GS,170.1,13,ASK
2018-12-17 10:01:49,GS,170.04,5,BID
2018-12-17 10:01:49,GS,170.1,15,ASK
2018-12-17 10:01:50,GS,170.03,9,BID
2018-12-17 10:01:50,GS,170.1,15,ASK
2018-12-17 10:01:51,GS,169.93,1,BID
2018-12-17 10:01:51,GS,170.06,6,ASK
2018-12-17 10:01:52,GS,169.82,6,BID
2018-12-17 10:01:52,GS,170.0,3,ASK
2018-12-17 10:01:53,GS,169.83,13,BID
2018-12-17 10:01:53,GS,169.99,3,ASK
2018-12-17 10:01:54,GS,169.83,13,BID
2018-12-17 10:01:53,GS,169.99,3,ASK
2018-12-17 10:01:54,GS,169.83,13,BID
2018-12-17 10:01:53,GS,169.99,3,ASK
2018-12-17 10:01:55,GS,169.83,13,BID
2018-12-17 10:01:53,GS,169.99,3,ASK
2018-12-17 10:01:55,GS,169.83,13,BID
2018-12-17 10:01:55,GS,169.99,5,ASK
2018-12-17 10:01:58,GS,169.79,10,BID
2018-12-17 10:01:58,GS,169.91,2,ASK
2018-12-17 10:01:59,GS,169.75,1,BID
2018-12-17 10:01:59,GS,169.9,3,ASK
2018-12-17 10:02:00,GS,169.74,1,BID
2018-12-17 10:02:00,GS,169.84,2,ASK
2018-12-17 10:02:01,GS,169.7,15,BID
2018-12-17 10:02:01,GS,169.83,3,ASK
2018-12-17 10:02:01,GS,169.71,2,BID
2018-12-17 10:02:01,GS,169.83,2,ASK
2018-12-17 10:02:03,GS,169.71,3,BID
2018-12-17 10:02:03,GS,169.83,3,ASK
2018-12-17 10:02:04,GS,169.71,10,BID
2018-12-17 10:02:03,GS,169.83,4,ASK
2018-12-17 10:02:04,GS,169.71,10,BID
2018-12-17 10:02:03,GS,169.83,4,ASK
2018-12-17 10:02:04,GS,169.71,10,BID
2018-12-17 10:02:03,GS,169.83,4,ASK
2018-12-17 10:02:04,GS,169.71,10,BID
2018-12-17 10:02:03,GS,169.83,4,ASK
2018-12-17 10:02:04,GS,169.71,10,BID
2018-12-17 10:02:03,GS,169.83,4,ASK
2018-12-17 10:02:04,GS,169.71,10,BID
2018-12-17 10:02:03,GS,169.83,4,ASK
2018-12-17 10:02:04,GS,169.71,10,BID
2018-12-17 10:02:03,GS,169.83,4,ASK
2018-12-17 10:02:10,GS,169.73,8,BID
2018-12-17 10:02:10,GS,169.83,4,ASK
2018-12-17 10:02:12,GS,169.73,7,BID
2018-12-17 10:02:10,GS,169.83,4,ASK
2018-12-17 10:02:04,GS,169.71,10,BID
2018-12-17 10:02:13,GS,169.77,3,ASK
2018-12-17 10:02:13,GS,169.7,15,BID
2018-12-17 10:02:13,GS,169.77,3,ASK
2018-12-17 10:01:18,GS,169.7,15,BID
2018-12-17 10:02:13,GS,169.77,3,ASK
2018-12-17 10:01:18,GS,169.7,16,BID
2018-12-17 10:02:15,GS,169.77,5,ASK
2018-12-17 10:02:17,GS,169.61,5,BID
2018-12-17 10:02:17,GS,169.74,1,ASK
2018-12-17 10:02:18,GS,169.64,1,BID
2018-12-17 10:02:18,GS,169.74,2,ASK
2018-12-17 10:02:18,GS,169.65,1,BID
2018-12-17 10:02:18,GS,169.74,2,ASK
2018-12-17 10:02:18,GS,169.65,1,BID
2018-12-17 10:02:18,GS,169.74,2,ASK
2018-12-17 10:02:21,GS,169.69,1,BID
2018-12-17 10:02:21,GS,169.83,4,ASK
2018-12-17 10:02:22,GS,169.69,1,BID
2018-12-17 10:02:21,GS,169.83,4,ASK
2018-12-17 10:02:23,GS,169.69,3,BID
2018-12-17 10:02:21,GS,169.83,5,ASK
2018-12-17 10:02:24,GS,169.69,2,BID
2018-12-17 10:02:23,GS,169.83,11,ASK
2018-12-17 10:02:24,GS,169.69,2,BID
2018-12-17 10:02:23,GS,169.83,11,ASK
2018-12-17 10:02:24,GS,169.69,2,BID
2018-12-17 10:02:23,GS,169.83,11,ASK
2018-12-17 10:02:24,GS,169.69,2,BID
2018-12-17 10:02:27,GS,169.8,2,ASK
2018-12-17 10:02:24,GS,169.69,2,BID
2018-12-17 10:02:27,GS,169.8,2,ASK
2018-12-17 10:02:28,GS,169.64,4,BID
2018-12-17 10:02:28,GS,169.73,1,ASK
2018-12-17 10:02:30,GS,169.64,4,BID
2018-12-17 10:02:30,GS,169.73,1,ASK
2018-12-17 10:02:30,GS,169.64,6,BID
2018-12-17 10:02:30,GS,169.73,1,ASK
2018-12-17 10:02:32,GS,169.59,2,BID
2018-12-17 10:02:32,GS,169.68,1,ASK
2018-12-17 10:02:32,GS,169.59,3,BID
2018-12-17 10:02:32,GS,169.69,2,ASK
2018-12-17 10:02:32,GS,169.59,3,BID
2018-12-17 10:02:32,GS,169.69,2,ASK
2018-12-17 10:02:34,GS,169.6,1,BID
2018-12-17 10:02:34,GS,169.69,3,ASK
2018-12-17 10:02:34,GS,169.6,1,BID
2018-12-17 10:02:34,GS,169.69,3,ASK
2018-12-17 10:02:37,GS,169.58,2,BID
2018-12-17 10:02:37,GS,169.69,5,ASK
2018-12-17 10:02:38,GS,169.58,2,BID
2018-12-17 10:02:38,GS,169.69,7,ASK
2018-12-17 10:02:39,GS,169.6,1,BID
2018-12-17 10:02:39,GS,169.69,7,ASK
2018-12-17 10:02:40,GS,169.52,5,BID
2018-12-17 10:02:40,GS,169.64,4,ASK
2018-12-17 10:02:40,GS,169.52,5,BID
2018-12-17 10:02:40,GS,169.64,4,ASK
2018-12-17 10:02:40,GS,169.52,5,BID
2018-12-17 10:02:40,GS,169.64,4,ASK
2018-12-17 10:02:43,GS,169.52,4,BID
2018-12-17 10:02:43,GS,169.64,4,ASK
2018-12-17 10:02:43,GS,169.52,4,BID
2018-12-17 10:02:43,GS,169.64,4,ASK
2018-12-17 10:02:45,GS,169.53,1,BID
2018-12-17 10:02:45,GS,169.64,4,ASK
2018-12-17 10:02:45,GS,169.58,2,BID
2018-12-17 10:02:45,GS,169.68,1,ASK
2018-12-17 10:02:46,GS,169.6,1,BID
2018-12-17 10:02:45,GS,169.68,2,ASK
2018-12-17 10:02:47,GS,169.6,3,BID
2018-12-17 10:02:45,GS,169.68,2,ASK
2018-12-17 10:02:47,GS,169.6,3,BID
2018-12-17 10:02:45,GS,169.68,2,ASK
2018-12-17 10:02:47,GS,169.6,3,BID
2018-12-17 10:02:45,GS,169.68,2,ASK
2018-12-17 10:02:47,GS,169.6,3,BID
2018-12-17 10:02:45,GS,169.68,2,ASK
2018-12-17 10:02:47,GS,169.6,3,BID
2018-12-17 10:02:45,GS,169.68,2,ASK
2018-12-17 10:02:47,GS,169.6,3,BID
2018-12-17 10:02:45,GS,169.68,2,ASK
2018-12-17 10:02:53,GS,169.59,3,BID
2018-12-17 10:02:53,GS,169.67,4,ASK
2018-12-17 10:02:55,GS,169.59,3,BID
2018-12-17 10:02:55,GS,169.67,4,ASK
2018-12-17 10:02:55,GS,169.59,3,BID
2018-12-17 10:02:55,GS,169.67,4,ASK
2018-12-17 10:02:56,GS,169.58,4,BID
2018-12-17 10:02:57,GS,169.63,3,ASK
2018-12-17 10:02:58,GS,169.57,2,BID
2018-12-17 10:02:58,GS,169.62,1,ASK
2018-12-17 10:02:59,GS,169.54,2,BID
2018-12-17 10:02:59,GS,169.66,1,ASK
2018-12-17 10:03:00,GS,169.54,3,BID
2018-12-17 10:03:00,GS,169.66,1,ASK
2018-12-17 10:03:00,GS,169.54,3,BID
2018-12-17 10:03:01,GS,169.65,1,ASK
2018-12-17 10:03:02,GS,169.52,7,BID
2018-12-17 10:03:02,GS,169.59,3,ASK
2018-12-17 10:03:03,GS,169.5,8,BID
2018-12-17 10:03:03,GS,169.58,1,ASK
2018-12-17 10:03:03,GS,169.5,8,BID
2018-12-17 10:03:03,GS,169.58,1,ASK
2018-12-17 10:03:04,GS,169.45,3,BID
2018-12-17 10:03:04,GS,169.53,3,ASK
2018-12-17 10:03:06,GS,169.47,4,BID
2018-12-17 10:03:06,GS,169.58,2,ASK
2018-12-17 10:03:07,GS,169.47,4,BID
2018-12-17 10:03:07,GS,169.58,2,ASK
2018-12-17 10:03:08,GS,169.49,3,BID
2018-12-17 10:03:08,GS,169.63,1,ASK
2018-12-17 10:03:08,GS,169.49,3,BID
2018-12-17 10:03:08,GS,169.63,1,ASK
2018-12-17 10:03:10,GS,169.49,7,BID
2018-12-17 10:03:10,GS,169.65,2,ASK
2018-12-17 10:03:10,GS,169.48,9,BID
2018-12-17 10:03:10,GS,169.56,1,ASK
2018-12-17 10:03:10,GS,169.48,9,BID
2018-12-17 10:03:12,GS,169.56,1,ASK
2018-12-17 10:03:13,GS,169.47,4,BID
2018-12-17 10:03:13,GS,169.56,1,ASK
2018-12-17 10:03:14,GS,169.47,5,BID
2018-12-17 10:03:14,GS,169.56,1,ASK
2018-12-17 10:03:15,GS,169.46,5,BID
2018-12-17 10:03:15,GS,169.55,1,ASK
2018-12-17 10:03:15,GS,169.46,6,BID
2018-12-17 10:03:16,GS,169.55,1,ASK
2018-12-17 10:03:17,GS,169.47,1,BID
2018-12-17 10:03:17,GS,169.55,1,ASK
2018-12-17 10:03:18,GS,169.5,2,BID
2018-12-17 10:03:18,GS,169.63,4,ASK
2018-12-17 10:03:19,GS,169.53,1,BID
2018-12-17 10:03:19,GS,169.63,4,ASK
2018-12-17 10:03:20,GS,169.54,2,BID
2018-12-17 10:03:20,GS,169.66,6,ASK
2018-12-17 10:03:20,GS,169.54,11,BID
2018-12-17 10:03:20,GS,169.66,6,ASK
2018-12-17 10:03:22,GS,169.64,1,BID
2018-12-17 10:03:22,GS,169.77,2,ASK
2018-12-17 10:03:23,GS,169.7,1,BID
2018-12-17 10:03:23,GS,169.77,5,ASK
2018-12-17 10:03:23,GS,169.7,1,BID
2018-12-17 10:03:23,GS,169.77,5,ASK
2018-12-17 10:03:25,GS,169.7,3,BID
2018-12-17 10:03:25,GS,169.77,5,ASK
2018-12-17 10:03:25,GS,169.7,3,BID
2018-12-17 10:03:25,GS,169.77,5,ASK
2018-12-17 10:03:25,GS,169.7,3,BID
2018-12-17 10:03:26,GS,169.77,5,ASK
2018-12-17 10:03:28,GS,169.78,3,BID
2018-12-17 10:03:28,GS,169.89,6,ASK
2018-12-17 10:03:28,GS,169.78,3,BID
2018-12-17 10:03:28,GS,169.89,6,ASK
2018-12-17 10:03:30,GS,169.78,3,BID
2018-12-17 10:03:30,GS,169.89,6,ASK
2018-12-17 10:03:31,GS,169.76,1,BID
2018-12-17 10:03:31,GS,169.84,1,ASK
2018-12-17 10:03:31,GS,169.76,1,BID
2018-12-17 10:03:31,GS,169.84,1,ASK
2018-12-17 10:03:31,GS,169.76,1,BID
2018-12-17 10:03:31,GS,169.84,1,ASK
2018-12-17 10:03:34,GS,169.77,1,BID
2018-12-17 10:03:34,GS,169.89,6,ASK
2018-12-17 10:03:35,GS,169.76,3,BID
2018-12-17 10:03:35,GS,169.84,1,ASK
2018-12-17 10:03:36,GS,169.71,5,BID
2018-12-17 10:03:36,GS,169.84,2,ASK
2018-12-17 10:03:36,GS,169.71,5,BID
2018-12-17 10:03:36,GS,169.84,2,ASK
2018-12-17 10:03:36,GS,169.71,5,BID
2018-12-17 10:03:36,GS,169.84,2,ASK
2018-12-17 10:03:36,GS,169.71,5,BID
2018-12-17 10:03:36,GS,169.84,2,ASK
2018-12-17 10:03:36,GS,169.71,6,BID
2018-12-17 10:03:40,GS,169.84,2,ASK
2018-12-17 10:03:36,GS,169.71,5,BID
2018-12-17 10:03:41,GS,169.84,2,ASK
2018-12-17 10:03:42,GS,169.65,1,BID
2018-12-17 10:03:42,GS,169.75,1,ASK
2018-12-17 10:03:43,GS,169.64,5,BID
2018-12-17 10:03:42,GS,169.75,2,ASK
2018-12-17 10:03:44,GS,169.64,6,BID
2018-12-17 10:03:42,GS,169.75,2,ASK
2018-12-17 10:03:45,GS,169.64,6,BID
2018-12-17 10:03:45,GS,169.75,3,ASK
2018-12-17 10:03:45,GS,169.64,6,BID
2018-12-17 10:03:45,GS,169.75,3,ASK
2018-12-17 10:03:47,GS,169.62,2,BID
2018-12-17 10:03:47,GS,169.75,4,ASK
2018-12-17 10:03:47,GS,169.62,2,BID
2018-12-17 10:03:47,GS,169.75,4,ASK
2018-12-17 10:03:48,GS,169.62,3,BID
2018-12-17 10:03:47,GS,169.75,4,ASK
2018-12-17 10:03:50,GS,169.62,3,BID
2018-12-17 10:03:50,GS,169.74,1,ASK
2018-12-17 10:03:50,GS,169.62,3,BID
2018-12-17 10:03:50,GS,169.74,1,ASK
2018-12-17 10:03:50,GS,169.62,3,BID
