timestamp,ticker,price,volume,bid_ask
2018-12-17 09:40:35,HD,171.04,5,BID
2018-12-17 09:40:35,HD,171.18,1,ASK
2018-12-17 09:40:35,HD,171.04,5,BID
2018-12-17 09:40:35,HD,171.18,1,ASK
2018-12-17 09:40:35,HD,171.04,5,BID
2018-12-17 09:40:37,HD,171.18,3,ASK
2018-12-17 09:40:35,HD,171.04,5,BID
2018-12-17 09:40:38,HD,171.18,3,ASK
2018-12-17 09:40:35,HD,171.04,5,BID
2018-12-17 09:40:39,HD,171.18,3,ASK
2018-12-17 09:40:35,HD,171.04,5,BID
2018-12-17 09:40:41,HD,171.18,3,ASK
2018-12-17 09:40:41,HD,170.9,5,BID
2018-12-17 09:40:41,HD,171.1,5,ASK
2018-12-17 09:40:42,HD,170.9,5,BID
2018-12-17 09:40:42,HD,171.1,6,ASK
2018-12-17 09:40:42,HD,170.9,5,BID
2018-12-17 09:40:42,HD,171.1,6,ASK
2018-12-17 09:40:44,HD,170.94,2,BID
2018-12-17 09:40:44,HD,171.1,7,ASK
2018-12-17 09:40:46,HD,170.9,5,BID
2018-12-17 09:40:46,HD,171.1,7,ASK
2018-12-17 09:40:47,HD,171.01,3,BID
2018-12-17 09:40:47,HD,171.19,4,ASK
2018-12-17 09:40:47,HD,171.01,3,BID
2018-12-17 09:40:47,HD,171.19,2,ASK
2018-12-17 09:40:48,HD,170.95,3,BID
2018-12-17 09:40:48,HD,171.17,1,ASK
2018-12-17 09:40:49,HD,170.94,2,BID
2018-12-17 09:40:49,HD,171.15,2,ASK
2018-12-17 09:40:50,HD,170.94,2,BID
2018-12-17 09:40:50,HD,171.12,1,ASK
2018-12-17 09:40:51,HD,170.94,4,BID
2018-12-17 09:40:51,HD,171.11,2,ASK
2018-12-17 09:40:52,HD,170.94,4,BID
2018-12-17 09:40:52,HD,171.09,1,ASK
2018-12-17 09:40:53,HD,170.95,4,BID
2018-12-17 09:40:53,HD,171.09,1,ASK
2018-12-17 09:40:54,HD,170.96,3,BID
2018-12-17 09:40:54,HD,171.09,1,ASK
2018-12-17 09:40:55,HD,170.96,3,BID
2018-12-17 09:40:55,HD,171.08,1,ASK
2018-12-17 09:40:57,HD,170.97,3,BID
2018-12-17 09:40:57,HD,171.08,1,ASK
2018-12-17 09:40:58,HD,170.96,3,BID
2018-12-17 09:40:58,HD,171.07,1,ASK
2018-12-17 09:40:58,HD,170.96,3,BID
2018-12-17 09:40:58,HD,171.08,2,ASK
2018-12-17 09:41:00,HD,170.94,6,BID
2018-12-17 09:41:00,HD,171.06,1,ASK
2018-12-17 09:41:00,HD,170.94,6,BID
2018-12-17 09:41:00,HD,171.06,1,ASK
2018-12-17 09:41:01,HD,170.94,6,BID
2018-12-17 09:41:01,HD,171.06,1,ASK
2018-12-17 09:41:02,HD,170.94,6,BID
2018-12-17 09:41:03,HD,171.04,1,ASK
2018-12-17 09:41:02,HD,170.94,6,BID
2018-12-17 09:41:03,HD,171.04,1,ASK
2018-12-17 09:41:04,HD,170.94,6,BID
2018-12-17 09:41:04,HD,171.05,4,ASK
2018-12-17 09:41:04,HD,170.94,6,BID
2018-12-17 09:41:05,HD,171.05,6,ASK
2018-12-17 09:33:47,HD,170.81,4,BID
2018-12-17 09:41:06,HD,170.99,1,ASK
2018-12-17 09:33:47,HD,170.81,4,BID
2018-12-17 09:41:08,HD,170.99,2,ASK
2018-12-17 09:41:08,HD,170.79,6,BID
2018-12-17 09:41:08,HD,170.94,1,ASK
2018-12-17 09:41:08,HD,170.79,6,BID
2018-12-17 09:41:08,HD,170.94,1,ASK
2018-12-17 09:41:08,HD,170.79,6,BID
2018-12-17 09:41:08,HD,170.94,1,ASK
2018-12-17 09:41:11,HD,170.8,3,BID
2018-12-17 09:41:11,HD,170.94,1,ASK
2018-12-17 09:41:08,HD,170.79,6,BID
2018-12-17 09:41:11,HD,170.94,1,ASK
2018-12-17 09:41:08,HD,170.79,6,BID
2018-12-17 09:41:13,HD,170.94,1,ASK
2018-12-17 09:41:14,HD,170.72,3,BID
2018-12-17 09:41:14,HD,170.92,2,ASK
2018-12-17 09:41:15,HD,170.67,4,BID
2018-12-17 09:41:15,HD,170.86,1,ASK
2018-12-17 09:41:16,HD,170.75,3,BID
2018-12-17 09:41:16,HD,170.92,3,ASK
2018-12-17 09:41:17,HD,170.74,5,BID
2018-12-17 09:41:17,HD,170.9,1,ASK
2018-12-17 09:41:18,HD,170.67,4,BID
2018-12-17 09:41:17,HD,170.9,8,ASK
2018-12-17 09:41:18,HD,170.67,4,BID
2018-12-17 09:41:17,HD,170.9,8,ASK
2018-12-17 09:41:21,HD,170.69,2,BID
2018-12-17 09:41:17,HD,170.9,8,ASK
2018-12-17 09:41:22,HD,170.69,5,BID
2018-12-17 09:41:22,HD,170.85,1,ASK
2018-12-17 09:41:23,HD,170.67,5,BID
2018-12-17 09:41:23,HD,170.8,1,ASK
2018-12-17 09:41:24,HD,170.67,5,BID
2018-12-17 09:41:24,HD,170.8,4,ASK
2018-12-17 09:41:24,HD,170.67,5,BID
2018-12-17 09:41:24,HD,170.8,4,ASK
2018-12-17 09:41:25,HD,170.67,5,BID
2018-12-17 09:41:25,HD,170.8,4,ASK
2018-12-17 09:41:25,HD,170.67,5,BID
2018-12-17 09:41:25,HD,170.8,4,ASK
2018-12-17 09:41:28,HD,170.79,3,BID
2018-12-17 09:41:28,HD,170.9,9,ASK
2018-12-17 09:41:28,HD,170.68,2,BID
2018-12-17 09:41:28,HD,170.84,1,ASK
2018-12-17 09:41:30,HD,170.68,5,BID
2018-12-17 09:41:30,HD,170.84,2,ASK
2018-12-17 09:41:30,HD,170.68,5,BID
2018-12-17 09:41:30,HD,170.84,2,ASK
2018-12-17 09:41:30,HD,170.68,5,BID
2018-12-17 09:41:30,HD,170.84,2,ASK
2018-12-17 09:41:31,HD,170.68,4,BID
2018-12-17 09:41:31,HD,170.84,3,ASK
2018-12-17 09:41:31,HD,170.68,4,BID
2018-12-17 09:41:31,HD,170.84,3,ASK
2018-12-17 09:41:31,HD,170.68,4,BID
2018-12-17 09:41:31,HD,170.84,3,ASK
2018-12-17 09:41:35,HD,170.68,4,BID
2018-12-17 09:41:31,HD,170.84,4,ASK
2018-12-17 09:41:37,HD,170.68,3,BID
2018-12-17 09:41:31,HD,170.84,4,ASK
2018-12-17 09:41:37,HD,170.68,3,BID
2018-12-17 09:41:31,HD,170.84,4,ASK
2018-12-17 09:41:38,HD,170.68,3,BID
2018-12-17 09:41:38,HD,170.84,5,ASK
2018-12-17 09:41:38,HD,170.68,3,BID
2018-12-17 09:41:38,HD,170.84,5,ASK
2018-12-17 09:41:38,HD,170.68,3,BID
2018-12-17 09:41:38,HD,170.84,5,ASK
2018-12-17 09:41:42,HD,170.68,3,BID
2018-12-17 09:41:38,HD,170.84,5,ASK
2018-12-17 09:41:43,HD,170.68,3,BID
2018-12-17 09:41:43,HD,170.83,3,ASK
2018-12-17 09:41:43,HD,170.68,3,BID
2018-12-17 09:41:43,HD,170.83,3,ASK
2018-12-17 09:41:43,HD,170.68,3,BID
2018-12-17 09:41:43,HD,170.83,3,ASK
2018-12-17 09:41:46,HD,170.68,3,BID
2018-12-17 09:41:46,HD,170.83,3,ASK
2018-12-17 09:41:46,HD,170.68,3,BID
2018-12-17 09:41:46,HD,170.83,3,ASK
2018-12-17 09:41:46,HD,170.68,3,BID
2018-12-17 09:41:46,HD,170.83,3,ASK
2018-12-17 09:41:46,HD,170.68,3,BID
2018-12-17 09:41:46,HD,170.83,3,ASK
2018-12-17 09:41:46,HD,170.68,3,BID
2018-12-17 09:41:46,HD,170.83,3,ASK
2018-12-17 09:41:51,HD,170.74,4,BID
2018-12-17 09:41:51,HD,170.87,1,ASK
2018-12-17 09:41:52,HD,170.71,3,BID
2018-12-17 09:41:52,HD,170.87,2,ASK
2018-12-17 09:41:52,HD,170.71,3,BID
2018-12-17 09:41:52,HD,170.87,2,ASK
2018-12-17 09:41:53,HD,170.71,3,BID
2018-12-17 09:41:53,HD,170.87,2,ASK
2018-12-17 09:41:53,HD,170.71,3,BID
2018-12-17 09:41:53,HD,170.87,4,ASK
2018-12-17 09:41:53,HD,170.71,3,BID
2018-12-17 09:41:53,HD,170.87,4,ASK
2018-12-17 09:41:53,HD,170.71,3,BID
2018-12-17 09:41:53,HD,170.87,4,ASK
2018-12-17 09:41:58,HD,170.73,3,BID
2018-12-17 09:41:58,HD,170.86,1,ASK
2018-12-17 09:41:57,HD,170.71,7,BID
2018-12-17 09:41:58,HD,170.83,1,ASK
2018-12-17 09:41:57,HD,170.71,7,BID
2018-12-17 09:41:58,HD,170.81,1,ASK
2018-12-17 09:41:57,HD,170.71,7,BID
2018-12-17 09:42:00,HD,170.81,1,ASK
2018-12-17 09:41:57,HD,170.71,7,BID
2018-12-17 09:42:01,HD,170.81,1,ASK
2018-12-17 09:42:03,HD,170.69,3,BID
2018-12-17 09:42:03,HD,170.8,2,ASK
2018-12-17 09:42:03,HD,170.69,4,BID
2018-12-17 09:42:03,HD,170.8,2,ASK
2018-12-17 09:42:03,HD,170.69,4,BID
2018-12-17 09:42:03,HD,170.8,2,ASK
2018-12-17 09:42:05,HD,170.69,6,BID
2018-12-17 09:42:05,HD,170.8,2,ASK
2018-12-17 09:42:05,HD,170.69,6,BID
2018-12-17 09:42:06,HD,170.8,3,ASK
2018-12-17 09:42:05,HD,170.69,6,BID
2018-12-17 09:42:07,HD,170.8,3,ASK
2018-12-17 09:42:05,HD,170.69,6,BID
2018-12-17 09:42:07,HD,170.8,3,ASK
2018-12-17 09:42:05,HD,170.69,6,BID
2018-12-17 09:42:07,HD,170.8,3,ASK
2018-12-17 09:42:05,HD,170.69,6,BID
2018-12-17 09:42:10,HD,170.8,4,ASK
2018-12-17 09:42:05,HD,170.69,6,BID
2018-12-17 09:42:10,HD,170.8,4,ASK
2018-12-17 09:42:13,HD,170.61,7,BID
2018-12-17 09:42:13,HD,170.77,4,ASK
2018-12-17 09:42:14,HD,170.53,3,BID
2018-12-17 09:42:14,HD,170.7,2,ASK
2018-12-17 09:42:14,HD,170.52,3,BID
2018-12-17 09:42:14,HD,170.69,1,ASK
2018-12-17 09:42:16,HD,170.49,9,BID
2018-12-17 09:42:16,HD,170.67,1,ASK
2018-12-17 09:42:17,HD,170.49,8,BID
2018-12-17 09:42:17,HD,170.67,1,ASK
2018-12-17 09:42:17,HD,170.49,8,BID
2018-12-17 09:42:18,HD,170.66,1,ASK
2018-12-17 09:42:19,HD,170.45,3,BID
2018-12-17 09:42:19,HD,170.62,3,ASK
2018-12-17 09:42:19,HD,170.45,3,BID
2018-12-17 09:42:19,HD,170.6,1,ASK
2018-12-17 09:42:19,HD,170.45,3,BID
2018-12-17 09:42:19,HD,170.6,1,ASK
2018-12-17 09:42:22,HD,170.42,1,BID
2018-12-17 09:42:22,HD,170.58,4,ASK
2018-12-17 09:42:23,HD,170.34,6,BID
2018-12-17 09:42:23,HD,170.54,5,ASK
2018-12-17 09:42:23,HD,170.34,6,BID
2018-12-17 09:42:23,HD,170.54,5,ASK
2018-12-17 09:42:25,HD,170.34,6,BID
2018-12-17 09:42:23,HD,170.54,5,ASK
2018-12-17 09:42:25,HD,170.34,5,BID
2018-12-17 09:42:23,HD,170.54,5,ASK
2018-12-17 09:42:25,HD,170.34,5,BID
2018-12-17 09:42:23,HD,170.54,5,ASK
2018-12-17 09:42:27,HD,170.34,5,BID
2018-12-17 09:42:27,HD,170.54,7,ASK
2018-12-17 09:42:28,HD,170.35,5,BID
2018-12-17 09:42:28,HD,170.54,7,ASK
2018-12-17 09:42:30,HD,170.34,6,BID
2018-12-17 09:42:30,HD,170.54,7,ASK
2018-12-17 09:42:30,HD,170.34,6,BID
2018-12-17 09:42:30,HD,170.54,7,ASK
2018-12-17 09:42:30,HD,170.34,6,BID
2018-12-17 09:42:30,HD,170.54,7,ASK
2018-12-17 09:42:32,HD,170.35,2,BID
2018-12-17 09:42:32,HD,170.54,7,ASK
2018-12-17 09:42:34,HD,170.35,4,BID
2018-12-17 09:42:34,HD,170.54,7,ASK
2018-12-17 09:42:34,HD,170.35,5,BID
2018-12-17 09:42:35,HD,170.54,7,ASK
2018-12-17 09:42:34,HD,170.35,5,BID
2018-12-17 09:42:35,HD,170.54,8,ASK
2018-12-17 09:42:34,HD,170.35,5,BID
2018-12-17 09:42:35,HD,170.54,8,ASK
2018-12-17 09:42:38,HD,170.35,6,BID
2018-12-17 09:42:38,HD,170.54,12,ASK
2018-12-17 09:42:38,HD,170.35,6,BID
2018-12-17 09:42:38,HD,170.54,12,ASK
2018-12-17 09:42:40,HD,170.35,5,BID
2018-12-17 09:42:40,HD,170.54,12,ASK
2018-12-17 09:42:40,HD,170.35,5,BID
2018-12-17 09:42:40,HD,170.54,12,ASK
2018-12-17 09:42:40,HD,170.35,5,BID
2018-12-17 09:42:40,HD,170.54,12,ASK
2018-12-17 09:42:42,HD,170.35,5,BID
2018-12-17 09:42:42,HD,170.53,6,ASK
2018-12-17 09:42:44,HD,170.35,5,BID
2018-12-17 09:42:44,HD,170.52,1,ASK
2018-12-17 09:42:45,HD,170.35,5,BID
2018-12-17 09:42:45,HD,170.52,3,ASK
2018-12-17 09:42:46,HD,170.35,8,BID
2018-12-17 09:42:46,HD,170.52,3,ASK
2018-12-17 09:42:47,HD,170.35,8,BID
2018-12-17 09:42:47,HD,170.51,1,ASK
2018-12-17 09:42:47,HD,170.35,5,BID
2018-12-17 09:42:48,HD,170.49,3,ASK
2018-12-17 09:42:47,HD,170.35,5,BID
2018-12-17 09:42:48,HD,170.49,3,ASK
2018-12-17 09:42:47,HD,170.35,6,BID
2018-12-17 09:42:49,HD,170.49,3,ASK
2018-12-17 09:42:47,HD,170.35,6,BID
2018-12-17 09:42:49,HD,170.49,3,ASK
2018-12-17 09:42:47,HD,170.35,6,BID
2018-12-17 09:42:51,HD,170.48,2,ASK
2018-12-17 09:42:47,HD,170.35,6,BID
2018-12-17 09:42:53,HD,170.48,5,ASK
2018-12-17 09:42:47,HD,170.35,6,BID
2018-12-17 09:42:54,HD,170.48,4,ASK
2018-12-17 09:42:47,HD,170.35,6,BID
2018-12-17 09:42:54,HD,170.48,4,ASK
2018-12-17 09:42:47,HD,170.35,6,BID
2018-12-17 09:42:55,HD,170.48,5,ASK
2018-12-17 09:42:47,HD,170.35,6,BID
2018-12-17 09:42:56,HD,170.48,5,ASK
2018-12-17 09:42:47,HD,170.35,6,BID
2018-12-17 09:42:56,HD,170.48,5,ASK
2018-12-17 09:42:47,HD,170.35,6,BID
2018-12-17 09:42:59,HD,170.48,5,ASK
2018-12-17 09:42:47,HD,170.35,6,BID
2018-12-17 09:43:00,HD,170.48,5,ASK
2018-12-17 09:42:47,HD,170.35,6,BID
2018-12-17 09:43:01,HD,170.48,5,ASK
2018-12-17 09:42:47,HD,170.35,6,BID
2018-12-17 09:43:01,HD,170.48,5,ASK
2018-12-17 09:42:47,HD,170.35,6,BID
2018-12-17 09:43:01,HD,170.48,5,ASK
2018-12-17 09:43:04,HD,170.37,2,BID
2018-12-17 09:43:04,HD,170.47,2,ASK
2018-12-17 09:43:04,HD,170.35,9,BID
2018-12-17 09:43:05,HD,170.47,4,ASK
2018-12-17 09:43:06,HD,170.26,9,BID
2018-12-17 09:43:06,HD,170.39,3,ASK
2018-12-17 09:43:06,HD,170.26,6,BID
2018-12-17 09:43:07,HD,170.39,4,ASK
2018-12-17 09:43:08,HD,170.27,3,BID
2018-12-17 09:43:08,HD,170.38,2,ASK
2018-12-17 09:43:09,HD,170.21,3,BID
2018-12-17 09:43:09,HD,170.38,6,ASK
2018-12-17 09:43:10,HD,170.14,2,BID
2018-12-17 09:43:10,HD,170.29,4,ASK
2018-12-17 09:43:11,HD,170.13,3,BID
2018-12-17 09:43:10,HD,170.29,4,ASK
2018-12-17 09:43:11,HD,170.13,2,BID
2018-12-17 09:43:11,HD,170.29,4,ASK
2018-12-17 09:43:13,HD,170.11,1,BID
2018-12-17 09:43:13,HD,170.27,1,ASK
2018-12-17 09:43:13,HD,170.1,4,BID
2018-12-17 09:43:13,HD,170.28,5,ASK
2018-12-17 09:43:15,HD,170.1,4,BID
2018-12-17 09:43:15,HD,170.28,7,ASK
2018-12-17 09:43:16,HD,170.08,4,BID
2018-12-17 09:43:16,HD,170.27,5,ASK
2018-12-17 09:43:17,HD,170.08,4,BID
2018-12-17 09:43:16,HD,170.27,5,ASK
2018-12-17 09:43:18,HD,170.05,5,BID
2018-12-17 09:43:18,HD,170.15,1,ASK
2018-12-17 09:43:19,HD,169.96,1,BID
2018-12-17 09:43:19,HD,170.05,1,ASK
2018-12-17 09:43:19,HD,169.85,1,BID
2018-12-17 09:43:19,HD,170.03,1,ASK
2018-12-17 09:43:19,HD,169.85,2,BID
2018-12-17 09:43:19,HD,170.03,1,ASK
2018-12-17 09:43:20,HD,169.71,2,BID
2018-12-17 09:43:20,HD,169.88,3,ASK
2018-12-17 09:43:21,HD,169.75,2,BID
2018-12-17 09:43:21,HD,169.9,3,ASK
2018-12-17 09:43:21,HD,169.74,1,BID
2018-12-17 09:43:21,HD,169.9,3,ASK
2018-12-17 09:43:21,HD,169.81,1,BID
2018-12-17 09:43:21,HD,169.9,3,ASK
2018-12-17 09:43:21,HD,169.81,1,BID
2018-12-17 09:43:21,HD,169.9,3,ASK
2018-12-17 09:43:21,HD,169.71,4,BID
2018-12-17 09:43:22,HD,169.84,3,ASK
2018-12-17 09:43:23,HD,169.71,1,BID
2018-12-17 09:43:22,HD,169.83,1,ASK
2018-12-17 09:43:24,HD,169.7,16,BID
2018-12-17 09:43:24,HD,169.83,3,ASK
2018-12-17 09:43:25,HD,169.69,2,BID
2018-12-17 09:43:24,HD,169.83,3,ASK
2018-12-17 09:43:25,HD,169.69,2,BID
2018-12-17 09:43:24,HD,169.83,3,ASK
2018-12-17 09:43:25,HD,169.69,2,BID
2018-12-17 09:43:24,HD,169.83,3,ASK
2018-12-17 09:43:25,HD,169.69,2,BID
2018-12-17 09:43:24,HD,169.83,3,ASK
2018-12-17 09:43:30,HD,169.69,2,BID
2018-12-17 09:43:24,HD,169.83,3,ASK
2018-12-17 09:43:30,HD,169.69,2,BID
2018-12-17 09:43:24,HD,169.83,3,ASK
2018-12-17 09:43:32,HD,169.82,3,BID
2018-12-17 09:43:32,HD,169.96,8,ASK
2018-12-17 09:43:32,HD,169.82,2,BID
2018-12-17 09:43:33,HD,169.96,9,ASK
2018-12-17 09:43:35,HD,169.82,1,BID
2018-12-17 09:43:35,HD,169.95,2,ASK
2018-12-17 09:43:35,HD,169.82,1,BID
2018-12-17 09:43:35,HD,169.95,2,ASK
2018-12-17 09:43:38,HD,169.8,3,BID
2018-12-17 09:43:38,HD,169.82,1,ASK
2018-12-17 09:43:39,HD,169.69,3,BID
2018-12-17 09:43:39,HD,169.8,1,ASK
2018-12-17 09:43:39,HD,169.69,3,BID
2018-12-17 09:43:39,HD,169.83,1,ASK
2018-12-17 09:43:39,HD,169.69,3,BID
2018-12-17 09:43:39,HD,169.83,1,ASK
2018-12-17 09:43:39,HD,169.69,3,BID
2018-12-17 09:43:41,HD,169.82,1,ASK
2018-12-17 09:43:42,HD,169.68,3,BID
2018-12-17 09:43:42,HD,169.83,4,ASK
2018-12-17 09:43:46,HD,169.48,2,BID
2018-12-17 09:43:46,HD,169.59,2,ASK
2018-12-17 09:43:46,HD,169.48,2,BID
2018-12-17 09:43:46,HD,169.59,2,ASK
2018-12-17 09:43:48,HD,169.48,2,BID
2018-12-17 09:43:48,HD,169.59,4,ASK
2018-12-17 09:43:48,HD,169.48,2,BID
2018-12-17 09:43:48,HD,169.59,4,ASK
2018-12-17 09:43:50,HD,169.48,2,BID
2018-12-17 09:43:48,HD,169.59,3,ASK
2018-12-17 09:43:51,HD,169.48,2,BID
2018-12-17 09:43:48,HD,169.59,4,ASK
2018-12-17 09:43:51,HD,169.48,2,BID
2018-12-17 09:43:48,HD,169.59,4,ASK
2018-12-17 09:43:51,HD,169.48,2,BID
2018-12-17 09:43:48,HD,169.59,4,ASK
2018-12-17 09:43:51,HD,169.48,2,BID
2018-12-17 09:43:48,HD,169.59,4,ASK
2018-12-17 09:43:51,HD,169.48,2,BID
2018-12-17 09:43:48,HD,169.59,4,ASK
2018-12-17 09:43:56,HD,169.63,2,BID
2018-12-17 09:43:56,HD,169.68,7,ASK
2018-12-17 09:43:57,HD,169.65,3,BID
2018-12-17 09:43:57,HD,169.72,2,ASK
2018-12-17 09:43:57,HD,169.65,3,BID
2018-12-17 09:43:57,HD,169.72,2,ASK
2018-12-17 09:44:00,HD,169.65,3,BID
2018-12-17 09:44:00,HD,169.72,2,ASK
2018-12-17 09:44:00,HD,169.66,2,BID
2018-12-17 09:44:00,HD,169.79,2,ASK
2018-12-17 09:44:00,HD,169.66,1,BID
2018-12-17 09:44:00,HD,169.79,2,ASK
2018-12-17 09:44:02,HD,169.66,1,BID
2018-12-17 09:44:02,HD,169.79,2,ASK
2018-12-17 09:44:02,HD,169.66,1,BID
2018-12-17 09:44:02,HD,169.79,2,ASK
2018-12-17 09:44:04,HD,169.66,2,BID
2018-12-17 09:44:04,HD,169.79,3,ASK
2018-12-17 09:44:05,HD,169.77,2,BID
2018-12-17 09:43:39,HD,169.92,8,ASK
2018-12-17 09:44:05,HD,170.01,1,BID
2018-12-17 09:44:05,HD,170.07,6,ASK
2018-12-17 09:44:06,HD,170.01,1,BID
2018-12-17 09:44:06,HD,170.17,2,ASK
2018-12-17 09:44:07,HD,170.1,6,BID
2018-12-17 09:44:07,HD,170.32,5,ASK
2018-12-17 09:44:08,HD,170.1,6,BID
2018-12-17 09:44:08,HD,170.32,5,ASK
2018-12-17 09:44:10,HD,170.1,6,BID
2018-12-17 09:44:09,HD,170.32,7,ASK
2018-12-17 09:44:10,HD,170.1,7,BID
2018-12-17 09:44:09,HD,170.32,8,ASK
2018-12-17 09:44:06,HD,170.1,6,BID
2018-12-17 09:44:10,HD,170.32,8,ASK
2018-12-17 09:44:06,HD,170.1,7,BID
2018-12-17 09:44:10,HD,170.32,9,ASK
2018-12-17 09:44:06,HD,170.1,7,BID
2018-12-17 09:44:10,HD,170.32,9,ASK
2018-12-17 09:44:06,HD,170.1,7,BID
2018-12-17 09:44:10,HD,170.32,9,ASK
2018-12-17 09:44:06,HD,170.1,7,BID
2018-12-17 09:44:10,HD,170.32,9,ASK
2018-12-17 09:44:06,HD,170.1,7,BID
2018-12-17 09:44:17,HD,170.31,3,ASK
2018-12-17 09:44:06,HD,170.1,7,BID
2018-12-17 09:44:18,HD,170.31,3,ASK
2018-12-17 09:44:06,HD,170.1,7,BID
2018-12-17 09:44:18,HD,170.31,3,ASK
2018-12-17 09:44:20,HD,170.11,7,BID
2018-12-17 09:44:20,HD,170.32,9,ASK
2018-12-17 09:44:21,HD,170.11,7,BID
2018-12-17 09:44:21,HD,170.32,7,ASK
2018-12-17 09:44:22,HD,170.18,8,BID
2018-12-17 09:44:22,HD,170.43,4,ASK
2018-12-17 09:44:24,HD,170.19,7,BID
2018-12-17 09:44:24,HD,170.42,2,ASK
2018-12-17 09:44:24,HD,170.19,6,BID
2018-12-17 09:44:24,HD,170.42,2,ASK
2018-12-17 09:44:24,HD,170.19,6,BID
2018-12-17 09:44:25,HD,170.42,3,ASK
2018-12-17 09:44:24,HD,170.19,6,BID
2018-12-17 09:44:25,HD,170.42,3,ASK
2018-12-17 09:44:24,HD,170.19,6,BID
2018-12-17 09:44:27,HD,170.42,4,ASK
2018-12-17 09:44:28,HD,170.19,6,BID
2018-12-17 09:44:28,HD,170.4,3,ASK
2018-12-17 09:44:30,HD,170.19,7,BID
2018-12-17 09:44:30,HD,170.4,3,ASK
2018-12-17 09:44:30,HD,170.2,4,BID
2018-12-17 09:44:30,HD,170.41,4,ASK
2018-12-17 09:44:30,HD,170.2,4,BID
2018-12-17 09:44:30,HD,170.41,4,ASK
2018-12-17 09:44:33,HD,170.2,4,BID
2018-12-17 09:44:32,HD,170.41,4,ASK
2018-12-17 09:44:34,HD,170.2,5,BID
2018-12-17 09:44:33,HD,170.41,4,ASK
2018-12-17 09:44:34,HD,170.2,5,BID
2018-12-17 09:44:34,HD,170.41,5,ASK
2018-12-17 09:44:35,HD,170.21,3,BID
2018-12-17 09:44:35,HD,170.41,5,ASK
2018-12-17 09:44:35,HD,170.21,3,BID
2018-12-17 09:44:35,HD,170.41,5,ASK
2018-12-17 09:44:35,HD,170.21,3,BID
2018-12-17 09:44:35,HD,170.41,5,ASK
2018-12-17 09:44:35,HD,170.21,3,BID
2018-12-17 09:44:35,HD,170.41,5,ASK
2018-12-17 09:44:39,HD,170.21,3,BID
2018-12-17 09:44:39,HD,170.41,7,ASK
2018-12-17 09:44:39,HD,170.21,3,BID
2018-12-17 09:44:39,HD,170.41,7,ASK
2018-12-17 09:44:41,HD,170.21,3,BID
2018-12-17 09:44:41,HD,170.38,24,ASK
2018-12-17 09:44:42,HD,170.21,3,BID
2018-12-17 09:44:42,HD,170.38,24,ASK
2018-12-17 09:44:43,HD,170.21,3,BID
2018-12-17 09:44:43,HD,170.38,24,ASK
2018-12-17 09:44:43,HD,170.21,3,BID
2018-12-17 09:44:43,HD,170.38,24,ASK
2018-12-17 09:44:46,HD,170.21,3,BID
2018-12-17 09:44:46,HD,170.38,24,ASK
2018-12-17 09:44:46,HD,170.21,3,BID
2018-12-17 09:44:46,HD,170.38,24,ASK
2018-12-17 09:44:47,HD,170.21,3,BID
2018-12-17 09:44:47,HD,170.38,24,ASK
2018-12-17 09:44:47,HD,170.21,3,BID
2018-12-17 09:44:47,HD,170.38,24,ASK
2018-12-17 09:44:47,HD,170.21,3,BID
2018-12-17 09:44:47,HD,170.38,24,ASK
2018-12-17 09:44:47,HD,170.21,3,BID
2018-12-17 09:44:47,HD,170.38,24,ASK
2018-12-17 09:44:47,HD,170.21,3,BID
2018-12-17 09:44:47,HD,170.38,24,ASK
2018-12-17 09:44:47,HD,170.21,3,BID
2018-12-17 09:44:47,HD,170.38,24,ASK
2018-12-17 09:44:47,HD,170.21,3,BID
2018-12-17 09:44:47,HD,170.38,24,ASK
2018-12-17 09:44:47,HD,170.21,3,BID
2018-12-17 09:44:47,HD,170.38,24,ASK
2018-12-17 09:44:56,HD,170.21,3,BID
2018-12-17 09:44:56,HD,170.38,24,ASK
2018-12-17 09:44:57,HD,170.21,3,BID
2018-12-17 09:44:57,HD,170.34,25,ASK
2018-12-17 09:44:57,HD,170.21,3,BID
2018-12-17 09:44:57,HD,170.34,25,ASK
2018-12-17 09:44:57,HD,170.21,3,BID
2018-12-17 09:44:57,HD,170.34,25,ASK
2018-12-17 09:45:00,HD,170.04,7,BID
2018-12-17 09:45:00,HD,170.22,2,ASK
2018-12-17 09:45:00,HD,170.04,6,BID
2018-12-17 09:45:00,HD,170.22,2,ASK
2018-12-17 09:45:01,HD,170.04,6,BID
2018-12-17 09:45:01,HD,170.22,2,ASK
2018-12-17 09:45:02,HD,170.04,6,BID
2018-12-17 09:45:02,HD,170.22,2,ASK
2018-12-17 09:45:02,HD,170.04,6,BID
2018-12-17 09:45:02,HD,170.22,6,ASK
2018-12-17 09:45:03,HD,170.05,3,BID
2018-12-17 09:45:03,HD,170.22,6,ASK
2018-12-17 09:45:05,HD,170.05,4,BID
2018-12-17 09:45:05,HD,170.22,6,ASK
2018-12-17 09:45:05,HD,170.05,4,BID
2018-12-17 09:45:05,HD,170.22,6,ASK
2018-12-17 09:45:08,HD,170.05,4,BID
2018-12-17 09:45:08,HD,170.22,6,ASK
2018-12-17 09:45:08,HD,170.05,4,BID
2018-12-17 09:45:08,HD,170.21,1,ASK
2018-12-17 09:45:08,HD,170.05,4,BID
2018-12-17 09:45:09,HD,170.21,4,ASK
2018-12-17 09:45:08,HD,170.05,4,BID
2018-12-17 09:45:10,HD,170.2,4,ASK
2018-12-17 09:45:11,HD,169.9,2,BID
2018-12-17 09:45:11,HD,170.07,1,ASK
2018-12-17 09:45:12,HD,169.91,3,BID
2018-12-17 09:45:12,HD,170.07,1,ASK
2018-12-17 09:45:14,HD,169.9,3,BID
2018-12-17 09:45:14,HD,170.07,2,ASK
2018-12-17 09:45:14,HD,169.9,3,BID
2018-12-17 09:45:14,HD,170.07,5,ASK
2018-12-17 09:45:16,HD,169.9,3,BID
2018-12-17 09:45:16,HD,170.07,4,ASK
2018-12-17 09:45:16,HD,169.85,5,BID
2018-12-17 09:45:16,HD,170.05,2,ASK
2018-12-17 09:45:17,HD,169.8,1,BID
2018-12-17 09:45:17,HD,169.99,2,ASK
2018-12-17 09:45:19,HD,169.84,2,BID
2018-12-17 09:45:19,HD,170.0,7,ASK
2018-12-17 09:45:19,HD,169.79,1,BID
2018-12-17 09:45:19,HD,169.98,5,ASK
2018-12-17 09:45:20,HD,169.79,3,BID
2018-12-17 09:45:19,HD,169.98,6,ASK
2018-12-17 09:45:20,HD,169.77,5,BID
2018-12-17 09:45:21,HD,169.98,9,ASK
2018-12-17 09:45:20,HD,169.77,5,BID
2018-12-17 09:45:21,HD,169.98,9,ASK
2018-12-17 09:45:20,HD,169.77,5,BID
2018-12-17 09:45:21,HD,169.98,9,ASK
2018-12-17 09:45:20,HD,169.77,5,BID
2018-12-17 09:45:21,HD,169.98,9,ASK
2018-12-17 09:45:24,HD,169.78,1,BID
2018-12-17 09:45:24,HD,169.98,9,ASK
2018-12-17 09:45:25,HD,169.9,3,BID
2018-12-17 09:45:25,HD,170.06,3,ASK
2018-12-17 09:45:26,HD,169.9,3,BID
2018-12-17 09:45:26,HD,170.06,5,ASK
2018-12-17 09:45:28,HD,169.9,3,BID
2018-12-17 09:45:28,HD,170.06,9,ASK
2018-12-17 09:45:30,HD,169.9,3,BID
2018-12-17 09:45:30,HD,170.06,9,ASK
2018-12-17 09:45:30,HD,169.9,3,BID
2018-12-17 09:45:30,HD,170.06,9,ASK
2018-12-17 09:45:32,HD,169.9,3,BID
2018-12-17 09:45:32,HD,170.06,9,ASK
2018-12-17 09:45:32,HD,169.93,3,BID
2018-12-17 09:45:32,HD,170.06,9,ASK
2018-12-17 09:45:32,HD,169.93,3,BID
2018-12-17 09:45:32,HD,170.06,9,ASK
2018-12-17 09:45:34,HD,170.0,3,BID
2018-12-17 09:45:34,HD,170.13,1,ASK
2018-12-17 09:45:35,HD,169.98,1,BID
2018-12-17 09:45:35,HD,170.18,3,ASK
2018-12-17 09:45:36,HD,169.91,1,BID
2018-12-17 09:45:36,HD,170.08,2,ASK
2018-12-17 09:45:36,HD,169.88,6,BID
2018-12-17 09:45:36,HD,170.08,3,ASK
2018-12-17 09:45:36,HD,169.88,6,BID
2018-12-17 09:45:36,HD,170.08,3,ASK
2018-12-17 09:45:40,HD,169.9,3,BID
2018-12-17 09:45:40,HD,170.08,5,ASK
2018-12-17 09:45:41,HD,169.96,4,BID
2018-12-17 09:45:40,HD,170.11,5,ASK
2018-12-17 09:45:42,HD,169.99,4,BID
2018-12-17 09:45:40,HD,170.11,5,ASK
2018-12-17 09:45:43,HD,170.01,4,BID
2018-12-17 09:45:43,HD,170.11,5,ASK
2018-12-17 09:45:44,HD,169.94,6,BID
2018-12-17 09:45:44,HD,170.09,2,ASK
2018-12-17 09:45:44,HD,169.97,3,BID
2018-12-17 09:45:44,HD,170.09,2,ASK
2018-12-17 09:45:45,HD,169.96,3,BID
2018-12-17 09:45:45,HD,170.09,2,ASK
2018-12-17 09:45:45,HD,169.96,3,BID
2018-12-17 09:45:45,HD,170.09,2,ASK
2018-12-17 09:45:45,HD,169.96,3,BID
2018-12-17 09:45:45,HD,170.09,2,ASK
2018-12-17 09:45:45,HD,169.96,3,BID
2018-12-17 09:45:45,HD,170.09,2,ASK
2018-12-17 09:45:49,HD,169.96,3,BID
2018-12-17 09:45:49,HD,170.08,4,ASK
2018-12-17 09:45:51,HD,169.96,4,BID
2018-12-17 09:45:51,HD,170.08,4,ASK
2018-12-17 09:45:51,HD,169.96,4,BID
2018-12-17 09:45:51,HD,170.08,4,ASK
2018-12-17 09:45:51,HD,169.96,4,BID
2018-12-17 09:45:51,HD,170.08,4,ASK
2018-12-17 09:45:53,HD,169.96,4,BID
2018-12-17 09:45:51,HD,170.08,4,ASK
2018-12-17 09:45:55,HD,169.93,1,BID
2018-12-17 09:45:55,HD,170.07,3,ASK
2018-12-17 09:45:56,HD,169.93,3,BID
2018-12-17 09:45:56,HD,170.06,2,ASK
2018-12-17 09:45:56,HD,169.94,3,BID
2018-12-17 09:45:56,HD,170.06,3,ASK
2018-12-17 09:45:56,HD,169.94,3,BID
2018-12-17 09:45:56,HD,170.06,3,ASK
2018-12-17 09:45:56,HD,169.94,4,BID
2018-12-17 09:45:58,HD,170.05,3,ASK
2018-12-17 09:45:56,HD,169.94,4,BID
2018-12-17 09:46:00,HD,170.05,3,ASK
2018-12-17 09:45:56,HD,169.94,4,BID
2018-12-17 09:46:00,HD,170.05,3,ASK
2018-12-17 09:45:56,HD,169.94,4,BID
2018-12-17 09:46:02,HD,170.05,4,ASK
2018-12-17 09:45:56,HD,169.94,4,BID
2018-12-17 09:46:02,HD,170.05,4,ASK
2018-12-17 09:45:56,HD,169.94,5,BID
2018-12-17 09:46:04,HD,170.05,4,ASK
2018-12-17 09:46:05,HD,169.95,3,BID
2018-12-17 09:46:05,HD,170.05,3,ASK
2018-12-17 09:46:05,HD,169.95,3,BID
2018-12-17 09:46:05,HD,170.05,3,ASK
2018-12-17 09:46:07,HD,170.01,3,BID
2018-12-17 09:46:07,HD,170.11,6,ASK
2018-12-17 09:46:08,HD,170.03,3,BID
2018-12-17 09:46:07,HD,170.2,4,ASK
2018-12-17 09:46:09,HD,170.06,4,BID
2018-12-17 09:46:09,HD,170.2,3,ASK
2018-12-17 09:46:10,HD,170.09,4,BID
2018-12-17 09:46:09,HD,170.2,3,ASK
2018-12-17 09:46:10,HD,170.1,4,BID
2018-12-17 09:46:10,HD,170.2,3,ASK
2018-12-17 09:46:12,HD,170.11,4,BID
2018-12-17 09:46:12,HD,170.2,3,ASK
2018-12-17 09:46:13,HD,170.03,2,BID
2018-12-17 09:46:13,HD,170.2,4,ASK
2018-12-17 09:46:14,HD,170.03,5,BID
2018-12-17 09:46:14,HD,170.2,4,ASK
2018-12-17 09:46:14,HD,170.03,5,BID
2018-12-17 09:46:14,HD,170.2,4,ASK
2018-12-17 09:46:14,HD,170.03,5,BID
2018-12-17 09:46:14,HD,170.2,4,ASK
2018-12-17 09:46:16,HD,170.04,4,BID
2018-12-17 09:46:14,HD,170.2,4,ASK
2018-12-17 09:46:18,HD,170.04,6,BID
2018-12-17 09:46:14,HD,170.2,5,ASK
2018-12-17 09:46:18,HD,170.04,6,BID
2018-12-17 09:46:14,HD,170.2,5,ASK
2018-12-17 09:46:20,HD,170.04,6,BID
2018-12-17 09:46:14,HD,170.2,5,ASK
2018-12-17 09:46:20,HD,170.04,6,BID
2018-12-17 09:46:14,HD,170.2,5,ASK
2018-12-17 09:46:22,HD,170.04,6,BID
2018-12-17 09:46:14,HD,170.2,5,ASK
2018-12-17 09:46:22,HD,170.04,6,BID
2018-12-17 09:46:14,HD,170.2,5,ASK
2018-12-17 09:46:23,HD,170.04,6,BID
2018-12-17 09:46:14,HD,170.2,5,ASK
2018-12-17 09:46:23,HD,170.04,6,BID
2018-12-17 09:46:14,HD,170.2,5,ASK
2018-12-17 09:46:23,HD,170.04,6,BID
2018-12-17 09:46:14,HD,170.2,5,ASK
2018-12-17 09:46:23,HD,170.04,6,BID
2018-12-17 09:46:14,HD,170.2,5,ASK
2018-12-17 09:46:23,HD,170.04,6,BID
2018-12-17 09:46:14,HD,170.2,5,ASK
2018-12-17 09:46:29,HD,170.04,5,BID
2018-12-17 09:46:29,HD,170.2,6,ASK
2018-12-17 09:46:30,HD,170.04,5,BID
2018-12-17 09:46:29,HD,170.2,6,ASK
2018-12-17 09:46:30,HD,170.04,5,BID
2018-12-17 09:46:29,HD,170.2,6,ASK
2018-12-17 09:46:31,HD,170.21,1,BID
2018-12-17 09:45:35,HD,170.22,9,ASK
2018-12-17 09:46:32,HD,170.13,3,BID
2018-12-17 09:46:32,HD,170.3,2,ASK
2018-12-17 09:46:32,HD,170.13,5,BID
2018-12-17 09:46:32,HD,170.3,2,ASK
2018-12-17 09:46:33,HD,170.13,5,BID
2018-12-17 09:46:33,HD,170.3,3,ASK
2018-12-17 09:46:35,HD,170.13,5,BID
2018-12-17 09:46:35,HD,170.3,4,ASK
2018-12-17 09:46:35,HD,170.14,4,BID
2018-12-17 09:46:35,HD,170.3,4,ASK
2018-12-17 09:46:38,HD,170.14,4,BID
2018-12-17 09:46:38,HD,170.33,1,ASK
2018-12-17 09:46:39,HD,170.14,4,BID
2018-12-17 09:46:39,HD,170.33,3,ASK
2018-12-17 09:46:40,HD,170.15,5,BID
2018-12-17 09:46:40,HD,170.33,3,ASK
2018-12-17 09:46:40,HD,170.15,5,BID
2018-12-17 09:46:40,HD,170.33,3,ASK
2018-12-17 09:46:40,HD,170.15,5,BID
2018-12-17 09:46:40,HD,170.33,3,ASK
2018-12-17 09:46:42,HD,170.15,6,BID
2018-12-17 09:46:42,HD,170.33,3,ASK
2018-12-17 09:46:42,HD,170.15,6,BID
2018-12-17 09:46:42,HD,170.33,3,ASK
2018-12-17 09:46:42,HD,170.15,6,BID
2018-12-17 09:46:42,HD,170.33,3,ASK
2018-12-17 09:46:46,HD,170.18,3,BID
2018-12-17 09:46:46,HD,170.33,3,ASK
2018-12-17 09:46:47,HD,170.18,8,BID
2018-12-17 09:46:46,HD,170.33,3,ASK
2018-12-17 09:46:47,HD,170.18,8,BID
2018-12-17 09:46:48,HD,170.33,4,ASK
2018-12-17 09:46:47,HD,170.18,8,BID
2018-12-17 09:46:48,HD,170.33,4,ASK
2018-12-17 09:46:47,HD,170.18,8,BID
2018-12-17 09:46:48,HD,170.33,4,ASK
2018-12-17 09:46:47,HD,170.18,8,BID
2018-12-17 09:46:48,HD,170.33,5,ASK
2018-12-17 09:46:47,HD,170.18,8,BID
2018-12-17 09:46:48,HD,170.33,5,ASK
2018-12-17 09:46:47,HD,170.18,8,BID
2018-12-17 09:46:53,HD,170.33,5,ASK
2018-12-17 09:46:47,HD,170.18,9,BID
2018-12-17 09:46:54,HD,170.33,5,ASK
2018-12-17 09:46:47,HD,170.18,9,BID
2018-12-17 09:46:54,HD,170.33,5,ASK
2018-12-17 09:46:47,HD,170.18,9,BID
2018-12-17 09:46:54,HD,170.33,5,ASK
2018-12-17 09:46:47,HD,170.18,9,BID
2018-12-17 09:46:57,HD,170.33,5,ASK
2018-12-17 09:46:47,HD,170.18,9,BID
2018-12-17 09:46:58,HD,170.33,5,ASK
2018-12-17 09:46:47,HD,170.18,9,BID
2018-12-17 09:46:58,HD,170.33,5,ASK
2018-12-17 09:46:47,HD,170.18,9,BID
2018-12-17 09:47:00,HD,170.33,5,ASK
2018-12-17 09:46:47,HD,170.18,9,BID
2018-12-17 09:47:00,HD,170.33,5,ASK
2018-12-17 09:46:47,HD,170.18,9,BID
2018-12-17 09:47:00,HD,170.33,5,ASK
2018-12-17 09:47:03,HD,170.27,4,BID
2018-12-17 09:47:03,HD,170.4,2,ASK
2018-12-17 09:47:03,HD,170.28,4,BID
2018-12-17 09:47:03,HD,170.4,2,ASK
2018-12-17 09:47:05,HD,170.29,5,BID
2018-12-17 09:47:05,HD,170.4,2,ASK
2018-12-17 09:47:06,HD,170.3,4,BID
2018-12-17 09:47:06,HD,170.48,1,ASK
2018-12-17 09:47:07,HD,170.3,5,BID
2018-12-17 09:47:07,HD,170.5,3,ASK
2018-12-17 09:47:07,HD,170.3,5,BID
2018-12-17 09:47:07,HD,170.5,3,ASK
2018-12-17 09:47:09,HD,170.3,5,BID
2018-12-17 09:47:09,HD,170.5,3,ASK
2018-12-17 09:47:09,HD,170.3,5,BID
2018-12-17 09:47:09,HD,170.5,3,ASK
2018-12-17 09:47:11,HD,170.31,4,BID
2018-12-17 09:47:11,HD,170.5,3,ASK
2018-12-17 09:47:11,HD,170.31,4,BID
2018-12-17 09:47:11,HD,170.5,3,ASK
2018-12-17 09:47:11,HD,170.31,4,BID
2018-12-17 09:47:07,HD,170.5,3,ASK
2018-12-17 09:47:11,HD,170.31,4,BID
2018-12-17 09:47:07,HD,170.5,3,ASK
2018-12-17 09:47:11,HD,170.31,4,BID
2018-12-17 09:47:07,HD,170.5,3,ASK
2018-12-17 09:47:16,HD,170.36,4,BID
2018-12-17 09:47:16,HD,170.5,4,ASK
2018-12-17 09:47:16,HD,170.36,4,BID
2018-12-17 09:47:16,HD,170.5,4,ASK
2018-12-17 09:47:18,HD,170.34,2,BID
2018-12-17 09:47:18,HD,170.37,1,ASK
2018-12-17 09:47:19,HD,170.31,5,BID
2018-12-17 09:47:19,HD,170.45,2,ASK
2018-12-17 09:47:19,HD,170.31,5,BID
2018-12-17 09:47:19,HD,170.45,2,ASK
2018-12-17 09:47:21,HD,170.32,4,BID
2018-12-17 09:47:21,HD,170.45,3,ASK
2018-12-17 09:47:22,HD,170.32,5,BID
2018-12-17 09:47:22,HD,170.45,3,ASK
2018-12-17 09:47:23,HD,170.32,5,BID
2018-12-17 09:47:23,HD,170.45,4,ASK
2018-12-17 09:47:23,HD,170.32,5,BID
2018-12-17 09:47:23,HD,170.45,4,ASK
2018-12-17 09:47:23,HD,170.32,5,BID
2018-12-17 09:47:23,HD,170.45,4,ASK
2018-12-17 09:47:23,HD,170.32,5,BID
2018-12-17 09:47:23,HD,170.45,4,ASK
2018-12-17 09:47:27,HD,170.21,3,BID
2018-12-17 09:47:27,HD,170.32,1,ASK
2018-12-17 09:47:28,HD,170.07,2,BID
2018-12-17 09:47:28,HD,170.28,2,ASK
2018-12-17 09:47:29,HD,170.07,5,BID
2018-12-17 09:47:29,HD,170.28,2,ASK
2018-12-17 09:47:30,HD,170.08,4,BID
2018-12-17 09:47:30,HD,170.28,2,ASK
2018-12-17 09:47:28,HD,170.05,4,BID
2018-12-17 09:47:31,HD,170.21,1,ASK
2018-12-17 09:47:28,HD,170.05,4,BID
2018-12-17 09:47:32,HD,170.21,1,ASK
2018-12-17 09:47:28,HD,170.05,5,BID
2018-12-17 09:47:33,HD,170.21,1,ASK
2018-12-17 09:47:28,HD,170.05,5,BID
2018-12-17 09:47:34,HD,170.21,3,ASK
2018-12-17 09:47:35,HD,170.05,8,BID
2018-12-17 09:47:35,HD,170.21,4,ASK
2018-12-17 09:47:36,HD,170.05,9,BID
2018-12-17 09:47:36,HD,170.21,4,ASK
2018-12-17 09:47:36,HD,170.05,9,BID
2018-12-17 09:47:37,HD,170.21,4,ASK
2018-12-17 09:47:36,HD,170.05,9,BID
2018-12-17 09:47:38,HD,170.21,5,ASK
2018-12-17 09:47:36,HD,170.05,9,BID
2018-12-17 09:47:39,HD,170.21,5,ASK
2018-12-17 09:47:36,HD,170.05,9,BID
2018-12-17 09:47:40,HD,170.21,6,ASK
2018-12-17 09:47:36,HD,170.05,9,BID
2018-12-17 09:47:40,HD,170.21,6,ASK
2018-12-17 09:47:36,HD,170.05,9,BID
2018-12-17 09:47:40,HD,170.21,6,ASK
2018-12-17 09:47:36,HD,170.05,9,BID
2018-12-17 09:47:40,HD,170.21,6,ASK
2018-12-17 09:47:44,HD,170.11,1,BID
2018-12-17 09:47:44,HD,170.21,7,ASK
2018-12-17 09:47:45,HD,170.11,4,BID
2018-12-17 09:47:45,HD,170.21,7,ASK
2018-12-17 09:47:45,HD,170.11,4,BID
2018-12-17 09:47:45,HD,170.21,7,ASK
2018-12-17 09:47:45,HD,170.11,4,BID
2018-12-17 09:47:45,HD,170.21,7,ASK
2018-12-17 09:47:48,HD,170.11,4,BID
2018-12-17 09:47:48,HD,170.21,7,ASK
2018-12-17 09:47:48,HD,170.11,4,BID
2018-12-17 09:47:48,HD,170.21,7,ASK
2018-12-17 09:47:48,HD,170.11,4,BID
2018-12-17 09:47:48,HD,170.21,7,ASK
2018-12-17 09:47:36,HD,170.05,9,BID
2018-12-17 09:47:51,HD,170.14,1,ASK
2018-12-17 09:47:36,HD,170.05,9,BID
2018-12-17 09:47:52,HD,170.14,2,ASK
2018-12-17 09:47:36,HD,170.05,9,BID
2018-12-17 09:47:52,HD,170.14,2,ASK
2018-12-17 09:47:54,HD,170.08,6,BID
2018-12-17 09:47:54,HD,170.2,1,ASK
2018-12-17 09:47:55,HD,170.08,6,BID
2018-12-17 09:47:55,HD,170.2,2,ASK
2018-12-17 09:47:57,HD,170.08,5,BID
2018-12-17 09:47:57,HD,170.2,2,ASK
2018-12-17 09:47:57,HD,170.08,5,BID
2018-12-17 09:47:57,HD,170.2,2,ASK
2018-12-17 09:47:57,HD,170.08,5,BID
2018-12-17 09:47:57,HD,170.2,2,ASK
2018-12-17 09:47:57,HD,170.08,5,BID
2018-12-17 09:47:57,HD,170.2,2,ASK
2018-12-17 09:48:00,HD,170.08,5,BID
2018-12-17 09:48:00,HD,170.2,2,ASK
2018-12-17 09:48:01,HD,170.09,5,BID
2018-12-17 09:48:01,HD,170.2,3,ASK
2018-12-17 09:48:02,HD,170.1,6,BID
2018-12-17 09:48:02,HD,170.2,4,ASK
2018-12-17 09:48:03,HD,170.1,6,BID
2018-12-17 09:48:02,HD,170.2,4,ASK
2018-12-17 09:48:05,HD,170.22,4,BID
2018-12-17 09:48:05,HD,170.29,1,ASK
2018-12-17 09:48:05,HD,170.23,4,BID
2018-12-17 09:48:05,HD,170.29,1,ASK
2018-12-17 09:48:07,HD,170.1,8,BID
2018-12-17 09:48:07,HD,170.29,2,ASK
2018-12-17 09:48:07,HD,170.1,5,BID
2018-12-17 09:48:07,HD,170.29,2,ASK
2018-12-17 09:48:07,HD,170.1,5,BID
2018-12-17 09:48:08,HD,170.29,2,ASK
2018-12-17 09:48:09,HD,170.11,4,BID
2018-12-17 09:48:09,HD,170.29,2,ASK
2018-12-17 09:48:11,HD,170.11,4,BID
2018-12-17 09:48:11,HD,170.29,3,ASK
2018-12-17 09:48:11,HD,170.11,4,BID
2018-12-17 09:48:11,HD,170.29,3,ASK
2018-12-17 09:48:11,HD,170.11,4,BID
2018-12-17 09:48:11,HD,170.29,3,ASK
2018-12-17 09:48:14,HD,170.12,4,BID
2018-12-17 09:48:14,HD,170.29,5,ASK
2018-12-17 09:48:14,HD,170.12,4,BID
2018-12-17 09:48:14,HD,170.29,5,ASK
2018-12-17 09:48:14,HD,170.12,4,BID
2018-12-17 09:48:14,HD,170.29,5,ASK
2018-12-17 09:48:17,HD,170.12,4,BID
2018-12-17 09:48:17,HD,170.29,5,ASK
2018-12-17 09:48:17,HD,170.12,4,BID
2018-12-17 09:48:17,HD,170.29,5,ASK
2018-12-17 09:48:18,HD,170.12,4,BID
2018-12-17 09:48:18,HD,170.29,5,ASK
2018-12-17 09:48:18,HD,170.12,4,BID
2018-12-17 09:48:18,HD,170.29,5,ASK
2018-12-17 09:48:20,HD,170.13,4,BID
2018-12-17 09:48:18,HD,170.29,6,ASK
2018-12-17 09:48:22,HD,170.13,4,BID
2018-12-17 09:48:22,HD,170.29,7,ASK
2018-12-17 09:48:22,HD,170.13,4,BID
2018-12-17 09:48:22,HD,170.29,7,ASK
2018-12-17 09:48:23,HD,170.13,4,BID
2018-12-17 09:48:23,HD,170.29,7,ASK
2018-12-17 09:48:24,HD,170.13,4,BID
2018-12-17 09:48:24,HD,170.29,8,ASK
2018-12-17 09:48:25,HD,170.14,4,BID
2018-12-17 09:48:25,HD,170.29,9,ASK
2018-12-17 09:48:27,HD,170.14,4,BID
2018-12-17 09:48:27,HD,170.21,4,ASK
2018-12-17 09:48:26,HD,170.12,5,BID
2018-12-17 09:48:27,HD,170.21,4,ASK
2018-12-17 09:48:26,HD,170.12,5,BID
2018-12-17 09:48:27,HD,170.21,4,ASK
2018-12-17 09:48:26,HD,170.12,5,BID
2018-12-17 09:48:30,HD,170.21,4,ASK
2018-12-17 09:48:26,HD,170.12,5,BID
2018-12-17 09:48:30,HD,170.21,4,ASK
2018-12-17 09:48:26,HD,170.12,5,BID
2018-12-17 09:48:30,HD,170.21,4,ASK
2018-12-17 09:48:26,HD,170.12,5,BID
2018-12-17 09:48:30,HD,170.21,4,ASK
2018-12-17 09:48:33,HD,170.01,1,BID
2018-12-17 09:48:33,HD,170.2,4,ASK
2018-12-17 09:48:34,HD,170.01,4,BID
2018-12-17 09:48:34,HD,170.2,4,ASK
2018-12-17 09:48:36,HD,170.01,4,BID
2018-12-17 09:48:36,HD,170.2,4,ASK
2018-12-17 09:48:36,HD,170.01,4,BID
2018-12-17 09:48:36,HD,170.12,5,ASK
2018-12-17 09:48:38,HD,170.04,5,BID
2018-12-17 09:48:38,HD,170.12,5,ASK
2018-12-17 09:48:38,HD,170.04,4,BID
2018-12-17 09:48:38,HD,170.14,1,ASK
2018-12-17 09:48:38,HD,170.04,4,BID
2018-12-17 09:48:38,HD,170.14,1,ASK
2018-12-17 09:48:38,HD,170.04,4,BID
2018-12-17 09:48:38,HD,170.14,1,ASK
2018-12-17 09:48:38,HD,170.04,4,BID
2018-12-17 09:48:38,HD,170.14,1,ASK
2018-12-17 09:48:38,HD,170.04,4,BID
2018-12-17 09:48:38,HD,170.14,1,ASK
2018-12-17 09:48:38,HD,170.04,4,BID
2018-12-17 09:48:38,HD,170.14,1,ASK
2018-12-17 09:48:38,HD,170.04,4,BID
2018-12-17 09:48:38,HD,170.14,1,ASK
2018-12-17 09:48:38,HD,170.04,4,BID
2018-12-17 09:48:38,HD,170.14,1,ASK
2018-12-17 09:48:38,HD,170.04,4,BID
2018-12-17 09:48:38,HD,170.14,1,ASK
2018-12-17 09:48:38,HD,170.04,4,BID
2018-12-17 09:48:38,HD,170.14,1,ASK
2018-12-17 09:48:38,HD,170.04,4,BID
2018-12-17 09:48:38,HD,170.14,1,ASK
2018-12-17 09:48:38,HD,170.04,4,BID
2018-12-17 09:48:38,HD,170.14,1,ASK
2018-12-17 09:48:38,HD,170.04,4,BID
2018-12-17 09:48:38,HD,170.14,1,ASK
2018-12-17 09:48:52,HD,170.05,4,BID
2018-12-17 09:48:52,HD,170.14,1,ASK
2018-12-17 09:48:52,HD,170.04,4,BID
2018-12-17 09:48:52,HD,170.14,2,ASK
2018-12-17 09:48:52,HD,170.04,4,BID
2018-12-17 09:48:52,HD,170.14,2,ASK
2018-12-17 09:48:52,HD,170.04,4,BID
2018-12-17 09:48:52,HD,170.14,2,ASK
2018-12-17 09:48:52,HD,170.04,4,BID
2018-12-17 09:48:52,HD,170.14,2,ASK
2018-12-17 09:48:52,HD,170.04,4,BID
2018-12-17 09:48:52,HD,170.14,2,ASK
2018-12-17 09:48:52,HD,170.04,4,BID
2018-12-17 09:48:52,HD,170.14,2,ASK
2018-12-17 09:48:52,HD,170.04,4,BID
2018-12-17 09:48:52,HD,170.14,2,ASK
2018-12-17 09:49:00,HD,170.04,4,BID
2018-12-17 09:49:00,HD,170.14,2,ASK
2018-12-17 09:49:00,HD,170.04,4,BID
2018-12-17 09:49:00,HD,170.14,2,ASK
2018-12-17 09:49:01,HD,170.09,4,BID
2018-12-17 09:49:01,HD,170.19,1,ASK
2018-12-17 09:49:02,HD,170.09,4,BID
2018-12-17 09:49:02,HD,170.19,2,ASK
2018-12-17 09:49:03,HD,170.09,4,BID
2018-12-17 09:49:03,HD,170.19,2,ASK
2018-12-17 09:49:03,HD,170.2,2,BID
2018-12-17 09:49:03,HD,170.26,1,ASK
2018-12-17 09:49:04,HD,170.15,1,BID
2018-12-17 09:49:04,HD,170.26,1,ASK
2018-12-17 09:49:05,HD,170.15,4,BID
2018-12-17 09:49:05,HD,170.26,1,ASK
2018-12-17 09:49:05,HD,170.15,4,BID
2018-12-17 09:49:05,HD,170.26,1,ASK
2018-12-17 09:49:06,HD,170.15,4,BID
2018-12-17 09:49:06,HD,170.26,2,ASK
2018-12-17 09:49:06,HD,170.15,4,BID
2018-12-17 09:49:06,HD,170.26,2,ASK
2018-12-17 09:49:09,HD,170.11,4,BID
2018-12-17 09:49:09,HD,170.25,1,ASK
2018-12-17 09:49:09,HD,170.1,4,BID
2018-12-17 09:49:09,HD,170.21,1,ASK
2018-12-17 09:49:10,HD,170.12,4,BID
2018-12-17 09:49:10,HD,170.21,1,ASK
2018-12-17 09:49:12,HD,170.12,4,BID
2018-12-17 09:49:12,HD,170.19,1,ASK
2018-12-17 09:49:13,HD,170.15,4,BID
2018-12-17 09:49:13,HD,170.19,1,ASK
2018-12-17 09:49:14,HD,170.08,4,BID
2018-12-17 09:49:14,HD,170.18,2,ASK
2018-12-17 09:49:16,HD,170.1,4,BID
2018-12-17 09:49:16,HD,170.18,2,ASK
2018-12-17 09:49:16,HD,170.1,4,BID
2018-12-17 09:49:16,HD,170.18,2,ASK
2018-12-17 09:49:18,HD,170.17,1,BID
2018-12-17 09:49:18,HD,170.29,10,ASK
2018-12-17 09:49:19,HD,170.19,1,BID
2018-12-17 09:49:19,HD,170.29,10,ASK
2018-12-17 09:49:20,HD,170.2,1,BID
2018-12-17 09:49:20,HD,170.29,10,ASK
2018-12-17 09:49:20,HD,170.05,10,BID
2018-12-17 09:49:20,HD,170.25,4,ASK
2018-12-17 09:49:21,HD,170.05,9,BID
2018-12-17 09:49:21,HD,170.19,1,ASK
2018-12-17 09:49:21,HD,170.07,4,BID
2018-12-17 09:49:21,HD,170.24,4,ASK
2018-12-17 09:49:22,HD,170.07,4,BID
2018-12-17 09:49:22,HD,170.24,4,ASK
2018-12-17 09:49:22,HD,170.07,4,BID
2018-12-17 09:49:22,HD,170.24,4,ASK
2018-12-17 09:49:23,HD,170.11,4,BID
2018-12-17 09:49:23,HD,170.24,4,ASK
2018-12-17 09:49:24,HD,170.11,4,BID
2018-12-17 09:49:24,HD,170.24,4,ASK
2018-12-17 09:49:24,HD,170.11,4,BID
2018-12-17 09:49:24,HD,170.24,4,ASK
2018-12-17 09:49:26,HD,170.14,4,BID
2018-12-17 09:49:26,HD,170.24,3,ASK
2018-12-17 09:49:27,HD,170.13,4,BID
2018-12-17 09:49:27,HD,170.24,4,ASK
2018-12-17 09:49:27,HD,170.13,4,BID
2018-12-17 09:49:27,HD,170.24,4,ASK
2018-12-17 09:49:27,HD,169.99,5,BID
2018-12-17 09:49:27,HD,170.16,3,ASK
2018-12-17 09:49:28,HD,170.0,3,BID
2018-12-17 09:49:28,HD,170.18,1,ASK
2018-12-17 09:49:28,HD,170.0,7,BID
2018-12-17 09:49:28,HD,170.18,3,ASK
2018-12-17 09:49:28,HD,170.0,7,BID
2018-12-17 09:49:28,HD,170.18,4,ASK
2018-12-17 09:49:29,HD,170.0,8,BID
2018-12-17 09:49:29,HD,170.01,1,ASK
2018-12-17 09:49:30,HD,169.9,16,BID
2018-12-17 09:49:30,HD,170.03,1,ASK
2018-12-17 09:49:31,HD,169.9,16,BID
2018-12-17 09:49:31,HD,170.03,2,ASK
2018-12-17 09:49:33,HD,169.92,4,BID
2018-12-17 09:49:33,HD,170.03,2,ASK
2018-12-17 09:49:34,HD,169.9,16,BID
2018-12-17 09:49:34,HD,170.03,3,ASK
2018-12-17 09:49:34,HD,169.91,4,BID
2018-12-17 09:49:34,HD,170.03,5,ASK
2018-12-17 09:49:35,HD,169.93,4,BID
2018-12-17 09:49:34,HD,170.03,4,ASK
2018-12-17 09:49:37,HD,169.95,2,BID
2018-12-17 09:49:37,HD,170.08,1,ASK
2018-12-17 09:49:38,HD,169.97,4,BID
2018-12-17 09:49:38,HD,170.08,1,ASK
2018-12-17 09:49:39,HD,169.97,5,BID
2018-12-17 09:49:39,HD,170.08,1,ASK
2018-12-17 09:49:39,HD,169.97,5,BID
2018-12-17 09:49:39,HD,170.08,1,ASK
2018-12-17 09:49:45,HD,170.04,2,BID
2018-12-17 09:49:45,HD,170.1,3,ASK
2018-12-17 09:49:46,HD,169.93,5,BID
2018-12-17 09:49:46,HD,170.09,3,ASK
2018-12-17 09:49:46,HD,169.93,5,BID
2018-12-17 09:49:48,HD,170.09,7,ASK
2018-12-17 09:49:46,HD,169.93,5,BID
2018-12-17 09:49:48,HD,170.09,5,ASK
2018-12-17 09:49:46,HD,169.93,5,BID
2018-12-17 09:49:48,HD,170.09,5,ASK
2018-12-17 09:49:46,HD,169.93,5,BID
2018-12-17 09:49:48,HD,170.09,5,ASK
2018-12-17 09:49:54,HD,169.98,4,BID
2018-12-17 09:49:54,HD,170.08,4,ASK
2018-12-17 09:49:55,HD,170.05,1,BID
2018-12-17 09:49:46,HD,170.1,3,ASK
2018-12-17 09:49:55,HD,170.05,4,BID
2018-12-17 09:49:55,HD,170.13,4,ASK
2018-12-17 09:49:57,HD,169.99,3,BID
2018-12-17 09:49:57,HD,170.13,5,ASK
2018-12-17 09:49:57,HD,169.99,3,BID
2018-12-17 09:49:57,HD,170.13,6,ASK
2018-12-17 09:49:59,HD,169.99,3,BID
2018-12-17 09:49:59,HD,170.12,2,ASK
2018-12-17 09:50:00,HD,169.99,3,BID
2018-12-17 09:50:00,HD,170.12,2,ASK
2018-12-17 09:50:00,HD,169.99,3,BID
2018-12-17 09:50:00,HD,170.12,2,ASK
2018-12-17 09:50:01,HD,169.98,4,BID
2018-12-17 09:50:01,HD,170.04,1,ASK
2018-12-17 09:50:01,HD,169.98,4,BID
2018-12-17 09:50:01,HD,170.04,1,ASK
2018-12-17 09:50:01,HD,169.98,4,BID
2018-12-17 09:50:01,HD,170.04,1,ASK
2018-12-17 09:50:01,HD,169.98,4,BID
2018-12-17 09:50:04,HD,170.07,1,ASK
2018-12-17 09:50:01,HD,169.98,4,BID
2018-12-17 09:50:06,HD,170.03,1,ASK
2018-12-17 09:50:06,HD,169.85,3,BID
2018-12-17 09:50:06,HD,169.98,2,ASK
2018-12-17 09:50:06,HD,169.85,3,BID
2018-12-17 09:50:06,HD,169.98,2,ASK
2018-12-17 09:50:06,HD,169.85,3,BID
2018-12-17 09:50:06,HD,169.98,2,ASK
2018-12-17 09:50:06,HD,169.85,3,BID
2018-12-17 09:50:06,HD,169.98,2,ASK
2018-12-17 09:50:06,HD,169.85,3,BID
2018-12-17 09:50:06,HD,169.98,2,ASK
2018-12-17 09:50:06,HD,169.85,3,BID
2018-12-17 09:50:06,HD,169.98,2,ASK
2018-12-17 09:50:06,HD,169.85,3,BID
2018-12-17 09:50:06,HD,169.98,2,ASK
2018-12-17 09:50:06,HD,169.85,3,BID
2018-12-17 09:50:06,HD,169.98,2,ASK
2018-12-17 09:50:15,HD,169.9,3,BID
2018-12-17 09:50:15,HD,169.98,2,ASK
2018-12-17 09:50:16,HD,169.9,3,BID
2018-12-17 09:50:16,HD,169.98,2,ASK
2018-12-17 09:50:17,HD,169.92,3,BID
2018-12-17 09:50:17,HD,169.98,2,ASK
2018-12-17 09:50:18,HD,169.93,2,BID
2018-12-17 09:50:18,HD,170.06,1,ASK
2018-12-17 09:50:18,HD,169.93,4,BID
2018-12-17 09:50:18,HD,170.06,1,ASK
2018-12-17 09:50:18,HD,169.93,4,BID
2018-12-17 09:50:18,HD,170.06,1,ASK
2018-12-17 09:50:18,HD,169.93,4,BID
2018-12-17 09:50:18,HD,170.06,1,ASK
2018-12-17 09:50:18,HD,169.93,4,BID
2018-12-17 09:50:18,HD,170.06,1,ASK
2018-12-17 09:50:18,HD,169.93,4,BID
2018-12-17 09:50:23,HD,170.06,3,ASK
2018-12-17 09:50:24,HD,169.92,4,BID
2018-12-17 09:50:24,HD,170.06,3,ASK
2018-12-17 09:50:24,HD,169.92,4,BID
2018-12-17 09:50:24,HD,170.06,3,ASK
2018-12-17 09:50:25,HD,169.92,4,BID
2018-12-17 09:50:25,HD,170.06,3,ASK
2018-12-17 09:50:25,HD,169.92,4,BID
2018-12-17 09:50:25,HD,170.06,3,ASK
2018-12-17 09:50:25,HD,169.92,4,BID
2018-12-17 09:50:25,HD,170.06,3,ASK
2018-12-17 09:50:29,HD,169.92,4,BID
2018-12-17 09:50:29,HD,170.06,2,ASK
2018-12-17 09:50:30,HD,169.92,4,BID
2018-12-17 09:50:30,HD,170.06,2,ASK
2018-12-17 09:50:30,HD,169.92,4,BID
2018-12-17 09:50:30,HD,170.06,2,ASK
2018-12-17 09:50:32,HD,169.92,3,BID
2018-12-17 09:50:32,HD,170.01,2,ASK
2018-12-17 09:50:33,HD,169.8,4,BID
2018-12-17 09:50:33,HD,169.95,1,ASK
2018-12-17 09:50:33,HD,169.8,3,BID
2018-12-17 09:50:33,HD,169.95,5,ASK
2018-12-17 09:50:34,HD,169.8,3,BID
2018-12-17 09:50:33,HD,169.95,5,ASK
2018-12-17 09:50:34,HD,169.8,3,BID
2018-12-17 09:50:33,HD,169.95,5,ASK
2018-12-17 09:50:34,HD,169.8,3,BID
2018-12-17 09:50:33,HD,169.95,5,ASK
2018-12-17 09:50:38,HD,169.85,2,BID
2018-12-17 09:50:38,HD,170.04,4,ASK
2018-12-17 09:50:39,HD,169.87,3,BID
2018-12-17 09:50:38,HD,170.04,4,ASK
2018-12-17 09:50:39,HD,169.87,3,BID
2018-12-17 09:50:38,HD,170.04,4,ASK
2018-12-17 09:50:39,HD,169.87,3,BID
2018-12-17 09:50:38,HD,170.04,4,ASK
2018-12-17 09:50:39,HD,169.87,3,BID
2018-12-17 09:50:38,HD,170.04,4,ASK
2018-12-17 09:50:39,HD,169.87,3,BID
2018-12-17 09:50:38,HD,170.04,4,ASK
2018-12-17 09:50:43,HD,169.87,2,BID
2018-12-17 09:50:43,HD,170.04,6,ASK
2018-12-17 09:50:43,HD,169.87,2,BID
2018-12-17 09:50:43,HD,170.04,6,ASK
2018-12-17 09:50:45,HD,169.89,3,BID
2018-12-17 09:50:45,HD,170.04,7,ASK
2018-12-17 09:50:45,HD,169.89,3,BID
2018-12-17 09:50:45,HD,170.04,7,ASK
2018-12-17 09:50:47,HD,169.95,3,BID
2018-12-17 09:50:47,HD,170.1,3,ASK
2018-12-17 09:50:48,HD,169.95,3,BID
2018-12-17 09:50:48,HD,170.1,5,ASK
2018-12-17 09:50:50,HD,169.96,1,BID
2018-12-17 09:50:48,HD,170.1,5,ASK
2018-12-17 09:50:51,HD,170.04,3,BID
2018-12-17 09:50:51,HD,170.19,3,ASK
2018-12-17 09:50:51,HD,170.04,3,BID
2018-12-17 09:50:51,HD,170.19,3,ASK
2018-12-17 09:50:53,HD,170.06,3,BID
2018-12-17 09:50:50,HD,170.2,3,ASK
2018-12-17 09:50:54,HD,170.05,3,BID
2018-12-17 09:50:54,HD,170.18,2,ASK
2018-12-17 09:50:55,HD,170.05,2,BID
2018-12-17 09:50:54,HD,170.18,2,ASK
2018-12-17 09:50:55,HD,170.05,2,BID
2018-12-17 09:50:54,HD,170.18,2,ASK
2018-12-17 09:50:55,HD,170.05,2,BID
2018-12-17 09:50:54,HD,170.18,2,ASK
2018-12-17 09:50:58,HD,170.05,2,BID
2018-12-17 09:50:58,HD,170.18,2,ASK
2018-12-17 09:50:58,HD,170.05,2,BID
2018-12-17 09:50:58,HD,170.18,2,ASK
2018-12-17 09:51:00,HD,170.05,2,BID
2018-12-17 09:51:00,HD,170.18,2,ASK
2018-12-17 09:51:00,HD,170.05,2,BID
2018-12-17 09:51:00,HD,170.18,2,ASK
2018-12-17 09:51:00,HD,170.05,2,BID
2018-12-17 09:51:00,HD,170.18,2,ASK
2018-12-17 09:51:03,HD,170.05,3,BID
2018-12-17 09:51:03,HD,170.21,4,ASK
2018-12-17 09:51:03,HD,170.05,4,BID
2018-12-17 09:51:04,HD,170.21,4,ASK
2018-12-17 09:51:03,HD,170.05,4,BID
2018-12-17 09:51:04,HD,170.21,4,ASK
2018-12-17 09:51:03,HD,170.05,4,BID
2018-12-17 09:51:04,HD,170.21,4,ASK
2018-12-17 09:51:03,HD,170.05,4,BID
2018-12-17 09:51:07,HD,170.17,3,ASK
2018-12-17 09:51:08,HD,169.88,6,BID
2018-12-17 09:51:08,HD,170.05,2,ASK
2018-12-17 09:51:08,HD,169.88,4,BID
2018-12-17 09:51:09,HD,170.03,1,ASK
2018-12-17 09:51:10,HD,169.84,8,BID
2018-12-17 09:51:10,HD,170.01,4,ASK
2018-12-17 09:51:10,HD,169.83,6,BID
2018-12-17 09:51:11,HD,170.01,4,ASK
2018-12-17 09:51:10,HD,169.83,6,BID
2018-12-17 09:51:11,HD,170.01,4,ASK
2018-12-17 09:51:11,HD,169.83,6,BID
2018-12-17 09:51:11,HD,170.01,4,ASK
2018-12-17 09:51:14,HD,169.83,6,BID
2018-12-17 09:51:14,HD,170.01,4,ASK
2018-12-17 09:51:14,HD,169.83,6,BID
2018-12-17 09:51:14,HD,170.01,4,ASK
2018-12-17 09:51:14,HD,169.83,6,BID
2018-12-17 09:51:14,HD,170.01,4,ASK
2018-12-17 09:51:16,HD,169.84,4,BID
2018-12-17 09:51:16,HD,170.01,7,ASK
2018-12-17 09:51:16,HD,169.84,4,BID
2018-12-17 09:51:16,HD,170.01,7,ASK
2018-12-17 09:51:18,HD,169.88,5,BID
2018-12-17 09:51:18,HD,170.01,7,ASK
2018-12-17 09:51:18,HD,169.88,5,BID
2018-12-17 09:51:18,HD,170.01,7,ASK
2018-12-17 09:51:18,HD,169.88,5,BID
2018-12-17 09:51:18,HD,170.01,7,ASK
2018-12-17 09:51:22,HD,169.95,3,BID
2018-12-17 09:51:22,HD,170.04,2,ASK
2018-12-17 09:51:22,HD,169.95,5,BID
2018-12-17 09:51:22,HD,170.04,2,ASK
2018-12-17 09:51:22,HD,169.95,5,BID
2018-12-17 09:51:22,HD,170.04,2,ASK
2018-12-17 09:51:25,HD,170.0,1,BID
2018-12-17 09:51:25,HD,170.09,1,ASK
2018-12-17 09:51:26,HD,170.01,3,BID
2018-12-17 09:51:26,HD,170.09,2,ASK
2018-12-17 09:51:27,HD,170.02,3,BID
2018-12-17 09:51:26,HD,170.09,2,ASK
2018-12-17 09:51:28,HD,170.06,3,BID
2018-12-17 09:51:28,HD,170.16,5,ASK
2018-12-17 09:51:28,HD,170.06,3,BID
2018-12-17 09:51:28,HD,170.16,5,ASK
2018-12-17 09:51:30,HD,170.06,3,BID
2018-12-17 09:51:30,HD,170.16,5,ASK
2018-12-17 09:51:31,HD,170.1,1,BID
2018-12-17 09:51:31,HD,170.21,5,ASK
2018-12-17 09:51:31,HD,170.1,1,BID
2018-12-17 09:51:31,HD,170.21,7,ASK
2018-12-17 09:51:32,HD,170.03,3,BID
2018-12-17 09:51:31,HD,170.21,7,ASK
2018-12-17 09:51:32,HD,170.03,3,BID
2018-12-17 09:51:31,HD,170.21,8,ASK
2018-12-17 09:51:32,HD,170.03,3,BID
2018-12-17 09:51:31,HD,170.21,8,ASK
2018-12-17 09:51:35,HD,170.04,3,BID
2018-12-17 09:51:31,HD,170.21,8,ASK
2018-12-17 09:51:35,HD,170.04,3,BID
2018-12-17 09:51:31,HD,170.21,8,ASK
2018-12-17 09:51:35,HD,170.04,3,BID
2018-12-17 09:51:31,HD,170.21,8,ASK
2018-12-17 09:51:35,HD,170.04,3,BID
2018-12-17 09:51:31,HD,170.21,8,ASK
2018-12-17 09:51:20,HD,169.89,7,BID
2018-12-17 09:51:40,HD,170.09,3,ASK
2018-12-17 09:51:20,HD,169.89,6,BID
2018-12-17 09:51:41,HD,170.09,3,ASK
2018-12-17 09:51:20,HD,169.89,6,BID
2018-12-17 09:51:41,HD,170.09,3,ASK
2018-12-17 09:51:20,HD,169.89,6,BID
2018-12-17 09:51:43,HD,170.09,3,ASK
2018-12-17 09:51:20,HD,169.89,6,BID
2018-12-17 09:51:44,HD,170.09,3,ASK
2018-12-17 09:51:45,HD,169.91,4,BID
2018-12-17 09:51:45,HD,170.09,7,ASK
2018-12-17 09:51:45,HD,169.91,4,BID
2018-12-17 09:51:45,HD,170.09,7,ASK
2018-12-17 09:51:47,HD,169.96,7,BID
2018-12-17 09:51:47,HD,170.16,9,ASK
2018-12-17 09:51:48,HD,169.96,7,BID
2018-12-17 09:51:48,HD,170.16,9,ASK
2018-12-17 09:51:49,HD,169.96,7,BID
2018-12-17 09:51:49,HD,170.15,2,ASK
2018-12-17 09:51:50,HD,169.96,7,BID
2018-12-17 09:51:50,HD,170.15,4,ASK
2018-12-17 09:51:50,HD,169.96,7,BID
2018-12-17 09:51:50,HD,170.15,4,ASK
2018-12-17 09:51:52,HD,169.96,7,BID
2018-12-17 09:51:52,HD,170.14,3,ASK
2018-12-17 09:51:53,HD,169.97,4,BID
2018-12-17 09:51:53,HD,170.14,3,ASK
2018-12-17 09:51:54,HD,169.98,3,BID
2018-12-17 09:51:54,HD,170.13,2,ASK
2018-12-17 09:51:54,HD,169.98,3,BID
2018-12-17 09:51:54,HD,170.13,2,ASK
2018-12-17 09:51:56,HD,169.99,3,BID
2018-12-17 09:51:56,HD,170.12,1,ASK
2018-12-17 09:51:57,HD,169.99,3,BID
2018-12-17 09:51:56,HD,170.13,3,ASK
2018-12-17 09:51:57,HD,169.99,3,BID
2018-12-17 09:51:56,HD,170.13,3,ASK
2018-12-17 09:51:59,HD,170.09,1,BID
2018-12-17 09:52:00,HD,170.2,1,ASK
2018-12-17 09:52:00,HD,170.1,3,BID
2018-12-17 09:52:00,HD,170.2,1,ASK
2018-12-17 09:52:00,HD,170.1,3,BID
2018-12-17 09:52:00,HD,170.2,1,ASK
2018-12-17 09:52:00,HD,170.1,3,BID
2018-12-17 09:52:00,HD,170.2,1,ASK
2018-12-17 09:52:03,HD,170.14,5,BID
2018-12-17 09:52:03,HD,170.28,4,ASK
2018-12-17 09:52:04,HD,170.14,5,BID
2018-12-17 09:52:03,HD,170.28,4,ASK
2018-12-17 09:52:06,HD,170.14,5,BID
2018-12-17 09:52:05,HD,170.28,6,ASK
2018-12-17 09:52:06,HD,170.14,5,BID
2018-12-17 09:52:05,HD,170.28,6,ASK
2018-12-17 09:52:07,HD,170.14,5,BID
2018-12-17 09:52:07,HD,170.28,7,ASK
2018-12-17 09:52:08,HD,170.14,5,BID
2018-12-17 09:52:08,HD,170.28,7,ASK
2018-12-17 09:52:09,HD,170.14,5,BID
2018-12-17 09:52:09,HD,170.28,7,ASK
2018-12-17 09:52:09,HD,170.14,5,BID
2018-12-17 09:52:09,HD,170.28,7,ASK
2018-12-17 09:52:11,HD,170.14,5,BID
2018-12-17 09:52:11,HD,170.27,2,ASK
2018-12-17 09:52:12,HD,170.14,5,BID
2018-12-17 09:52:12,HD,170.27,5,ASK
2018-12-17 09:52:02,HD,170.14,5,BID
2018-12-17 09:52:13,HD,170.27,7,ASK
2018-12-17 09:52:02,HD,170.14,5,BID
2018-12-17 09:52:14,HD,170.27,8,ASK
2018-12-17 09:52:02,HD,170.14,5,BID
2018-12-17 09:52:14,HD,170.27,8,ASK
2018-12-17 09:52:02,HD,170.14,5,BID
2018-12-17 09:52:14,HD,170.27,8,ASK
2018-12-17 09:52:17,HD,169.99,4,BID
2018-12-17 09:52:17,HD,170.08,3,ASK
2018-12-17 09:52:17,HD,169.99,4,BID
2018-12-17 09:52:18,HD,170.11,3,ASK
2018-12-17 09:52:17,HD,169.99,4,BID
2018-12-17 09:52:19,HD,170.09,3,ASK
2018-12-17 09:52:17,HD,169.99,4,BID
2018-12-17 09:52:20,HD,170.09,4,ASK
2018-12-17 09:52:17,HD,169.99,4,BID
2018-12-17 09:52:20,HD,170.09,4,ASK
2018-12-17 09:52:22,HD,169.93,6,BID
2018-12-17 09:52:22,HD,170.09,4,ASK
2018-12-17 09:52:23,HD,169.93,6,BID
2018-12-17 09:52:22,HD,170.09,4,ASK
2018-12-17 09:52:23,HD,169.93,6,BID
2018-12-17 09:52:22,HD,170.09,4,ASK
2018-12-17 09:52:23,HD,169.93,6,BID
2018-12-17 09:52:22,HD,170.09,4,ASK
2018-12-17 09:52:26,HD,169.86,3,BID
2018-12-17 09:52:26,HD,170.01,1,ASK
2018-12-17 09:52:27,HD,169.86,6,BID
2018-12-17 09:52:27,HD,170.01,2,ASK
2018-12-17 09:52:27,HD,169.86,6,BID
2018-12-17 09:52:27,HD,170.01,2,ASK
2018-12-17 09:52:30,HD,169.94,4,BID
2018-12-17 09:52:30,HD,170.11,5,ASK
2018-12-17 09:52:30,HD,169.96,7,BID
2018-12-17 09:52:30,HD,170.12,4,ASK
2018-12-17 09:52:30,HD,169.96,7,BID
2018-12-17 09:52:30,HD,170.12,4,ASK
2018-12-17 09:52:32,HD,169.96,7,BID
2018-12-17 09:52:32,HD,170.12,3,ASK
2018-12-17 09:52:32,HD,169.96,7,BID
2018-12-17 09:52:32,HD,170.12,4,ASK
2018-12-17 09:52:32,HD,169.96,7,BID
2018-12-17 09:52:34,HD,170.1,14,ASK
2018-12-17 09:52:32,HD,169.96,7,BID
2018-12-17 09:52:34,HD,170.1,14,ASK
2018-12-17 09:52:32,HD,169.96,7,BID
2018-12-17 09:52:34,HD,170.1,14,ASK
2018-12-17 09:52:37,HD,169.91,4,BID
2018-12-17 09:52:37,HD,170.09,3,ASK
2018-12-17 09:52:39,HD,169.92,3,BID
2018-12-17 09:52:39,HD,170.06,1,ASK
2018-12-17 09:52:40,HD,169.9,3,BID
2018-12-17 09:52:40,HD,170.05,2,ASK
2018-12-17 09:52:40,HD,169.9,3,BID
2018-12-17 09:52:40,HD,170.05,2,ASK
2018-12-17 09:52:40,HD,169.9,3,BID
2018-12-17 09:52:40,HD,170.05,2,ASK
2018-12-17 09:52:42,HD,169.95,4,BID
2018-12-17 09:52:39,HD,170.06,3,ASK
2018-12-17 09:52:43,HD,170.04,2,BID
2018-12-17 09:52:43,HD,170.2,1,ASK
2018-12-17 09:52:44,HD,170.04,5,BID
2018-12-17 09:52:44,HD,170.2,1,ASK
2018-12-17 09:52:45,HD,170.01,4,BID
2018-12-17 09:52:45,HD,170.19,4,ASK
2018-12-17 09:52:45,HD,170.01,4,BID
2018-12-17 09:52:45,HD,170.19,4,ASK
2018-12-17 09:52:47,HD,170.02,3,BID
2018-12-17 09:52:47,HD,170.19,4,ASK
2018-12-17 09:52:47,HD,170.02,3,BID
2018-12-17 09:52:47,HD,170.19,4,ASK
2018-12-17 09:52:47,HD,170.02,3,BID
2018-12-17 09:52:47,HD,170.19,4,ASK
2018-12-17 09:52:50,HD,170.04,2,BID
2018-12-17 09:52:50,HD,170.19,8,ASK
2018-12-17 09:52:52,HD,170.04,5,BID
2018-12-17 09:52:52,HD,170.19,8,ASK
2018-12-17 09:52:53,HD,170.04,6,BID
2018-12-17 09:52:53,HD,170.18,2,ASK
2018-12-17 09:52:53,HD,170.04,8,BID
2018-12-17 09:52:54,HD,170.18,2,ASK
2018-12-17 09:52:53,HD,170.04,8,BID
2018-12-17 09:52:54,HD,170.18,2,ASK
2018-12-17 09:52:56,HD,170.01,5,BID
2018-12-17 09:52:56,HD,170.18,2,ASK
2018-12-17 09:52:56,HD,170.01,6,BID
2018-12-17 09:52:56,HD,170.18,2,ASK
2018-12-17 09:52:56,HD,170.02,5,BID
2018-12-17 09:52:56,HD,170.18,2,ASK
2018-12-17 09:52:59,HD,170.13,3,BID
2018-12-17 09:52:59,HD,170.25,2,ASK
2018-12-17 09:53:00,HD,170.08,3,BID
2018-12-17 09:53:00,HD,170.25,2,ASK
2018-12-17 09:53:01,HD,170.09,4,BID
2018-12-17 09:53:01,HD,170.28,8,ASK
2018-12-17 09:53:01,HD,170.09,7,BID
2018-12-17 09:53:01,HD,170.28,8,ASK
2018-12-17 09:53:03,HD,170.09,7,BID
2018-12-17 09:53:03,HD,170.27,3,ASK
2018-12-17 09:53:03,HD,170.09,7,BID
2018-12-17 09:53:03,HD,170.27,3,ASK
2018-12-17 09:53:03,HD,170.09,7,BID
2018-12-17 09:53:03,HD,170.27,3,ASK
2018-12-17 09:53:06,HD,170.09,7,BID
2018-12-17 09:53:06,HD,170.27,3,ASK
2018-12-17 09:53:06,HD,170.09,7,BID
2018-12-17 09:53:06,HD,170.27,3,ASK
2018-12-17 09:53:08,HD,170.02,4,BID
2018-12-17 09:53:08,HD,170.19,3,ASK
2018-12-17 09:53:09,HD,170.0,5,BID
2018-12-17 09:53:09,HD,170.19,3,ASK
2018-12-17 09:53:10,HD,169.96,7,BID
2018-12-17 09:53:10,HD,170.14,4,ASK
2018-12-17 09:53:10,HD,169.96,6,BID
2018-12-17 09:53:10,HD,170.12,3,ASK
2018-12-17 09:53:12,HD,169.97,4,BID
2018-12-17 09:53:12,HD,170.12,5,ASK
2018-12-17 09:53:13,HD,170.07,1,BID
2018-12-17 09:53:13,HD,170.18,2,ASK
2018-12-17 09:53:13,HD,170.09,4,BID
2018-12-17 09:53:10,HD,170.18,2,ASK
2018-12-17 09:53:15,HD,170.13,4,BID
2018-12-17 09:53:15,HD,170.25,1,ASK
2018-12-17 09:53:15,HD,170.14,4,BID
2018-12-17 09:53:15,HD,170.25,1,ASK
2018-12-17 09:53:16,HD,170.14,4,BID
2018-12-17 09:53:16,HD,170.25,1,ASK
2018-12-17 09:53:17,HD,170.16,3,BID
2018-12-17 09:53:17,HD,170.31,2,ASK
2018-12-17 09:53:17,HD,170.18,4,BID
2018-12-17 09:53:17,HD,170.31,2,ASK
2018-12-17 09:53:18,HD,170.19,4,BID
2018-12-17 09:53:18,HD,170.32,6,ASK
2018-12-17 09:53:18,HD,170.19,4,BID
2018-12-17 09:53:18,HD,170.32,6,ASK
2018-12-17 09:53:18,HD,170.19,4,BID
2018-12-17 09:53:18,HD,170.32,6,ASK
2018-12-17 09:53:20,HD,170.17,4,BID
2018-12-17 09:53:20,HD,170.32,6,ASK
2018-12-17 09:53:23,HD,170.11,4,BID
2018-12-17 09:53:23,HD,170.28,3,ASK
2018-12-17 09:53:23,HD,170.11,4,BID
2018-12-17 09:53:23,HD,170.28,3,ASK
2018-12-17 09:53:25,HD,170.13,4,BID
2018-12-17 09:53:25,HD,170.28,3,ASK
2018-12-17 09:53:26,HD,170.11,4,BID
2018-12-17 09:53:26,HD,170.28,3,ASK
2018-12-17 09:53:26,HD,170.11,4,BID
2018-12-17 09:53:26,HD,170.28,3,ASK
2018-12-17 09:53:26,HD,170.11,4,BID
2018-12-17 09:53:29,HD,170.25,1,ASK
2018-12-17 09:53:30,HD,170.11,4,BID
2018-12-17 09:53:30,HD,170.25,4,ASK
2018-12-17 09:53:31,HD,170.02,4,BID
2018-12-17 09:53:31,HD,170.2,3,ASK
2018-12-17 09:53:31,HD,170.02,3,BID
2018-12-17 09:53:31,HD,170.15,3,ASK
2018-12-17 09:53:31,HD,170.02,3,BID
2018-12-17 09:53:31,HD,170.15,3,ASK
2018-12-17 09:53:33,HD,169.94,1,BID
2018-12-17 09:53:33,HD,170.02,1,ASK
2018-12-17 09:52:39,HD,169.9,5,BID
2018-12-17 09:53:34,HD,170.05,6,ASK
2018-12-17 09:53:35,HD,169.85,3,BID
2018-12-17 09:53:35,HD,170.0,2,ASK
2018-12-17 09:53:35,HD,169.85,3,BID
2018-12-17 09:53:35,HD,170.0,2,ASK
2018-12-17 09:53:36,HD,169.82,3,BID
2018-12-17 09:53:36,HD,169.98,3,ASK
2018-12-17 09:53:36,HD,169.82,4,BID
2018-12-17 09:53:36,HD,169.98,3,ASK
2018-12-17 09:53:36,HD,169.82,4,BID
2018-12-17 09:53:38,HD,169.97,3,ASK
2018-12-17 09:53:40,HD,169.82,4,BID
2018-12-17 09:53:40,HD,169.97,3,ASK
2018-12-17 09:53:41,HD,169.81,3,BID
2018-12-17 09:53:41,HD,169.97,3,ASK
2018-12-17 09:50:33,HD,169.8,4,BID
2018-12-17 09:53:43,HD,169.97,3,ASK
2018-12-17 09:53:43,HD,169.81,4,BID
2018-12-17 09:53:43,HD,169.97,3,ASK
2018-12-17 09:53:44,HD,169.82,4,BID
2018-12-17 09:53:44,HD,169.97,3,ASK
2018-12-17 09:53:46,HD,169.91,7,BID
2018-12-17 09:53:46,HD,170.09,3,ASK
2018-12-17 09:53:46,HD,169.91,7,BID
2018-12-17 09:53:46,HD,170.09,3,ASK
2018-12-17 09:53:48,HD,169.91,7,BID
2018-12-17 09:53:48,HD,170.07,1,ASK
2018-12-17 09:53:48,HD,169.91,6,BID
2018-12-17 09:53:48,HD,170.07,1,ASK
2018-12-17 09:53:50,HD,169.91,7,BID
2018-12-17 09:53:50,HD,170.07,1,ASK
2018-12-17 09:53:50,HD,169.91,7,BID
2018-12-17 09:53:50,HD,170.06,1,ASK
2018-12-17 09:53:52,HD,169.91,7,BID
2018-12-17 09:53:52,HD,170.04,2,ASK
2018-12-17 09:53:52,HD,169.91,7,BID
2018-12-17 09:53:52,HD,170.04,2,ASK
2018-12-17 09:53:53,HD,169.98,4,BID
2018-12-17 09:53:53,HD,170.12,2,ASK
2018-12-17 09:53:53,HD,169.98,4,BID
2018-12-17 09:53:53,HD,170.12,2,ASK
2018-12-17 09:53:55,HD,169.98,4,BID
2018-12-17 09:53:55,HD,170.12,2,ASK
2018-12-17 09:53:56,HD,169.96,4,BID
2018-12-17 09:53:56,HD,170.12,2,ASK
2018-12-17 09:53:52,HD,169.91,7,BID
2018-12-17 09:53:58,HD,170.12,2,ASK
2018-12-17 09:53:58,HD,169.96,5,BID
2018-12-17 09:53:58,HD,170.13,6,ASK
2018-12-17 09:54:00,HD,169.96,5,BID
2018-12-17 09:54:00,HD,170.13,6,ASK
2018-12-17 09:54:00,HD,169.96,5,BID
2018-12-17 09:54:00,HD,170.13,6,ASK
2018-12-17 09:54:00,HD,169.96,5,BID
2018-12-17 09:54:00,HD,170.13,6,ASK
2018-12-17 09:54:00,HD,169.96,5,BID
2018-12-17 09:54:00,HD,170.13,6,ASK
2018-12-17 09:54:04,HD,169.96,5,BID
2018-12-17 09:54:04,HD,170.13,9,ASK
2018-12-17 09:54:04,HD,169.96,5,BID
2018-12-17 09:54:04,HD,170.13,9,ASK
2018-12-17 09:54:04,HD,169.96,5,BID
2018-12-17 09:54:04,HD,170.13,9,ASK
2018-12-17 09:54:06,HD,169.98,5,BID
2018-12-17 09:54:06,HD,170.13,7,ASK
2018-12-17 09:54:06,HD,169.98,5,BID
2018-12-17 09:54:06,HD,170.13,7,ASK
2018-12-17 09:54:08,HD,169.98,5,BID
2018-12-17 09:54:06,HD,170.13,8,ASK
2018-12-17 09:54:08,HD,169.98,5,BID
2018-12-17 09:54:06,HD,170.13,8,ASK
2018-12-17 09:54:09,HD,169.98,5,BID
2018-12-17 09:54:06,HD,170.13,8,ASK
2018-12-17 09:54:10,HD,169.98,5,BID
2018-12-17 09:54:10,HD,170.13,10,ASK
2018-12-17 09:54:10,HD,169.98,4,BID
2018-12-17 09:54:10,HD,170.13,10,ASK
2018-12-17 09:54:06,HD,169.98,4,BID
2018-12-17 09:54:13,HD,170.13,10,ASK
2018-12-17 09:54:14,HD,169.99,1,BID
2018-12-17 09:54:14,HD,170.09,1,ASK
2018-12-17 09:54:14,HD,169.99,4,BID
2018-12-17 09:54:14,HD,170.13,10,ASK
2018-12-17 09:54:15,HD,170.0,3,BID
2018-12-17 09:54:14,HD,170.13,10,ASK
2018-12-17 09:54:15,HD,170.0,3,BID
2018-12-17 09:54:14,HD,170.13,10,ASK
2018-12-17 09:54:18,HD,170.03,6,BID
2018-12-17 09:54:18,HD,170.13,8,ASK
2018-12-17 09:54:18,HD,170.09,5,BID
2018-12-17 09:54:18,HD,170.19,1,ASK
2018-12-17 09:54:20,HD,170.09,5,BID
2018-12-17 09:54:20,HD,170.19,1,ASK
2018-12-17 09:54:21,HD,170.1,3,BID
2018-12-17 09:54:21,HD,170.19,2,ASK
2018-12-17 09:54:22,HD,170.1,3,BID
2018-12-17 09:54:22,HD,170.19,2,ASK
2018-12-17 09:54:22,HD,170.1,3,BID
2018-12-17 09:54:22,HD,170.19,2,ASK
2018-12-17 09:54:25,HD,170.16,3,BID
2018-12-17 09:54:25,HD,170.26,1,ASK
2018-12-17 09:54:25,HD,170.16,3,BID
2018-12-17 09:54:25,HD,170.26,1,ASK
2018-12-17 09:54:27,HD,170.17,3,BID
2018-12-17 09:54:27,HD,170.26,2,ASK
2018-12-17 09:54:27,HD,170.17,3,BID
2018-12-17 09:54:27,HD,170.26,2,ASK
2018-12-17 09:54:27,HD,170.17,3,BID
2018-12-17 09:54:27,HD,170.26,2,ASK
2018-12-17 09:54:30,HD,170.25,4,BID
2018-12-17 09:54:30,HD,170.33,2,ASK
2018-12-17 09:54:30,HD,170.25,4,BID
2018-12-17 09:54:30,HD,170.33,2,ASK
2018-12-17 09:54:32,HD,170.22,1,BID
2018-12-17 09:54:32,HD,170.33,2,ASK
2018-12-17 09:54:33,HD,170.22,4,BID
2018-12-17 09:54:32,HD,170.33,2,ASK
2018-12-17 09:54:33,HD,170.22,4,BID
2018-12-17 09:54:32,HD,170.33,2,ASK
2018-12-17 09:54:34,HD,170.2,4,BID
2018-12-17 09:54:32,HD,170.33,2,ASK
2018-12-17 09:54:36,HD,170.2,4,BID
2018-12-17 09:54:32,HD,170.33,2,ASK
2018-12-17 09:54:36,HD,170.2,4,BID
2018-12-17 09:54:32,HD,170.33,2,ASK
2018-12-17 09:54:38,HD,170.2,4,BID
2018-12-17 09:54:32,HD,170.33,2,ASK
2018-12-17 09:54:38,HD,170.2,4,BID
2018-12-17 09:54:32,HD,170.33,2,ASK
2018-12-17 09:54:40,HD,170.2,4,BID
2018-12-17 09:54:40,HD,170.33,4,ASK
2018-12-17 09:54:41,HD,170.14,1,BID
2018-12-17 09:54:41,HD,170.26,3,ASK
2018-12-17 09:54:42,HD,170.14,4,BID
2018-12-17 09:54:42,HD,170.26,3,ASK
2018-12-17 09:54:43,HD,170.17,4,BID
2018-12-17 09:54:43,HD,170.26,4,ASK
2018-12-17 09:54:44,HD,170.19,2,BID
2018-12-17 09:54:44,HD,170.37,3,ASK
2018-12-17 09:54:45,HD,170.23,7,BID
2018-12-17 09:54:45,HD,170.4,3,ASK
2018-12-17 09:54:46,HD,170.23,7,BID
2018-12-17 09:54:46,HD,170.4,3,ASK
2018-12-17 09:54:47,HD,170.23,7,BID
2018-12-17 09:54:47,HD,170.4,3,ASK
2018-12-17 09:54:48,HD,170.23,7,BID
2018-12-17 09:54:47,HD,170.4,3,ASK
2018-12-17 09:54:49,HD,170.23,6,BID
2018-12-17 09:54:49,HD,170.4,3,ASK
2018-12-17 09:54:50,HD,170.23,10,BID
2018-12-17 09:54:49,HD,170.4,3,ASK
2018-12-17 09:54:50,HD,170.23,10,BID
2018-12-17 09:54:51,HD,170.4,3,ASK
2018-12-17 09:54:52,HD,170.24,4,BID
2018-12-17 09:54:51,HD,170.4,3,ASK
2018-12-17 09:54:52,HD,170.23,9,BID
2018-12-17 09:54:52,HD,170.4,3,ASK
2018-12-17 09:54:52,HD,170.23,9,BID
2018-12-17 09:54:52,HD,170.4,3,ASK
2018-12-17 09:54:52,HD,170.23,9,BID
2018-12-17 09:54:52,HD,170.4,3,ASK
2018-12-17 09:54:55,HD,170.23,11,BID
2018-12-17 09:54:52,HD,170.4,3,ASK
2018-12-17 09:54:55,HD,170.23,11,BID
2018-12-17 09:54:52,HD,170.4,3,ASK
2018-12-17 09:54:55,HD,170.23,11,BID
2018-12-17 09:54:52,HD,170.4,3,ASK
2018-12-17 09:54:55,HD,170.23,11,BID
2018-12-17 09:54:59,HD,170.4,3,ASK
2018-12-17 09:54:55,HD,170.23,11,BID
2018-12-17 09:54:59,HD,170.4,3,ASK
2018-12-17 09:54:55,HD,170.23,11,BID
2018-12-17 09:55:00,HD,170.4,4,ASK
2018-12-17 09:54:55,HD,170.23,11,BID
2018-12-17 09:55:00,HD,170.4,4,ASK
2018-12-17 09:54:55,HD,170.23,11,BID
2018-12-17 09:55:00,HD,170.4,4,ASK
2018-12-17 09:54:55,HD,170.23,11,BID
2018-12-17 09:55:00,HD,170.4,4,ASK
2018-12-17 09:55:03,HD,170.24,4,BID
2018-12-17 09:55:03,HD,170.39,1,ASK
2018-12-17 09:54:55,HD,170.23,11,BID
2018-12-17 09:55:03,HD,170.4,5,ASK
2018-12-17 09:54:55,HD,170.23,11,BID
2018-12-17 09:55:03,HD,170.4,5,ASK
2018-12-17 09:54:55,HD,170.23,11,BID
2018-12-17 09:55:03,HD,170.4,5,ASK
2018-12-17 09:54:55,HD,170.23,11,BID
2018-12-17 09:55:05,HD,170.4,5,ASK
2018-12-17 09:54:55,HD,170.23,11,BID
2018-12-17 09:55:07,HD,170.4,5,ASK
2018-12-17 09:55:09,HD,170.27,5,BID
2018-12-17 09:55:09,HD,170.4,6,ASK
2018-12-17 09:55:11,HD,170.34,6,BID
2018-12-17 09:55:10,HD,170.43,2,ASK
2018-12-17 09:55:11,HD,170.35,4,BID
2018-12-17 09:55:11,HD,170.44,1,ASK
2018-12-17 09:55:14,HD,170.36,5,BID
2018-12-17 09:55:14,HD,170.5,9,ASK
2018-12-17 09:55:15,HD,170.36,4,BID
2018-12-17 09:55:15,HD,170.5,9,ASK
2018-12-17 09:55:16,HD,170.36,3,BID
2018-12-17 09:55:16,HD,170.49,1,ASK
2018-12-17 09:55:17,HD,170.36,3,BID
2018-12-17 09:55:17,HD,170.48,1,ASK
2018-12-17 09:55:18,HD,170.36,3,BID
2018-12-17 09:55:18,HD,170.48,1,ASK
2018-12-17 09:55:18,HD,170.36,3,BID
2018-12-17 09:55:18,HD,170.48,1,ASK
2018-12-17 09:55:20,HD,170.36,3,BID
2018-12-17 09:55:20,HD,170.48,1,ASK
2018-12-17 09:55:21,HD,170.36,3,BID
2018-12-17 09:55:21,HD,170.49,2,ASK
2018-12-17 09:55:22,HD,170.36,3,BID
2018-12-17 09:55:22,HD,170.48,1,ASK
2018-12-17 09:55:24,HD,170.36,3,BID
2018-12-17 09:55:24,HD,170.48,1,ASK
2018-12-17 09:55:24,HD,170.36,3,BID
2018-12-17 09:55:24,HD,170.48,1,ASK
2018-12-17 09:55:25,HD,170.23,1,BID
2018-12-17 09:55:25,HD,170.34,1,ASK
2018-12-17 09:55:25,HD,170.18,9,BID
2018-12-17 09:55:26,HD,170.34,3,ASK
2018-12-17 09:55:27,HD,170.19,7,BID
2018-12-17 09:55:26,HD,170.33,3,ASK
2018-12-17 09:55:28,HD,170.19,7,BID
2018-12-17 09:55:28,HD,170.32,3,ASK
2018-12-17 09:55:30,HD,170.19,7,BID
2018-12-17 09:55:30,HD,170.32,3,ASK
2018-12-17 09:55:30,HD,170.19,7,BID
2018-12-17 09:55:30,HD,170.32,3,ASK
2018-12-17 09:55:31,HD,170.19,6,BID
2018-12-17 09:55:31,HD,170.32,3,ASK
2018-12-17 09:55:32,HD,170.19,6,BID
2018-12-17 09:55:31,HD,170.32,4,ASK
2018-12-17 09:55:32,HD,170.19,6,BID
2018-12-17 09:55:31,HD,170.32,4,ASK
2018-12-17 09:55:34,HD,170.2,5,BID
2018-12-17 09:55:26,HD,170.33,3,ASK
2018-12-17 09:55:34,HD,170.2,5,BID
2018-12-17 09:55:26,HD,170.33,3,ASK
2018-12-17 09:55:36,HD,170.22,4,BID
2018-12-17 09:55:26,HD,170.33,3,ASK
2018-12-17 09:55:37,HD,170.24,1,BID
2018-12-17 09:55:37,HD,170.35,3,ASK
2018-12-17 09:55:38,HD,170.24,4,BID
2018-12-17 09:55:38,HD,170.35,3,ASK
2018-12-17 09:55:39,HD,170.23,3,BID
2018-12-17 09:55:39,HD,170.35,3,ASK
2018-12-17 09:55:39,HD,170.19,7,BID
2018-12-17 09:55:40,HD,170.34,3,ASK
2018-12-17 09:55:41,HD,170.19,7,BID
2018-12-17 09:55:41,HD,170.34,3,ASK
2018-12-17 09:55:41,HD,170.19,6,BID
2018-12-17 09:55:41,HD,170.35,3,ASK
2018-12-17 09:55:41,HD,170.19,6,BID
2018-12-17 09:55:41,HD,170.35,3,ASK
2018-12-17 09:55:41,HD,170.19,6,BID
2018-12-17 09:55:41,HD,170.35,3,ASK
2018-12-17 09:55:46,HD,170.2,4,BID
2018-12-17 09:55:46,HD,170.34,1,ASK
2018-12-17 09:55:46,HD,170.19,6,BID
2018-12-17 09:55:46,HD,170.35,3,ASK
2018-12-17 09:55:46,HD,170.19,6,BID
2018-12-17 09:55:46,HD,170.35,3,ASK
2018-12-17 09:55:46,HD,170.19,6,BID
2018-12-17 09:55:46,HD,170.35,3,ASK
2018-12-17 09:55:50,HD,170.19,6,BID
2018-12-17 09:55:46,HD,170.35,3,ASK
2018-12-17 09:55:50,HD,170.19,6,BID
2018-12-17 09:55:46,HD,170.35,3,ASK
2018-12-17 09:55:50,HD,170.19,6,BID
2018-12-17 09:55:50,HD,170.34,2,ASK
2018-12-17 09:55:52,HD,170.2,4,BID
2018-12-17 09:55:46,HD,170.35,3,ASK
2018-12-17 09:55:53,HD,170.2,4,BID
2018-12-17 09:55:53,HD,170.34,2,ASK
2018-12-17 09:55:54,HD,170.2,4,BID
2018-12-17 09:55:54,HD,170.34,3,ASK
2018-12-17 09:55:56,HD,170.15,3,BID
2018-12-17 09:55:56,HD,170.28,5,ASK
2018-12-17 09:55:56,HD,170.17,4,BID
2018-12-17 09:55:56,HD,170.28,6,ASK
2018-12-17 09:55:56,HD,170.17,4,BID
2018-12-17 09:55:56,HD,170.28,6,ASK
2018-12-17 09:55:58,HD,170.18,4,BID
2018-12-17 09:55:58,HD,170.28,8,ASK
2018-12-17 09:56:00,HD,170.18,4,BID
2018-12-17 09:56:00,HD,170.28,8,ASK
2018-12-17 09:56:00,HD,170.15,6,BID
2018-12-17 09:56:00,HD,170.28,9,ASK
2018-12-17 09:56:01,HD,170.13,6,BID
2018-12-17 09:56:01,HD,170.27,1,ASK
2018-12-17 09:56:03,HD,170.15,3,BID
2018-12-17 09:56:03,HD,170.26,1,ASK
2018-12-17 09:56:03,HD,170.13,6,BID
2018-12-17 09:56:04,HD,170.25,1,ASK
2018-12-17 09:56:05,HD,170.13,6,BID
2018-12-17 09:56:05,HD,170.24,1,ASK
2018-12-17 09:56:05,HD,170.13,6,BID
2018-12-17 09:56:05,HD,170.24,1,ASK
2018-12-17 09:56:05,HD,170.13,6,BID
2018-12-17 09:56:06,HD,170.24,2,ASK
2018-12-17 09:56:07,HD,170.17,4,BID
2018-12-17 09:56:07,HD,170.22,1,ASK
2018-12-17 09:56:08,HD,170.19,5,BID
2018-12-17 09:56:08,HD,170.24,7,ASK
2018-12-17 09:56:07,HD,170.13,6,BID
2018-12-17 09:56:09,HD,170.24,7,ASK
2018-12-17 09:56:07,HD,170.13,7,BID
2018-12-17 09:56:10,HD,170.24,7,ASK
2018-12-17 09:56:12,HD,170.2,4,BID
2018-12-17 09:56:00,HD,170.28,9,ASK
2018-12-17 09:56:12,HD,170.2,4,BID
2018-12-17 09:56:00,HD,170.28,9,ASK
2018-12-17 09:56:14,HD,170.21,5,BID
2018-12-17 09:56:00,HD,170.28,9,ASK
2018-12-17 09:56:14,HD,170.24,4,BID
2018-12-17 09:56:14,HD,170.36,2,ASK
2018-12-17 09:56:15,HD,170.25,4,BID
2018-12-17 09:56:15,HD,170.36,2,ASK
2018-12-17 09:56:17,HD,170.3,1,BID
2018-12-17 09:56:17,HD,170.36,2,ASK
2018-12-17 09:56:17,HD,170.3,4,BID
2018-12-17 09:56:17,HD,170.36,3,ASK
2018-12-17 09:56:18,HD,170.32,4,BID
2018-12-17 09:56:18,HD,170.41,1,ASK
2018-12-17 09:56:19,HD,170.35,4,BID
2018-12-17 09:56:19,HD,170.41,1,ASK
2018-12-17 09:56:19,HD,170.35,4,BID
2018-12-17 09:56:19,HD,170.41,1,ASK
2018-12-17 09:56:21,HD,170.23,7,BID
2018-12-17 09:56:21,HD,170.37,1,ASK
2018-12-17 09:56:21,HD,170.23,7,BID
2018-12-17 09:56:21,HD,170.37,1,ASK
2018-12-17 09:56:23,HD,170.23,11,BID
2018-12-17 09:56:23,HD,170.37,2,ASK
2018-12-17 09:56:25,HD,170.24,4,BID
2018-12-17 09:56:25,HD,170.34,4,ASK
2018-12-17 09:56:25,HD,170.19,7,BID
2018-12-17 09:56:25,HD,170.34,4,ASK
2018-12-17 09:56:26,HD,170.19,7,BID
2018-12-17 09:56:26,HD,170.34,6,ASK
2018-12-17 09:56:27,HD,170.22,4,BID
2018-12-17 09:56:27,HD,170.34,7,ASK
2018-12-17 09:56:28,HD,170.21,8,BID
2018-12-17 09:56:28,HD,170.34,7,ASK
2018-12-17 09:56:29,HD,170.21,6,BID
2018-12-17 09:56:29,HD,170.34,7,ASK
2018-12-17 09:56:30,HD,170.2,4,BID
2018-12-17 09:56:30,HD,170.34,7,ASK
2018-12-17 09:56:32,HD,170.2,5,BID
2018-12-17 09:56:30,HD,170.34,6,ASK
2018-12-17 09:56:33,HD,170.2,5,BID
2018-12-17 09:56:30,HD,170.34,6,ASK
2018-12-17 09:56:33,HD,170.2,5,BID
2018-12-17 09:56:30,HD,170.34,6,ASK
2018-12-17 09:56:33,HD,170.2,5,BID
2018-12-17 09:56:30,HD,170.34,6,ASK
2018-12-17 09:56:35,HD,170.21,7,BID
2018-12-17 09:56:30,HD,170.34,6,ASK
2018-12-17 09:56:35,HD,170.21,7,BID
2018-12-17 09:56:30,HD,170.34,6,ASK
2018-12-17 09:56:26,HD,170.19,7,BID
2018-12-17 09:56:37,HD,170.33,2,ASK
2018-12-17 09:56:26,HD,170.19,8,BID
2018-12-17 09:56:38,HD,170.33,3,ASK
2018-12-17 09:56:40,HD,170.22,5,BID
2018-12-17 09:56:40,HD,170.33,4,ASK
2018-12-17 09:56:40,HD,170.23,5,BID
2018-12-17 09:56:40,HD,170.33,4,ASK
2018-12-17 09:56:40,HD,170.23,5,BID
2018-12-17 09:56:40,HD,170.33,4,ASK
2018-12-17 09:56:43,HD,170.35,1,BID
2018-12-17 09:56:43,HD,170.48,6,ASK
2018-12-17 09:56:44,HD,170.35,7,BID
2018-12-17 09:56:44,HD,170.48,9,ASK
2018-12-17 09:56:44,HD,170.35,7,BID
2018-12-17 09:56:44,HD,170.48,9,ASK
2018-12-17 09:56:45,HD,170.37,5,BID
2018-12-17 09:56:45,HD,170.48,11,ASK
2018-12-17 09:56:47,HD,170.37,5,BID
2018-12-17 09:56:45,HD,170.48,11,ASK
2018-12-17 09:56:47,HD,170.35,6,BID
2018-12-17 09:56:47,HD,170.46,2,ASK
2018-12-17 09:56:49,HD,170.25,4,BID
2018-12-17 09:56:49,HD,170.38,2,ASK
2018-12-17 09:56:48,HD,170.21,7,BID
2018-12-17 09:56:50,HD,170.37,3,ASK
2018-12-17 09:56:50,HD,170.22,4,BID
2018-12-17 09:56:50,HD,170.37,8,ASK
2018-12-17 09:56:50,HD,170.22,4,BID
2018-12-17 09:56:50,HD,170.37,8,ASK
2018-12-17 09:56:53,HD,170.22,3,BID
2018-12-17 09:56:53,HD,170.37,8,ASK
2018-12-17 09:56:48,HD,170.21,9,BID
2018-12-17 09:56:53,HD,170.35,1,ASK
2018-12-17 09:56:48,HD,170.21,9,BID
2018-12-17 09:56:53,HD,170.35,1,ASK
2018-12-17 09:56:48,HD,170.21,9,BID
2018-12-17 09:56:53,HD,170.35,1,ASK
2018-12-17 09:56:57,HD,170.2,4,BID
2018-12-17 09:56:57,HD,170.35,4,ASK
2018-12-17 09:56:57,HD,170.2,4,BID
2018-12-17 09:56:57,HD,170.35,4,ASK
2018-12-17 09:56:57,HD,170.2,4,BID
2018-12-17 09:56:57,HD,170.35,4,ASK
2018-12-17 09:56:59,HD,170.21,4,BID
2018-12-17 09:56:59,HD,170.35,4,ASK
2018-12-17 09:57:00,HD,170.21,4,BID
2018-12-17 09:56:59,HD,170.35,4,ASK
2018-12-17 09:57:02,HD,170.19,7,BID
2018-12-17 09:57:02,HD,170.35,4,ASK
2018-12-17 09:57:02,HD,170.2,4,BID
2018-12-17 09:57:02,HD,170.35,4,ASK
2018-12-17 09:57:04,HD,170.2,4,BID
2018-12-17 09:57:04,HD,170.35,5,ASK
2018-12-17 09:57:04,HD,170.2,4,BID
2018-12-17 09:57:04,HD,170.35,6,ASK
2018-12-17 09:57:05,HD,170.2,4,BID
2018-12-17 09:57:05,HD,170.35,6,ASK
2018-12-17 09:57:05,HD,170.2,4,BID
2018-12-17 09:57:05,HD,170.35,6,ASK
2018-12-17 09:57:05,HD,170.2,4,BID
2018-12-17 09:57:05,HD,170.35,6,ASK
2018-12-17 09:57:09,HD,170.17,4,BID
2018-12-17 09:57:09,HD,170.35,9,ASK
2018-12-17 09:57:09,HD,170.17,4,BID
2018-12-17 09:57:09,HD,170.35,9,ASK
2018-12-17 09:57:11,HD,170.17,4,BID
2018-12-17 09:57:11,HD,170.35,9,ASK
2018-12-17 09:57:11,HD,170.17,4,BID
2018-12-17 09:57:11,HD,170.35,9,ASK
2018-12-17 09:57:13,HD,170.12,4,BID
2018-12-17 09:57:13,HD,170.31,9,ASK
2018-12-17 09:57:14,HD,170.12,3,BID
2018-12-17 09:57:14,HD,170.28,4,ASK
2018-12-17 09:57:15,HD,170.12,3,BID
2018-12-17 09:57:15,HD,170.27,2,ASK
2018-12-17 09:57:15,HD,170.15,4,BID
2018-12-17 09:57:14,HD,170.28,4,ASK
2018-12-17 09:57:15,HD,170.15,4,BID
2018-12-17 09:57:14,HD,170.28,4,ASK
2018-12-17 09:57:15,HD,170.15,4,BID
2018-12-17 09:57:14,HD,170.28,4,ASK
2018-12-17 09:57:15,HD,170.15,4,BID
2018-12-17 09:57:14,HD,170.28,4,ASK
2018-12-17 09:57:15,HD,170.15,4,BID
2018-12-17 09:57:14,HD,170.28,4,ASK
2018-12-17 09:57:15,HD,170.15,4,BID
2018-12-17 09:57:14,HD,170.28,4,ASK
2018-12-17 09:57:15,HD,170.15,4,BID
2018-12-17 09:57:14,HD,170.28,4,ASK
2018-12-17 09:57:15,HD,170.15,4,BID
2018-12-17 09:57:14,HD,170.28,4,ASK
2018-12-17 09:57:15,HD,170.15,4,BID
2018-12-17 09:57:14,HD,170.28,4,ASK
2018-12-17 09:57:15,HD,170.15,4,BID
2018-12-17 09:57:14,HD,170.28,4,ASK
2018-12-17 09:57:15,HD,170.15,4,BID
2018-12-17 09:57:14,HD,170.28,4,ASK
2018-12-17 09:57:27,HD,170.18,3,BID
2018-12-17 09:57:27,HD,170.28,1,ASK
2018-12-17 09:57:27,HD,170.19,6,BID
2018-12-17 09:57:27,HD,170.35,9,ASK
2018-12-17 09:57:27,HD,170.21,4,BID
2018-12-17 09:57:27,HD,170.35,11,ASK
2018-12-17 09:57:30,HD,170.21,4,BID
2018-12-17 09:57:27,HD,170.35,11,ASK
2018-12-17 09:57:30,HD,170.21,4,BID
2018-12-17 09:57:27,HD,170.35,11,ASK
2018-12-17 09:57:31,HD,170.22,4,BID
2018-12-17 09:57:27,HD,170.35,11,ASK
2018-12-17 09:57:31,HD,170.22,4,BID
2018-12-17 09:57:27,HD,170.35,11,ASK
2018-12-17 09:57:31,HD,170.22,4,BID
2018-12-17 09:57:27,HD,170.35,11,ASK
2018-12-17 09:57:31,HD,170.22,4,BID
2018-12-17 09:57:27,HD,170.35,11,ASK
2018-12-17 09:57:31,HD,170.22,4,BID
2018-12-17 09:57:27,HD,170.35,11,ASK
2018-12-17 09:57:31,HD,170.22,4,BID
2018-12-17 09:57:27,HD,170.35,11,ASK
2018-12-17 09:57:31,HD,170.22,4,BID
2018-12-17 09:57:27,HD,170.35,11,ASK
2018-12-17 09:57:38,HD,170.23,5,BID
2018-12-17 09:57:27,HD,170.35,12,ASK
2018-12-17 09:57:38,HD,170.23,5,BID
2018-12-17 09:57:27,HD,170.35,12,ASK
2018-12-17 09:57:38,HD,170.23,5,BID
2018-12-17 09:57:27,HD,170.35,12,ASK
2018-12-17 09:57:42,HD,170.33,4,BID
2018-12-17 09:57:42,HD,170.42,2,ASK
2018-12-17 09:57:42,HD,170.33,4,BID
2018-12-17 09:57:42,HD,170.42,2,ASK
2018-12-17 09:57:44,HD,170.35,1,BID
2018-12-17 09:57:44,HD,170.48,11,ASK
2018-12-17 09:57:44,HD,170.39,4,BID
2018-12-17 09:57:44,HD,170.48,11,ASK
2018-12-17 09:57:44,HD,170.39,4,BID
2018-12-17 09:57:44,HD,170.48,11,ASK
2018-12-17 09:57:47,HD,170.28,2,BID
2018-12-17 09:57:47,HD,170.39,1,ASK
2018-12-17 09:57:48,HD,170.25,4,BID
2018-12-17 09:57:48,HD,170.42,3,ASK
2018-12-17 09:57:48,HD,170.27,4,BID
2018-12-17 09:57:48,HD,170.42,3,ASK
2018-12-17 09:57:50,HD,170.24,6,BID
2018-12-17 09:57:50,HD,170.32,1,ASK
2018-12-17 09:57:51,HD,170.24,6,BID
2018-12-17 09:57:51,HD,170.32,1,ASK
2018-12-17 09:57:51,HD,170.24,6,BID
2018-12-17 09:57:52,HD,170.32,1,ASK
2018-12-17 09:57:51,HD,170.24,6,BID
2018-12-17 09:57:53,HD,170.32,1,ASK
2018-12-17 09:57:51,HD,170.24,6,BID
2018-12-17 09:57:54,HD,170.32,1,ASK
2018-12-17 09:57:51,HD,170.24,6,BID
2018-12-17 09:57:55,HD,170.31,1,ASK
2018-12-17 09:57:51,HD,170.24,6,BID
2018-12-17 09:57:56,HD,170.31,1,ASK
2018-12-17 09:57:57,HD,170.16,1,BID
2018-12-17 09:57:57,HD,170.27,2,ASK
2018-12-17 09:57:57,HD,170.17,4,BID
2018-12-17 09:57:57,HD,170.27,3,ASK
2018-12-17 09:57:58,HD,170.18,4,BID
2018-12-17 09:57:58,HD,170.27,3,ASK
2018-12-17 09:58:00,HD,170.18,4,BID
2018-12-17 09:58:00,HD,170.27,4,ASK
2018-12-17 09:58:01,HD,170.29,1,BID
2018-12-17 09:58:01,HD,170.43,7,ASK
2018-12-17 09:58:02,HD,170.3,1,BID
2018-12-17 09:58:02,HD,170.44,3,ASK
2018-12-17 09:58:02,HD,170.3,1,BID
2018-12-17 09:58:02,HD,170.44,3,ASK
2018-12-17 09:58:04,HD,170.36,1,BID
2018-12-17 09:58:03,HD,170.48,13,ASK
2018-12-17 09:58:05,HD,170.38,4,BID
2018-12-17 09:58:03,HD,170.48,13,ASK
2018-12-17 09:58:06,HD,170.39,4,BID
2018-12-17 09:58:03,HD,170.48,13,ASK
2018-12-17 09:58:06,HD,170.39,4,BID
2018-12-17 09:58:03,HD,170.48,13,ASK
2018-12-17 09:58:06,HD,170.39,4,BID
2018-12-17 09:58:03,HD,170.48,13,ASK
2018-12-17 09:58:01,HD,170.28,6,BID
2018-12-17 09:58:09,HD,170.43,1,ASK
2018-12-17 09:58:10,HD,170.28,6,BID
2018-12-17 09:58:10,HD,170.43,1,ASK
2018-12-17 09:58:10,HD,170.28,6,BID
2018-12-17 09:58:10,HD,170.43,1,ASK
2018-12-17 09:58:10,HD,170.28,6,BID
2018-12-17 09:58:10,HD,170.43,1,ASK
2018-12-17 09:58:10,HD,170.28,6,BID
2018-12-17 09:58:10,HD,170.43,1,ASK
2018-12-17 09:58:14,HD,170.28,6,BID
2018-12-17 09:58:14,HD,170.43,2,ASK
2018-12-17 09:58:00,HD,170.28,6,BID
2018-12-17 09:58:14,HD,170.43,2,ASK
2018-12-17 09:58:00,HD,170.28,6,BID
2018-12-17 09:58:14,HD,170.43,2,ASK
2018-12-17 09:58:00,HD,170.28,6,BID
2018-12-17 09:58:14,HD,170.43,2,ASK
2018-12-17 09:58:00,HD,170.28,6,BID
2018-12-17 09:58:17,HD,170.43,5,ASK
2018-12-17 09:58:00,HD,170.28,6,BID
2018-12-17 09:58:17,HD,170.43,5,ASK
2018-12-17 09:58:00,HD,170.28,6,BID
2018-12-17 09:58:17,HD,170.43,5,ASK
2018-12-17 09:58:00,HD,170.28,6,BID
2018-12-17 09:58:17,HD,170.43,5,ASK
2018-12-17 09:58:00,HD,170.28,6,BID
2018-12-17 09:58:17,HD,170.43,5,ASK
2018-12-17 09:58:00,HD,170.28,6,BID
2018-12-17 09:58:17,HD,170.43,5,ASK
2018-12-17 09:58:00,HD,170.28,6,BID
2018-12-17 09:58:17,HD,170.43,5,ASK
2018-12-17 09:58:25,HD,170.35,1,BID
2018-12-17 09:58:25,HD,170.48,12,ASK
2018-12-17 09:58:25,HD,170.35,7,BID
2018-12-17 09:58:25,HD,170.48,5,ASK
2018-12-17 09:58:27,HD,170.36,4,BID
2018-12-17 09:58:27,HD,170.48,7,ASK
2018-12-17 09:58:27,HD,170.36,4,BID
2018-12-17 09:58:27,HD,170.48,7,ASK
2018-12-17 09:58:29,HD,170.46,2,BID
2018-12-17 09:58:29,HD,170.53,7,ASK
2018-12-17 09:58:30,HD,170.34,4,BID
2018-12-17 09:58:30,HD,170.5,4,ASK
2018-12-17 09:58:30,HD,170.34,4,BID
2018-12-17 09:58:30,HD,170.5,4,ASK
2018-12-17 09:58:32,HD,170.34,4,BID
2018-12-17 09:58:32,HD,170.5,4,ASK
2018-12-17 09:58:33,HD,170.35,3,BID
2018-12-17 09:58:33,HD,170.5,6,ASK
2018-12-17 09:58:34,HD,170.35,6,BID
2018-12-17 09:58:34,HD,170.5,6,ASK
2018-12-17 09:58:34,HD,170.35,6,BID
2018-12-17 09:58:35,HD,170.5,5,ASK
2018-12-17 09:58:34,HD,170.35,6,BID
2018-12-17 09:58:35,HD,170.5,5,ASK
2018-12-17 09:58:34,HD,170.35,6,BID
2018-12-17 09:58:35,HD,170.5,5,ASK
2018-12-17 09:58:38,HD,170.35,6,BID
2018-12-17 09:58:38,HD,170.5,6,ASK
2018-12-17 09:58:39,HD,170.36,4,BID
2018-12-17 09:58:39,HD,170.5,6,ASK
2018-12-17 09:58:40,HD,170.37,4,BID
2018-12-17 09:58:40,HD,170.5,5,ASK
2018-12-17 09:58:40,HD,170.45,1,BID
2018-12-17 09:58:40,HD,170.56,1,ASK
2018-12-17 09:58:41,HD,170.46,4,BID
2018-12-17 09:58:41,HD,170.56,1,ASK
2018-12-17 09:58:43,HD,170.47,4,BID
2018-12-17 09:58:43,HD,170.56,2,ASK
2018-12-17 09:58:43,HD,170.47,4,BID
2018-12-17 09:58:43,HD,170.56,2,ASK
2018-12-17 09:58:45,HD,170.48,4,BID
2018-12-17 09:58:45,HD,170.56,2,ASK
2018-12-17 09:58:45,HD,170.48,4,BID
2018-12-17 09:58:45,HD,170.56,2,ASK
2018-12-17 09:58:47,HD,170.45,6,BID
2018-12-17 09:58:47,HD,170.55,1,ASK
2018-12-17 09:58:47,HD,170.45,6,BID
2018-12-17 09:58:47,HD,170.55,1,ASK
2018-12-17 09:58:47,HD,170.45,6,BID
2018-12-17 09:58:47,HD,170.55,1,ASK
2018-12-17 09:58:47,HD,170.45,6,BID
2018-12-17 09:58:47,HD,170.55,1,ASK
2018-12-17 09:58:47,HD,170.45,6,BID
2018-12-17 09:58:47,HD,170.55,1,ASK
2018-12-17 09:58:47,HD,170.45,6,BID
2018-12-17 09:58:47,HD,170.55,1,ASK
2018-12-17 09:58:47,HD,170.45,6,BID
2018-12-17 09:58:47,HD,170.55,1,ASK
2018-12-17 09:58:47,HD,170.45,6,BID
2018-12-17 09:58:47,HD,170.55,1,ASK
2018-12-17 09:58:47,HD,170.45,6,BID
2018-12-17 09:58:47,HD,170.55,1,ASK
2018-12-17 09:58:47,HD,170.45,6,BID
2018-12-17 09:58:56,HD,170.55,1,ASK
2018-12-17 09:58:47,HD,170.45,6,BID
2018-12-17 09:58:57,HD,170.55,2,ASK
2018-12-17 09:58:58,HD,170.46,4,BID
2018-12-17 09:58:58,HD,170.55,2,ASK
2018-12-17 09:58:58,HD,170.46,4,BID
2018-12-17 09:58:58,HD,170.55,2,ASK
2018-12-17 09:58:47,HD,170.45,6,BID
2018-12-17 09:59:00,HD,170.55,2,ASK
2018-12-17 09:59:01,HD,170.34,5,BID
2018-12-17 09:59:01,HD,170.48,3,ASK
2018-12-17 09:59:02,HD,170.35,5,BID
2018-12-17 09:59:02,HD,170.45,4,ASK
2018-12-17 09:59:02,HD,170.35,5,BID
2018-12-17 09:59:02,HD,170.45,4,ASK
2018-12-17 09:59:04,HD,170.35,5,BID
2018-12-17 09:59:04,HD,170.45,5,ASK
2018-12-17 09:59:04,HD,170.35,5,BID
2018-12-17 09:59:04,HD,170.45,5,ASK
2018-12-17 09:59:06,HD,170.31,4,BID
2018-12-17 09:59:06,HD,170.41,2,ASK
2018-12-17 09:59:06,HD,170.31,4,BID
2018-12-17 09:59:06,HD,170.41,2,ASK
2018-12-17 09:59:06,HD,170.31,4,BID
2018-12-17 09:59:06,HD,170.41,2,ASK
2018-12-17 09:59:06,HD,170.31,4,BID
2018-12-17 09:59:06,HD,170.41,2,ASK
2018-12-17 09:59:10,HD,170.31,5,BID
2018-12-17 09:59:10,HD,170.45,2,ASK
2018-12-17 09:59:11,HD,170.31,5,BID
2018-12-17 09:59:11,HD,170.45,2,ASK
2018-12-17 09:59:12,HD,170.31,5,BID
2018-12-17 09:59:12,HD,170.45,2,ASK
2018-12-17 09:59:13,HD,170.32,4,BID
2018-12-17 09:59:13,HD,170.45,4,ASK
2018-12-17 09:59:14,HD,170.32,4,BID
2018-12-17 09:59:14,HD,170.45,4,ASK
2018-12-17 09:59:15,HD,170.35,3,BID
2018-12-17 09:59:15,HD,170.45,3,ASK
2018-12-17 09:59:16,HD,170.37,4,BID
2018-12-17 09:59:16,HD,170.5,3,ASK
2018-12-17 09:59:16,HD,170.37,4,BID
2018-12-17 09:59:16,HD,170.5,3,ASK
2018-12-17 09:59:16,HD,170.37,4,BID
2018-12-17 09:59:16,HD,170.5,3,ASK
2018-12-17 09:59:19,HD,170.37,5,BID
2018-12-17 09:59:19,HD,170.5,4,ASK
2018-12-17 09:59:19,HD,170.37,5,BID
2018-12-17 09:59:19,HD,170.5,4,ASK
2018-12-17 09:59:21,HD,170.38,3,BID
2018-12-17 09:59:21,HD,170.5,4,ASK
2018-12-17 09:59:22,HD,170.39,3,BID
2018-12-17 09:59:22,HD,170.5,5,ASK
2018-12-17 09:59:22,HD,170.39,3,BID
2018-12-17 09:59:22,HD,170.5,5,ASK
2018-12-17 09:59:22,HD,170.39,3,BID
2018-12-17 09:59:22,HD,170.5,5,ASK
2018-12-17 09:59:25,HD,170.4,3,BID
2018-12-17 09:59:25,HD,170.5,3,ASK
2018-12-17 09:59:25,HD,170.4,3,BID
2018-12-17 09:59:25,HD,170.5,3,ASK
2018-12-17 09:59:25,HD,170.4,3,BID
2018-12-17 09:59:25,HD,170.5,3,ASK
2018-12-17 09:59:25,HD,170.4,3,BID
2018-12-17 09:59:25,HD,170.5,3,ASK
2018-12-17 09:59:29,HD,170.4,3,BID
2018-12-17 09:59:29,HD,170.5,3,ASK
2018-12-17 09:59:30,HD,170.34,5,BID
2018-12-17 09:59:30,HD,170.48,2,ASK
2018-12-17 09:59:30,HD,170.34,5,BID
2018-12-17 09:59:31,HD,170.48,4,ASK
2018-12-17 09:59:30,HD,170.34,5,BID
2018-12-17 09:59:31,HD,170.48,4,ASK
2018-12-17 09:59:30,HD,170.34,5,BID
2018-12-17 09:59:34,HD,170.48,6,ASK
2018-12-17 09:59:30,HD,170.34,6,BID
2018-12-17 09:59:34,HD,170.48,7,ASK
2018-12-17 09:59:30,HD,170.34,6,BID
2018-12-17 09:59:34,HD,170.48,7,ASK
2018-12-17 09:59:36,HD,170.48,2,BID
2018-12-17 09:59:01,HD,170.55,5,ASK
2018-12-17 09:59:36,HD,170.48,2,BID
2018-12-17 09:59:01,HD,170.55,5,ASK
2018-12-17 09:59:36,HD,170.48,4,BID
2018-12-17 09:59:01,HD,170.55,5,ASK
2018-12-17 09:59:36,HD,170.48,4,BID
2018-12-17 09:59:01,HD,170.55,5,ASK
2018-12-17 09:59:38,HD,170.54,1,BID
2018-12-17 09:42:19,HD,170.62,3,ASK
2018-12-17 09:59:40,HD,170.55,4,BID
2018-12-17 09:59:40,HD,170.62,1,ASK
2018-12-17 09:59:42,HD,170.6,5,BID
2018-12-17 09:59:42,HD,170.72,2,ASK
2018-12-17 09:59:43,HD,170.6,5,BID
2018-12-17 09:59:42,HD,170.72,3,ASK
2018-12-17 09:59:43,HD,170.6,5,BID
2018-12-17 09:59:42,HD,170.72,3,ASK
2018-12-17 09:59:43,HD,170.6,5,BID
2018-12-17 09:59:42,HD,170.72,3,ASK
2018-12-17 09:59:47,HD,170.6,5,BID
2018-12-17 09:59:47,HD,170.72,3,ASK
2018-12-17 09:59:47,HD,170.66,6,BID
2018-12-17 09:59:47,HD,170.79,3,ASK
2018-12-17 09:59:48,HD,170.66,6,BID
2018-12-17 09:59:48,HD,170.8,1,ASK
2018-12-17 09:59:48,HD,170.66,6,BID
2018-12-17 09:59:48,HD,170.8,1,ASK
2018-12-17 09:59:50,HD,170.76,3,BID
2018-12-17 09:59:50,HD,170.84,1,ASK
2018-12-17 09:59:51,HD,170.8,1,BID
2018-12-17 09:59:51,HD,170.91,3,ASK
2018-12-17 09:59:51,HD,170.8,4,BID
2018-12-17 09:59:51,HD,170.91,3,ASK
2018-12-17 09:59:51,HD,170.8,4,BID
2018-12-17 09:59:51,HD,170.91,3,ASK
2018-12-17 09:59:53,HD,170.8,4,BID
2018-12-17 09:59:53,HD,170.92,7,ASK
2018-12-17 09:59:55,HD,170.69,5,BID
2018-12-17 09:59:55,HD,170.9,3,ASK
2018-12-17 09:59:55,HD,170.69,5,BID
2018-12-17 09:59:55,HD,170.9,3,ASK
2018-12-17 09:59:56,HD,170.7,5,BID
2018-12-17 09:59:55,HD,170.9,3,ASK
2018-12-17 09:59:56,HD,170.7,5,BID
2018-12-17 09:59:55,HD,170.9,3,ASK
2018-12-17 09:59:56,HD,170.7,5,BID
2018-12-17 09:59:55,HD,170.9,3,ASK
2018-12-17 10:00:00,HD,170.52,1,BID
2018-12-17 10:00:00,HD,170.69,2,ASK
2018-12-17 10:00:00,HD,170.46,5,BID
2018-12-17 10:00:00,HD,170.67,3,ASK
2018-12-17 10:00:01,HD,170.48,2,BID
2018-12-17 10:00:01,HD,170.67,4,ASK
2018-12-17 10:00:01,HD,170.48,3,BID
2018-12-17 10:00:01,HD,170.66,2,ASK
2018-12-17 10:00:01,HD,170.48,4,BID
2018-12-17 10:00:02,HD,170.67,4,ASK
2018-12-17 10:00:02,HD,170.48,8,BID
2018-12-17 10:00:02,HD,170.67,5,ASK
2018-12-17 10:00:04,HD,170.54,1,BID
2018-12-17 10:00:05,HD,170.67,6,ASK
2018-12-17 10:00:05,HD,170.61,4,BID
2018-12-17 10:00:05,HD,170.74,1,ASK
2018-12-17 10:00:06,HD,170.62,6,BID
2018-12-17 10:00:07,HD,170.73,1,ASK
2018-12-17 10:00:07,HD,170.54,7,BID
2018-12-17 10:00:07,HD,170.73,3,ASK
2018-12-17 10:00:07,HD,170.53,3,BID
2018-12-17 10:00:07,HD,170.73,4,ASK
2018-12-17 10:00:08,HD,170.54,4,BID
2018-12-17 10:00:08,HD,170.74,1,ASK
2018-12-17 10:00:08,HD,170.54,4,BID
2018-12-17 10:00:08,HD,170.74,1,ASK
2018-12-17 10:00:08,HD,170.54,4,BID
2018-12-17 10:00:08,HD,170.74,1,ASK
2018-12-17 10:00:10,HD,170.54,3,BID
2018-12-17 10:00:10,HD,170.73,2,ASK
2018-12-17 10:00:11,HD,170.54,3,BID
2018-12-17 10:00:11,HD,170.69,3,ASK
2018-12-17 10:00:11,HD,170.54,3,BID
2018-12-17 10:00:11,HD,170.69,3,ASK
2018-12-17 10:00:15,HD,170.5,4,BID
2018-12-17 10:00:15,HD,170.63,1,ASK
2018-12-17 10:00:15,HD,170.5,4,BID
2018-12-17 10:00:15,HD,170.63,1,ASK
2018-12-17 10:00:15,HD,170.5,4,BID
2018-12-17 10:00:15,HD,170.63,1,ASK
2018-12-17 10:00:15,HD,170.5,4,BID
2018-12-17 10:00:15,HD,170.63,1,ASK
2018-12-17 10:00:22,HD,170.5,2,BID
2018-12-17 10:00:22,HD,170.63,4,ASK
2018-12-17 10:00:22,HD,170.5,2,BID
2018-12-17 10:00:22,HD,170.63,4,ASK
2018-12-17 10:00:22,HD,170.5,2,BID
2018-12-17 10:00:22,HD,170.63,4,ASK
2018-12-17 10:00:25,HD,170.5,3,BID
2018-12-17 10:00:25,HD,170.62,1,ASK
2018-12-17 10:00:26,HD,170.46,6,BID
2018-12-17 10:00:26,HD,170.59,3,ASK
2018-12-17 10:00:26,HD,170.45,3,BID
2018-12-17 10:00:26,HD,170.51,4,ASK
2018-12-17 10:00:27,HD,170.31,3,BID
2018-12-17 10:00:27,HD,170.47,3,ASK
2018-12-17 10:00:28,HD,170.32,4,BID
2018-12-17 10:00:28,HD,170.47,3,ASK
2018-12-17 10:00:30,HD,170.32,4,BID
2018-12-17 10:00:29,HD,170.47,4,ASK
2018-12-17 10:00:31,HD,170.45,4,BID
2018-12-17 10:00:31,HD,170.62,6,ASK
2018-12-17 10:00:32,HD,170.45,4,BID
2018-12-17 10:00:31,HD,170.62,6,ASK
2018-12-17 10:00:32,HD,170.45,4,BID
2018-12-17 10:00:31,HD,170.62,6,ASK
2018-12-17 10:00:33,HD,170.45,4,BID
2018-12-17 10:00:31,HD,170.62,6,ASK
2018-12-17 10:00:34,HD,170.45,4,BID
2018-12-17 10:00:31,HD,170.62,6,ASK
2018-12-17 10:00:36,HD,170.44,4,BID
2018-12-17 10:00:36,HD,170.58,3,ASK
2018-12-17 10:00:37,HD,170.45,4,BID
2018-12-17 10:00:37,HD,170.58,3,ASK
2018-12-17 10:00:38,HD,170.47,4,BID
2018-12-17 10:00:38,HD,170.58,3,ASK
2018-12-17 10:00:38,HD,170.48,4,BID
2018-12-17 10:00:38,HD,170.58,3,ASK
2018-12-17 10:00:38,HD,170.48,4,BID
2018-12-17 10:00:38,HD,170.58,3,ASK
2018-12-17 10:00:40,HD,170.48,4,BID
2018-12-17 10:00:40,HD,170.58,3,ASK
2018-12-17 10:00:41,HD,170.48,4,BID
2018-12-17 10:00:41,HD,170.58,5,ASK
2018-12-17 10:00:42,HD,170.48,4,BID
2018-12-17 10:00:42,HD,170.58,4,ASK
2018-12-17 10:00:44,HD,170.48,4,BID
2018-12-17 10:00:44,HD,170.58,5,ASK
2018-12-17 10:00:45,HD,170.48,4,BID
2018-12-17 10:00:45,HD,170.58,5,ASK
2018-12-17 10:00:45,HD,170.48,4,BID
2018-12-17 10:00:45,HD,170.58,5,ASK
2018-12-17 10:00:47,HD,170.41,3,BID
2018-12-17 10:00:47,HD,170.54,2,ASK
2018-12-17 10:00:47,HD,170.41,3,BID
2018-12-17 10:00:47,HD,170.54,2,ASK
2018-12-17 10:00:47,HD,170.41,3,BID
2018-12-17 10:00:47,HD,170.54,2,ASK
2018-12-17 10:00:47,HD,170.41,3,BID
2018-12-17 10:00:47,HD,170.54,2,ASK
2018-12-17 10:00:47,HD,170.41,3,BID
2018-12-17 10:00:47,HD,170.54,2,ASK
2018-12-17 10:00:47,HD,170.41,3,BID
2018-12-17 10:00:47,HD,170.54,2,ASK
2018-12-17 10:00:47,HD,170.41,3,BID
2018-12-17 10:00:47,HD,170.54,2,ASK
2018-12-17 10:00:53,HD,170.41,3,BID
2018-12-17 10:00:53,HD,170.54,5,ASK
2018-12-17 10:00:54,HD,170.48,1,BID
2018-12-17 10:00:54,HD,170.58,6,ASK
2018-12-17 10:00:55,HD,170.48,5,BID
2018-12-17 10:00:55,HD,170.58,7,ASK
2018-12-17 10:00:56,HD,170.48,3,BID
2018-12-17 10:00:56,HD,170.58,7,ASK
2018-12-17 10:00:56,HD,170.48,3,BID
2018-12-17 10:00:57,HD,170.58,8,ASK
2018-12-17 10:00:56,HD,170.48,3,BID
2018-12-17 10:00:57,HD,170.58,8,ASK
2018-12-17 10:00:56,HD,170.48,3,BID
2018-12-17 10:01:00,HD,170.58,8,ASK
2018-12-17 10:00:56,HD,170.48,3,BID
2018-12-17 10:01:00,HD,170.58,8,ASK
2018-12-17 10:00:56,HD,170.48,3,BID
2018-12-17 10:01:00,HD,170.58,8,ASK
2018-12-17 10:00:56,HD,170.48,3,BID
2018-12-17 10:01:02,HD,170.58,8,ASK
2018-12-17 10:00:56,HD,170.48,3,BID
2018-12-17 10:01:02,HD,170.58,8,ASK
2018-12-17 10:00:56,HD,170.48,3,BID
2018-12-17 10:01:04,HD,170.58,8,ASK
2018-12-17 10:00:54,HD,170.41,7,BID
2018-12-17 10:01:05,HD,170.52,2,ASK
2018-12-17 10:00:54,HD,170.41,7,BID
2018-12-17 10:01:05,HD,170.52,2,ASK
2018-12-17 10:00:54,HD,170.41,7,BID
2018-12-17 10:01:08,HD,170.52,2,ASK
2018-12-17 10:00:54,HD,170.41,7,BID
2018-12-17 10:01:09,HD,170.52,2,ASK
2018-12-17 10:01:10,HD,170.52,1,BID
2018-12-17 10:01:10,HD,170.58,8,ASK
2018-12-17 10:01:10,HD,170.52,3,BID
2018-12-17 10:01:10,HD,170.59,6,ASK
2018-12-17 10:01:12,HD,170.53,1,BID
2018-12-17 10:01:12,HD,170.59,1,ASK
2018-12-17 10:01:12,HD,170.52,3,BID
2018-12-17 10:01:12,HD,170.66,1,ASK
2018-12-17 10:01:13,HD,170.52,3,BID
2018-12-17 10:01:13,HD,170.66,2,ASK
2018-12-17 10:01:13,HD,170.52,3,BID
2018-12-17 10:01:12,HD,170.66,2,ASK
2018-12-17 10:01:16,HD,170.48,3,BID
2018-12-17 10:01:12,HD,170.66,2,ASK
2018-12-17 10:01:16,HD,170.48,3,BID
2018-12-17 10:01:12,HD,170.66,2,ASK
2018-12-17 10:01:18,HD,170.49,4,BID
2018-12-17 10:01:12,HD,170.66,2,ASK
2018-12-17 10:01:19,HD,170.5,4,BID
2018-12-17 10:01:12,HD,170.66,2,ASK
2018-12-17 10:01:19,HD,170.5,4,BID
2018-12-17 10:01:12,HD,170.66,2,ASK
2018-12-17 10:01:20,HD,170.5,4,BID
2018-12-17 10:01:20,HD,170.66,2,ASK
2018-12-17 10:01:20,HD,170.5,4,BID
2018-12-17 10:01:20,HD,170.66,2,ASK
2018-12-17 10:01:22,HD,170.5,3,BID
2018-12-17 10:01:22,HD,170.66,2,ASK
2018-12-17 10:01:23,HD,170.5,3,BID
2018-12-17 10:01:23,HD,170.66,2,ASK
2018-12-17 10:01:25,HD,170.5,3,BID
2018-12-17 10:01:25,HD,170.63,2,ASK
2018-12-17 10:01:26,HD,170.49,4,BID
2018-12-17 10:01:26,HD,170.63,5,ASK
2018-12-17 10:01:26,HD,170.49,4,BID
2018-12-17 10:01:26,HD,170.63,5,ASK
2018-12-17 10:01:28,HD,170.49,4,BID
2018-12-17 10:01:28,HD,170.63,5,ASK
2018-12-17 10:01:28,HD,170.49,4,BID
2018-12-17 10:01:28,HD,170.63,5,ASK
2018-12-17 10:01:30,HD,170.49,4,BID
2018-12-17 10:01:30,HD,170.63,5,ASK
2018-12-17 10:01:30,HD,170.49,4,BID
2018-12-17 10:01:30,HD,170.63,5,ASK
2018-12-17 10:01:30,HD,170.49,4,BID
2018-12-17 10:01:30,HD,170.63,5,ASK
2018-12-17 10:01:33,HD,170.52,3,BID
2018-12-17 10:01:33,HD,170.64,3,ASK
2018-12-17 10:01:34,HD,170.51,2,BID
2018-12-17 10:01:34,HD,170.64,4,ASK
2018-12-17 10:01:34,HD,170.51,5,BID
2018-12-17 10:01:34,HD,170.64,4,ASK
2018-12-17 10:01:36,HD,170.48,4,BID
2018-12-17 10:01:35,HD,170.64,5,ASK
2018-12-17 10:01:37,HD,170.48,3,BID
2018-12-17 10:01:37,HD,170.58,3,ASK
2018-12-17 10:01:37,HD,170.48,3,BID
2018-12-17 10:01:37,HD,170.58,3,ASK
2018-12-17 10:01:38,HD,170.48,3,BID
2018-12-17 10:01:38,HD,170.62,5,ASK
2018-12-17 10:01:40,HD,170.55,5,BID
2018-12-17 10:01:40,HD,170.71,5,ASK
2018-12-17 10:01:41,HD,170.55,6,BID
2018-12-17 10:01:41,HD,170.71,5,ASK
2018-12-17 10:01:41,HD,170.53,3,BID
2018-12-17 10:01:41,HD,170.71,6,ASK
2018-12-17 10:01:41,HD,170.53,3,BID
2018-12-17 10:01:41,HD,170.71,6,ASK
2018-12-17 10:01:41,HD,170.53,3,BID
2018-12-17 10:01:41,HD,170.71,6,ASK
2018-12-17 10:01:45,HD,170.53,3,BID
2018-12-17 10:01:45,HD,170.67,3,ASK
2018-12-17 10:01:46,HD,170.53,3,BID
2018-12-17 10:01:46,HD,170.67,3,ASK
2018-12-17 10:01:46,HD,170.53,3,BID
2018-12-17 10:01:46,HD,170.66,1,ASK
2018-12-17 10:01:48,HD,170.53,3,BID
2018-12-17 10:01:48,HD,170.66,1,ASK
2018-12-17 10:01:48,HD,170.53,3,BID
2018-12-17 10:01:48,HD,170.66,1,ASK
2018-12-17 10:01:48,HD,170.53,3,BID
2018-12-17 10:01:48,HD,170.66,1,ASK
2018-12-17 10:01:51,HD,170.53,3,BID
2018-12-17 10:01:51,HD,170.66,1,ASK
2018-12-17 10:01:52,HD,170.54,3,BID
2018-12-17 10:01:52,HD,170.65,2,ASK
2018-12-17 10:01:53,HD,170.46,5,BID
2018-12-17 10:01:53,HD,170.59,3,ASK
2018-12-17 10:01:54,HD,170.46,3,BID
2018-12-17 10:01:54,HD,170.58,3,ASK
2018-12-17 10:01:55,HD,170.45,3,BID
2018-12-17 10:01:55,HD,170.58,4,ASK
2018-12-17 10:01:55,HD,170.45,4,BID
2018-12-17 10:01:55,HD,170.59,4,ASK
2018-12-17 10:01:56,HD,170.47,2,BID
2018-12-17 10:01:55,HD,170.59,4,ASK
2018-12-17 10:01:58,HD,170.47,5,BID
2018-12-17 10:01:58,HD,170.59,4,ASK
2018-12-17 10:01:59,HD,170.47,4,BID
2018-12-17 10:01:58,HD,170.59,4,ASK
2018-12-17 10:02:00,HD,170.47,4,BID
2018-12-17 10:01:58,HD,170.59,4,ASK
2018-12-17 10:02:01,HD,170.47,4,BID
2018-12-17 10:02:01,HD,170.6,2,ASK
2018-12-17 10:02:01,HD,170.47,4,BID
2018-12-17 10:02:01,HD,170.6,2,ASK
2018-12-17 10:02:03,HD,170.48,2,BID
2018-12-17 10:02:03,HD,170.6,2,ASK
2018-12-17 10:02:03,HD,170.48,2,BID
2018-12-17 10:02:03,HD,170.6,3,ASK
2018-12-17 10:02:03,HD,170.48,2,BID
2018-12-17 10:02:03,HD,170.6,3,ASK
2018-12-17 10:02:05,HD,170.48,2,BID
2018-12-17 10:02:05,HD,170.6,3,ASK
2018-12-17 10:02:03,HD,170.47,7,BID
2018-12-17 10:02:07,HD,170.6,3,ASK
2018-12-17 10:02:03,HD,170.47,7,BID
2018-12-17 10:02:08,HD,170.6,3,ASK
2018-12-17 10:02:09,HD,170.47,5,BID
2018-12-17 10:02:09,HD,170.6,3,ASK
2018-12-17 10:02:09,HD,170.47,5,BID
2018-12-17 10:02:09,HD,170.6,3,ASK
2018-12-17 10:02:11,HD,170.45,4,BID
2018-12-17 10:02:11,HD,170.6,3,ASK
2018-12-17 10:02:12,HD,170.44,3,BID
2018-12-17 10:02:12,HD,170.6,3,ASK
2018-12-17 10:02:13,HD,170.46,5,BID
2018-12-17 10:02:13,HD,170.6,3,ASK
2018-12-17 10:02:14,HD,170.46,5,BID
2018-12-17 10:02:14,HD,170.59,4,ASK
2018-12-17 10:02:13,HD,170.46,5,BID
2018-12-17 10:02:14,HD,170.59,4,ASK
2018-12-17 10:02:16,HD,170.43,6,BID
2018-12-17 10:02:16,HD,170.59,4,ASK
2018-12-17 10:02:17,HD,170.43,6,BID
2018-12-17 10:02:17,HD,170.59,4,ASK
2018-12-17 10:02:18,HD,170.44,4,BID
2018-12-17 10:02:18,HD,170.59,4,ASK
2018-12-17 10:02:18,HD,170.43,5,BID
2018-12-17 10:02:18,HD,170.59,4,ASK
2018-12-17 10:02:20,HD,170.43,5,BID
2018-12-17 10:02:20,HD,170.59,4,ASK
2018-12-17 10:02:20,HD,170.43,5,BID
2018-12-17 10:02:20,HD,170.59,4,ASK
2018-12-17 10:02:20,HD,170.43,5,BID
2018-12-17 10:02:20,HD,170.59,4,ASK
2018-12-17 10:02:20,HD,170.43,5,BID
2018-12-17 10:02:20,HD,170.59,4,ASK
2018-12-17 10:02:20,HD,170.43,5,BID
2018-12-17 10:02:20,HD,170.59,4,ASK
2018-12-17 10:02:25,HD,170.43,5,BID
2018-12-17 10:02:25,HD,170.59,6,ASK
2018-12-17 10:02:25,HD,170.43,5,BID
2018-12-17 10:02:25,HD,170.59,6,ASK
2018-12-17 10:02:25,HD,170.43,5,BID
2018-12-17 10:02:25,HD,170.59,6,ASK
2018-12-17 10:02:25,HD,170.43,5,BID
2018-12-17 10:02:25,HD,170.59,6,ASK
2018-12-17 10:02:25,HD,170.43,5,BID
2018-12-17 10:02:25,HD,170.59,6,ASK
2018-12-17 10:02:30,HD,170.43,5,BID
2018-12-17 10:02:30,HD,170.59,6,ASK
2018-12-17 10:02:31,HD,170.37,3,BID
2018-12-17 10:02:31,HD,170.45,2,ASK
2018-12-17 10:02:31,HD,170.33,2,BID
2018-12-17 10:02:31,HD,170.45,2,ASK
2018-12-17 10:02:33,HD,170.31,9,BID
2018-12-17 10:02:33,HD,170.45,2,ASK
2018-12-17 10:02:34,HD,170.31,8,BID
2018-12-17 10:02:34,HD,170.45,3,ASK
2018-12-17 10:02:34,HD,170.31,8,BID
2018-12-17 10:02:34,HD,170.45,3,ASK
2018-12-17 10:02:34,HD,170.31,8,BID
2018-12-17 10:02:34,HD,170.45,3,ASK
2018-12-17 10:02:37,HD,170.31,8,BID
2018-12-17 10:02:37,HD,170.45,4,ASK
2018-12-17 10:02:37,HD,170.31,8,BID
2018-12-17 10:02:37,HD,170.45,4,ASK
2018-12-17 10:02:38,HD,170.39,2,BID
2018-12-17 10:02:38,HD,170.45,6,ASK
2018-12-17 10:02:38,HD,170.39,2,BID
2018-12-17 10:02:38,HD,170.45,6,ASK
2018-12-17 10:02:38,HD,170.39,2,BID
2018-12-17 10:02:38,HD,170.45,6,ASK
2018-12-17 10:02:42,HD,170.33,3,BID
2018-12-17 10:02:42,HD,170.43,5,ASK
2018-12-17 10:02:42,HD,170.33,3,BID
2018-12-17 10:02:42,HD,170.43,5,ASK
2018-12-17 10:02:44,HD,170.34,2,BID
2018-12-17 10:02:44,HD,170.43,5,ASK
2018-12-17 10:02:45,HD,170.46,1,BID
2018-12-17 10:02:45,HD,170.48,1,ASK
2018-12-17 10:02:45,HD,170.41,3,BID
2018-12-17 10:02:45,HD,170.51,3,ASK
2018-12-17 10:02:46,HD,170.41,3,BID
2018-12-17 10:02:46,HD,170.51,4,ASK
2018-12-17 10:02:46,HD,170.41,3,BID
2018-12-17 10:02:46,HD,170.51,4,ASK
2018-12-17 10:02:46,HD,170.41,3,BID
2018-12-17 10:02:46,HD,170.51,4,ASK
2018-12-17 10:02:50,HD,170.41,3,BID
2018-12-17 10:02:50,HD,170.51,4,ASK
2018-12-17 10:02:50,HD,170.41,3,BID
2018-12-17 10:02:50,HD,170.51,4,ASK
2018-12-17 10:02:50,HD,170.41,3,BID
2018-12-17 10:02:50,HD,170.51,4,ASK
2018-12-17 10:02:53,HD,170.41,3,BID
2018-12-17 10:02:53,HD,170.51,4,ASK
2018-12-17 10:02:53,HD,170.41,3,BID
2018-12-17 10:02:53,HD,170.51,4,ASK
2018-12-17 10:02:55,HD,170.41,3,BID
2018-12-17 10:02:53,HD,170.51,4,ASK
2018-12-17 10:02:55,HD,170.41,3,BID
2018-12-17 10:02:53,HD,170.51,4,ASK
2018-12-17 10:02:55,HD,170.41,3,BID
2018-12-17 10:02:53,HD,170.51,4,ASK
2018-12-17 10:02:58,HD,170.41,4,BID
2018-12-17 10:02:53,HD,170.51,4,ASK
2018-12-17 10:02:59,HD,170.41,4,BID
2018-12-17 10:02:59,HD,170.51,6,ASK
2018-12-17 10:03:00,HD,170.41,4,BID
2018-12-17 10:03:00,HD,170.51,6,ASK
2018-12-17 10:03:01,HD,170.41,5,BID
2018-12-17 10:03:01,HD,170.51,6,ASK
2018-12-17 10:03:01,HD,170.47,4,BID
2018-12-17 10:03:01,HD,170.58,3,ASK
2018-12-17 10:03:01,HD,170.47,4,BID
2018-12-17 10:03:03,HD,170.58,4,ASK
2018-12-17 10:03:01,HD,170.47,4,BID
2018-12-17 10:03:03,HD,170.58,3,ASK
2018-12-17 10:03:01,HD,170.47,4,BID
2018-12-17 10:03:03,HD,170.58,3,ASK
2018-12-17 10:03:06,HD,170.41,4,BID
2018-12-17 10:03:06,HD,170.57,4,ASK
2018-12-17 10:03:06,HD,170.41,7,BID
2018-12-17 10:03:06,HD,170.57,4,ASK
2018-12-17 10:03:06,HD,170.41,7,BID
2018-12-17 10:03:06,HD,170.57,4,ASK
2018-12-17 10:03:06,HD,170.41,6,BID
2018-12-17 10:03:09,HD,170.47,2,ASK
2018-12-17 10:03:06,HD,170.41,6,BID
2018-12-17 10:03:10,HD,170.52,2,ASK
2018-12-17 10:03:06,HD,170.41,6,BID
2018-12-17 10:03:11,HD,170.55,3,ASK
2018-12-17 10:03:06,HD,170.41,6,BID
2018-12-17 10:03:11,HD,170.55,3,ASK
2018-12-17 10:03:06,HD,170.41,6,BID
2018-12-17 10:03:13,HD,170.54,1,ASK
2018-12-17 10:03:06,HD,170.41,6,BID
2018-12-17 10:03:13,HD,170.54,1,ASK
2018-12-17 10:02:45,HD,170.41,6,BID
2018-12-17 10:03:15,HD,170.54,2,ASK
2018-12-17 10:02:45,HD,170.41,6,BID
2018-12-17 10:03:16,HD,170.53,3,ASK
2018-12-17 10:02:45,HD,170.41,6,BID
2018-12-17 10:03:16,HD,170.53,3,ASK
2018-12-17 10:02:45,HD,170.41,6,BID
2018-12-17 10:03:18,HD,170.53,5,ASK
2018-12-17 10:02:45,HD,170.41,6,BID
2018-12-17 10:03:19,HD,170.53,5,ASK
2018-12-17 10:02:45,HD,170.41,6,BID
2018-12-17 10:03:19,HD,170.53,5,ASK
2018-12-17 10:02:45,HD,170.41,6,BID
2018-12-17 10:03:19,HD,170.53,5,ASK
2018-12-17 10:02:45,HD,170.41,6,BID
2018-12-17 10:03:19,HD,170.53,5,ASK
2018-12-17 10:02:45,HD,170.41,6,BID
2018-12-17 10:03:23,HD,170.53,5,ASK
2018-12-17 10:02:45,HD,170.41,6,BID
2018-12-17 10:03:23,HD,170.53,5,ASK
2018-12-17 10:03:25,HD,170.33,7,BID
2018-12-17 10:03:25,HD,170.47,6,ASK
2018-12-17 10:03:25,HD,170.33,7,BID
2018-12-17 10:03:26,HD,170.47,6,ASK
2018-12-17 10:03:25,HD,170.33,7,BID
2018-12-17 10:03:26,HD,170.47,6,ASK
2018-12-17 10:03:25,HD,170.33,7,BID
2018-12-17 10:03:28,HD,170.46,2,ASK
2018-12-17 10:03:25,HD,170.33,7,BID
2018-12-17 10:03:30,HD,170.46,2,ASK
2018-12-17 10:03:25,HD,170.33,7,BID
2018-12-17 10:03:30,HD,170.46,2,ASK
2018-12-17 10:03:25,HD,170.33,7,BID
2018-12-17 10:03:30,HD,170.46,2,ASK
2018-12-17 10:03:25,HD,170.33,7,BID
2018-12-17 10:03:30,HD,170.46,2,ASK
2018-12-17 10:03:33,HD,170.34,4,BID
2018-12-17 10:03:33,HD,170.46,2,ASK
2018-12-17 10:03:34,HD,170.35,3,BID
2018-12-17 10:03:34,HD,170.46,2,ASK
2018-12-17 10:03:34,HD,170.35,3,BID
2018-12-17 10:03:34,HD,170.46,2,ASK
2018-12-17 10:03:36,HD,170.37,3,BID
2018-12-17 10:03:36,HD,170.46,2,ASK
2018-12-17 10:03:37,HD,170.38,3,BID
2018-12-17 10:03:37,HD,170.47,6,ASK
2018-12-17 10:03:37,HD,170.38,3,BID
2018-12-17 10:03:37,HD,170.47,6,ASK
2018-12-17 10:03:39,HD,170.38,3,BID
2018-12-17 10:03:37,HD,170.47,6,ASK
2018-12-17 10:03:40,HD,170.34,3,BID
2018-12-17 10:03:40,HD,170.46,1,ASK
2018-12-17 10:03:42,HD,170.34,3,BID
2018-12-17 10:03:42,HD,170.46,3,ASK
2018-12-17 10:03:42,HD,170.34,3,BID
2018-12-17 10:03:42,HD,170.46,3,ASK
2018-12-17 10:03:42,HD,170.34,3,BID
2018-12-17 10:03:42,HD,170.46,3,ASK
2018-12-17 10:03:42,HD,170.34,3,BID
2018-12-17 10:03:42,HD,170.46,3,ASK
2018-12-17 10:03:42,HD,170.34,3,BID
2018-12-17 10:03:42,HD,170.46,3,ASK
2018-12-17 10:03:46,HD,170.35,4,BID
2018-12-17 10:03:42,HD,170.46,3,ASK
2018-12-17 10:03:47,HD,170.35,4,BID
2018-12-17 10:03:47,HD,170.46,5,ASK
2018-12-17 10:03:48,HD,170.31,5,BID
2018-12-17 10:03:48,HD,170.46,5,ASK
2018-12-17 10:03:49,HD,170.33,3,BID
2018-12-17 10:03:49,HD,170.46,5,ASK
2018-12-17 10:03:50,HD,170.33,3,BID
2018-12-17 10:03:50,HD,170.46,7,ASK
2018-12-17 10:03:50,HD,170.33,3,BID
2018-12-17 10:03:50,HD,170.46,7,ASK
2018-12-17 10:03:50,HD,170.33,3,BID
