timestamp,ticker,price,volume,bid_ask
2018-12-17 09:40:18,IBM,118.98,6,BID
2018-12-17 09:40:35,IBM,119.04,3,ASK
2018-12-17 09:40:18,IBM,118.98,6,BID
2018-12-17 09:40:35,IBM,119.04,3,ASK
2018-12-17 09:40:18,IBM,118.98,6,BID
2018-12-17 09:40:35,IBM,119.04,3,ASK
2018-12-17 09:40:18,IBM,118.98,6,BID
2018-12-17 09:40:35,IBM,119.04,3,ASK
2018-12-17 09:40:18,IBM,118.98,6,BID
2018-12-17 09:40:35,IBM,119.04,3,ASK
2018-12-17 09:40:18,IBM,118.98,6,BID
2018-12-17 09:40:35,IBM,119.04,3,ASK
2018-12-17 09:40:41,IBM,118.91,4,BID
2018-12-17 09:40:41,IBM,118.97,1,ASK
2018-12-17 09:40:41,IBM,118.91,4,BID
2018-12-17 09:40:41,IBM,118.97,1,ASK
2018-12-17 09:40:41,IBM,118.91,3,BID
2018-12-17 09:40:43,IBM,118.97,1,ASK
2018-12-17 09:40:44,IBM,118.91,5,BID
2018-12-17 09:40:45,IBM,119.02,2,ASK
2018-12-17 09:40:45,IBM,118.91,5,BID
2018-12-17 09:40:45,IBM,119.02,6,ASK
2018-12-17 09:40:45,IBM,118.91,5,BID
2018-12-17 09:40:46,IBM,119.02,6,ASK
2018-12-17 09:40:45,IBM,118.91,5,BID
2018-12-17 09:40:46,IBM,119.02,6,ASK
2018-12-17 09:40:45,IBM,118.91,5,BID
2018-12-17 09:40:48,IBM,119.02,6,ASK
2018-12-17 09:40:49,IBM,118.91,7,BID
2018-12-17 09:40:49,IBM,119.02,6,ASK
2018-12-17 09:40:49,IBM,118.91,7,BID
2018-12-17 09:40:50,IBM,119.02,6,ASK
2018-12-17 09:40:49,IBM,118.91,7,BID
2018-12-17 09:40:52,IBM,119.01,2,ASK
2018-12-17 09:40:49,IBM,118.91,7,BID
2018-12-17 09:40:52,IBM,118.99,3,ASK
2018-12-17 09:40:53,IBM,118.91,7,BID
2018-12-17 09:40:52,IBM,118.98,3,ASK
2018-12-17 09:40:55,IBM,118.93,2,BID
2018-12-17 09:40:55,IBM,118.98,5,ASK
2018-12-17 09:40:55,IBM,118.93,2,BID
2018-12-17 09:40:55,IBM,118.98,5,ASK
2018-12-17 09:40:56,IBM,118.93,3,BID
2018-12-17 09:40:56,IBM,118.98,6,ASK
2018-12-17 09:40:56,IBM,118.93,3,BID
2018-12-17 09:40:56,IBM,118.98,6,ASK
2018-12-17 09:40:58,IBM,118.91,7,BID
2018-12-17 09:40:58,IBM,118.97,3,ASK
2018-12-17 09:40:58,IBM,118.91,7,BID
2018-12-17 09:41:00,IBM,118.97,5,ASK
2018-12-17 09:40:58,IBM,118.91,7,BID
2018-12-17 09:41:01,IBM,118.97,4,ASK
2018-12-17 09:40:58,IBM,118.91,7,BID
2018-12-17 09:41:01,IBM,118.97,5,ASK
2018-12-17 09:40:58,IBM,118.91,7,BID
2018-12-17 09:41:02,IBM,118.97,6,ASK
2018-12-17 09:40:58,IBM,118.91,7,BID
2018-12-17 09:41:03,IBM,118.96,1,ASK
2018-12-17 09:40:58,IBM,118.91,7,BID
2018-12-17 09:41:04,IBM,118.96,4,ASK
2018-12-17 09:41:05,IBM,118.85,4,BID
2018-12-17 09:41:05,IBM,118.95,4,ASK
2018-12-17 09:41:05,IBM,118.85,4,BID
2018-12-17 09:41:05,IBM,118.95,4,ASK
2018-12-17 09:41:07,IBM,118.85,4,BID
2018-12-17 09:41:08,IBM,118.95,6,ASK
2018-12-17 09:41:07,IBM,118.85,4,BID
2018-12-17 09:41:08,IBM,118.92,3,ASK
2018-12-17 09:36:15,IBM,118.82,8,BID
2018-12-17 09:41:09,IBM,118.92,3,ASK
2018-12-17 09:41:10,IBM,118.82,7,BID
2018-12-17 09:41:10,IBM,118.91,3,ASK
2018-12-17 09:41:10,IBM,118.82,7,BID
2018-12-17 09:41:11,IBM,118.89,1,ASK
2018-12-17 09:41:11,IBM,118.81,5,BID
2018-12-17 09:41:12,IBM,118.87,5,ASK
2018-12-17 09:41:13,IBM,118.78,2,BID
2018-12-17 09:41:13,IBM,118.83,3,ASK
2018-12-17 09:41:14,IBM,118.77,1,BID
2018-12-17 09:41:14,IBM,118.83,5,ASK
2018-12-17 09:41:15,IBM,118.76,1,BID
2018-12-17 09:41:14,IBM,118.83,6,ASK
2018-12-17 09:41:15,IBM,118.75,18,BID
2018-12-17 09:41:15,IBM,118.82,3,ASK
2018-12-17 09:41:16,IBM,118.76,1,BID
2018-12-17 09:41:16,IBM,118.82,4,ASK
2018-12-17 09:41:18,IBM,118.76,3,BID
2018-12-17 09:41:16,IBM,118.82,4,ASK
2018-12-17 09:41:20,IBM,118.75,18,BID
2018-12-17 09:41:20,IBM,118.8,2,ASK
2018-12-17 09:41:20,IBM,118.75,18,BID
2018-12-17 09:41:20,IBM,118.8,3,ASK
2018-12-17 09:41:22,IBM,118.75,18,BID
2018-12-17 09:41:22,IBM,118.8,3,ASK
2018-12-17 09:41:23,IBM,118.75,18,BID
2018-12-17 09:41:23,IBM,118.8,2,ASK
2018-12-17 09:41:23,IBM,118.75,18,BID
2018-12-17 09:41:23,IBM,118.8,2,ASK
2018-12-17 09:41:24,IBM,118.76,4,BID
2018-12-17 09:41:24,IBM,118.83,7,ASK
2018-12-17 09:41:25,IBM,118.77,3,BID
2018-12-17 09:41:25,IBM,118.83,7,ASK
2018-12-17 09:41:25,IBM,118.77,3,BID
2018-12-17 09:41:26,IBM,118.83,8,ASK
2018-12-17 09:41:25,IBM,118.77,3,BID
2018-12-17 09:41:26,IBM,118.83,8,ASK
2018-12-17 09:41:25,IBM,118.77,4,BID
2018-12-17 09:41:29,IBM,118.83,8,ASK
2018-12-17 09:41:25,IBM,118.77,4,BID
2018-12-17 09:41:30,IBM,118.83,8,ASK
2018-12-17 09:41:30,IBM,118.8,2,BID
2018-12-17 09:41:30,IBM,118.86,6,ASK
2018-12-17 09:41:30,IBM,118.8,2,BID
2018-12-17 09:41:30,IBM,118.86,6,ASK
2018-12-17 09:41:25,IBM,118.77,5,BID
2018-12-17 09:41:32,IBM,118.85,1,ASK
2018-12-17 09:41:25,IBM,118.77,5,BID
2018-12-17 09:41:33,IBM,118.85,2,ASK
2018-12-17 09:41:25,IBM,118.77,5,BID
2018-12-17 09:41:34,IBM,118.85,2,ASK
2018-12-17 09:41:25,IBM,118.77,5,BID
2018-12-17 09:41:35,IBM,118.86,6,ASK
2018-12-17 09:41:25,IBM,118.77,5,BID
2018-12-17 09:41:36,IBM,118.86,6,ASK
2018-12-17 09:41:25,IBM,118.77,5,BID
2018-12-17 09:41:37,IBM,118.86,6,ASK
2018-12-17 09:41:25,IBM,118.77,5,BID
2018-12-17 09:41:37,IBM,118.86,6,ASK
2018-12-17 09:41:25,IBM,118.77,5,BID
2018-12-17 09:41:39,IBM,118.83,1,ASK
2018-12-17 09:41:25,IBM,118.77,5,BID
2018-12-17 09:41:39,IBM,118.83,1,ASK
2018-12-17 09:41:25,IBM,118.77,5,BID
2018-12-17 09:41:39,IBM,118.83,1,ASK
2018-12-17 09:41:25,IBM,118.77,5,BID
2018-12-17 09:41:39,IBM,118.83,1,ASK
2018-12-17 09:41:25,IBM,118.77,5,BID
2018-12-17 09:41:43,IBM,118.81,2,ASK
2018-12-17 09:41:45,IBM,118.72,1,BID
2018-12-17 09:41:45,IBM,118.8,4,ASK
2018-12-17 09:41:46,IBM,118.73,1,BID
2018-12-17 09:41:46,IBM,118.78,1,ASK
2018-12-17 09:41:47,IBM,118.76,5,BID
2018-12-17 09:41:47,IBM,118.83,3,ASK
2018-12-17 09:41:47,IBM,118.76,7,BID
2018-12-17 09:41:47,IBM,118.83,3,ASK
2018-12-17 09:41:49,IBM,118.76,7,BID
2018-12-17 09:41:47,IBM,118.83,3,ASK
2018-12-17 09:41:49,IBM,118.76,7,BID
2018-12-17 09:41:49,IBM,118.85,1,ASK
2018-12-17 09:41:50,IBM,118.76,7,BID
2018-12-17 09:41:50,IBM,118.84,1,ASK
2018-12-17 09:41:50,IBM,118.76,7,BID
2018-12-17 09:41:50,IBM,118.84,1,ASK
2018-12-17 09:41:52,IBM,118.76,7,BID
2018-12-17 09:41:52,IBM,118.84,2,ASK
2018-12-17 09:41:52,IBM,118.76,7,BID
2018-12-17 09:41:52,IBM,118.84,2,ASK
2018-12-17 09:41:52,IBM,118.76,7,BID
2018-12-17 09:41:52,IBM,118.84,2,ASK
2018-12-17 09:41:52,IBM,118.76,7,BID
2018-12-17 09:41:52,IBM,118.84,2,ASK
2018-12-17 09:41:56,IBM,118.76,7,BID
2018-12-17 09:41:56,IBM,118.83,1,ASK
2018-12-17 09:41:58,IBM,118.76,7,BID
2018-12-17 09:41:58,IBM,118.83,3,ASK
2018-12-17 09:41:58,IBM,118.76,7,BID
2018-12-17 09:41:55,IBM,118.84,5,ASK
2018-12-17 09:41:59,IBM,118.76,6,BID
2018-12-17 09:41:55,IBM,118.84,5,ASK
2018-12-17 09:41:59,IBM,118.76,6,BID
2018-12-17 09:41:55,IBM,118.84,5,ASK
2018-12-17 09:41:59,IBM,118.76,6,BID
2018-12-17 09:41:55,IBM,118.84,4,ASK
2018-12-17 09:42:03,IBM,118.77,3,BID
2018-12-17 09:41:55,IBM,118.84,4,ASK
2018-12-17 09:42:03,IBM,118.77,3,BID
2018-12-17 09:42:03,IBM,118.84,5,ASK
2018-12-17 09:42:03,IBM,118.77,3,BID
2018-12-17 09:42:03,IBM,118.84,5,ASK
2018-12-17 09:42:06,IBM,118.76,5,BID
2018-12-17 09:42:06,IBM,118.77,2,ASK
2018-12-17 09:42:06,IBM,118.72,3,BID
2018-12-17 09:42:06,IBM,118.79,4,ASK
2018-12-17 09:42:07,IBM,118.73,1,BID
2018-12-17 09:42:07,IBM,118.79,5,ASK
2018-12-17 09:42:09,IBM,118.73,1,BID
2018-12-17 09:42:09,IBM,118.79,5,ASK
2018-12-17 09:42:09,IBM,118.73,3,BID
2018-12-17 09:42:09,IBM,118.83,3,ASK
2018-12-17 09:42:09,IBM,118.73,3,BID
2018-12-17 09:42:09,IBM,118.83,5,ASK
2018-12-17 09:42:12,IBM,118.73,3,BID
2018-12-17 09:42:10,IBM,118.83,5,ASK
2018-12-17 09:42:12,IBM,118.73,4,BID
2018-12-17 09:42:10,IBM,118.83,5,ASK
2018-12-17 09:42:12,IBM,118.73,4,BID
2018-12-17 09:42:10,IBM,118.83,5,ASK
2018-12-17 09:42:14,IBM,118.73,4,BID
2018-12-17 09:42:15,IBM,118.83,5,ASK
2018-12-17 09:42:14,IBM,118.73,5,BID
2018-12-17 09:42:16,IBM,118.83,5,ASK
2018-12-17 09:42:14,IBM,118.73,5,BID
2018-12-17 09:42:16,IBM,118.83,5,ASK
2018-12-17 09:42:14,IBM,118.73,5,BID
2018-12-17 09:42:16,IBM,118.83,5,ASK
2018-12-17 09:42:14,IBM,118.73,6,BID
2018-12-17 09:42:19,IBM,118.83,5,ASK
2018-12-17 09:42:14,IBM,118.73,6,BID
2018-12-17 09:42:19,IBM,118.83,5,ASK
2018-12-17 09:42:14,IBM,118.73,6,BID
2018-12-17 09:42:20,IBM,118.82,3,ASK
2018-12-17 09:42:14,IBM,118.73,6,BID
2018-12-17 09:42:22,IBM,118.82,5,ASK
2018-12-17 09:42:22,IBM,118.76,3,BID
2018-12-17 09:42:22,IBM,118.82,5,ASK
2018-12-17 09:42:24,IBM,118.76,7,BID
2018-12-17 09:42:24,IBM,118.82,5,ASK
2018-12-17 09:42:25,IBM,118.76,7,BID
2018-12-17 09:42:24,IBM,118.82,5,ASK
2018-12-17 09:42:25,IBM,118.76,7,BID
2018-12-17 09:42:24,IBM,118.82,5,ASK
2018-12-17 09:42:27,IBM,118.77,4,BID
2018-12-17 09:42:27,IBM,118.86,4,ASK
2018-12-17 09:42:27,IBM,118.77,4,BID
2018-12-17 09:42:27,IBM,118.86,3,ASK
2018-12-17 09:42:28,IBM,118.77,4,BID
2018-12-17 09:42:28,IBM,118.86,4,ASK
2018-12-17 09:42:30,IBM,118.77,2,BID
2018-12-17 09:42:30,IBM,118.85,4,ASK
2018-12-17 09:42:30,IBM,118.77,2,BID
2018-12-17 09:42:30,IBM,118.85,4,ASK
2018-12-17 09:42:30,IBM,118.77,2,BID
2018-12-17 09:42:30,IBM,118.85,4,ASK
2018-12-17 09:42:33,IBM,118.77,2,BID
2018-12-17 09:42:33,IBM,118.86,4,ASK
2018-12-17 09:42:34,IBM,118.77,2,BID
2018-12-17 09:42:34,IBM,118.85,3,ASK
2018-12-17 09:42:34,IBM,118.77,2,BID
2018-12-17 09:42:34,IBM,118.85,3,ASK
2018-12-17 09:42:35,IBM,118.77,2,BID
2018-12-17 09:42:35,IBM,118.86,4,ASK
2018-12-17 09:42:35,IBM,118.77,2,BID
2018-12-17 09:42:35,IBM,118.86,4,ASK
2018-12-17 09:42:38,IBM,118.77,2,BID
2018-12-17 09:42:38,IBM,118.85,2,ASK
2018-12-17 09:42:39,IBM,118.77,2,BID
2018-12-17 09:42:39,IBM,118.85,4,ASK
2018-12-17 09:42:40,IBM,118.77,3,BID
2018-12-17 09:42:39,IBM,118.85,4,ASK
2018-12-17 09:42:40,IBM,118.77,3,BID
2018-12-17 09:42:39,IBM,118.85,4,ASK
2018-12-17 09:42:42,IBM,118.78,3,BID
2018-12-17 09:42:42,IBM,118.86,4,ASK
2018-12-17 09:42:43,IBM,118.77,3,BID
2018-12-17 09:42:43,IBM,118.83,1,ASK
2018-12-17 09:42:43,IBM,118.77,3,BID
2018-12-17 09:42:43,IBM,118.83,1,ASK
2018-12-17 09:42:44,IBM,118.79,1,BID
2018-12-17 09:42:44,IBM,118.86,6,ASK
2018-12-17 09:42:46,IBM,118.79,4,BID
2018-12-17 09:42:46,IBM,118.9,2,ASK
2018-12-17 09:42:46,IBM,118.79,4,BID
2018-12-17 09:42:46,IBM,118.9,2,ASK
2018-12-17 09:42:46,IBM,118.79,5,BID
2018-12-17 09:42:48,IBM,118.9,2,ASK
2018-12-17 09:42:49,IBM,118.79,5,BID
2018-12-17 09:42:49,IBM,118.9,2,ASK
2018-12-17 09:42:49,IBM,118.79,5,BID
2018-12-17 09:42:49,IBM,118.9,5,ASK
2018-12-17 09:42:49,IBM,118.79,5,BID
2018-12-17 09:42:51,IBM,118.9,6,ASK
2018-12-17 09:42:49,IBM,118.79,5,BID
2018-12-17 09:42:52,IBM,118.87,4,ASK
2018-12-17 09:42:49,IBM,118.79,5,BID
2018-12-17 09:42:53,IBM,118.87,6,ASK
2018-12-17 09:42:49,IBM,118.79,5,BID
2018-12-17 09:42:54,IBM,118.87,8,ASK
2018-12-17 09:42:49,IBM,118.79,5,BID
2018-12-17 09:42:54,IBM,118.87,8,ASK
2018-12-17 09:42:49,IBM,118.79,5,BID
2018-12-17 09:42:56,IBM,118.87,8,ASK
2018-12-17 09:42:49,IBM,118.79,5,BID
2018-12-17 09:42:56,IBM,118.87,8,ASK
2018-12-17 09:42:49,IBM,118.79,5,BID
2018-12-17 09:42:56,IBM,118.87,8,ASK
2018-12-17 09:42:49,IBM,118.79,5,BID
2018-12-17 09:42:56,IBM,118.87,8,ASK
2018-12-17 09:42:49,IBM,118.79,5,BID
2018-12-17 09:43:00,IBM,118.87,8,ASK
2018-12-17 09:42:49,IBM,118.79,5,BID
2018-12-17 09:43:00,IBM,118.87,8,ASK
2018-12-17 09:42:49,IBM,118.79,5,BID
2018-12-17 09:43:00,IBM,118.87,8,ASK
2018-12-17 09:43:03,IBM,118.8,4,BID
2018-12-17 09:43:03,IBM,118.84,3,ASK
2018-12-17 09:43:03,IBM,118.8,4,BID
2018-12-17 09:43:04,IBM,118.84,2,ASK
2018-12-17 09:43:05,IBM,118.8,5,BID
2018-12-17 09:43:05,IBM,118.84,4,ASK
2018-12-17 09:43:05,IBM,118.8,5,BID
2018-12-17 09:43:06,IBM,118.84,4,ASK
2018-12-17 09:43:05,IBM,118.8,5,BID
2018-12-17 09:43:06,IBM,118.84,4,ASK
2018-12-17 09:43:05,IBM,118.8,5,BID
2018-12-17 09:43:06,IBM,118.84,5,ASK
2018-12-17 09:43:09,IBM,118.77,3,BID
2018-12-17 09:43:09,IBM,118.83,2,ASK
2018-12-17 09:43:09,IBM,118.77,3,BID
2018-12-17 09:43:09,IBM,118.83,2,ASK
2018-12-17 09:43:11,IBM,118.77,2,BID
2018-12-17 09:43:11,IBM,118.84,7,ASK
2018-12-17 09:43:11,IBM,118.77,2,BID
2018-12-17 09:43:11,IBM,118.84,7,ASK
2018-12-17 09:43:13,IBM,118.77,3,BID
2018-12-17 09:43:13,IBM,118.83,4,ASK
2018-12-17 09:43:13,IBM,118.77,3,BID
2018-12-17 09:43:14,IBM,118.82,1,ASK
2018-12-17 09:43:13,IBM,118.77,3,BID
2018-12-17 09:43:15,IBM,118.82,2,ASK
2018-12-17 09:43:16,IBM,118.76,10,BID
2018-12-17 09:43:16,IBM,118.77,2,ASK
2018-12-17 09:42:14,IBM,118.73,3,BID
2018-12-17 09:43:16,IBM,118.77,1,ASK
2018-12-17 09:43:18,IBM,118.72,1,BID
2018-12-17 09:43:18,IBM,118.77,1,ASK
2018-12-17 09:43:19,IBM,118.65,1,BID
2018-12-17 09:43:19,IBM,118.7,1,ASK
2018-12-17 09:43:19,IBM,118.65,1,BID
2018-12-17 09:43:19,IBM,118.7,2,ASK
2018-12-17 09:43:20,IBM,118.56,15,BID
2018-12-17 09:43:20,IBM,118.66,3,ASK
2018-12-17 09:43:20,IBM,118.55,3,BID
2018-12-17 09:43:20,IBM,118.61,3,ASK
2018-12-17 09:43:20,IBM,118.55,3,BID
2018-12-17 09:43:20,IBM,118.61,5,ASK
2018-12-17 09:43:21,IBM,118.55,3,BID
2018-12-17 09:43:21,IBM,118.61,5,ASK
2018-12-17 09:43:21,IBM,118.55,3,BID
2018-12-17 09:43:21,IBM,118.6,1,ASK
2018-12-17 09:43:21,IBM,118.55,3,BID
2018-12-17 09:43:21,IBM,118.6,1,ASK
2018-12-17 09:43:22,IBM,118.52,2,BID
2018-12-17 09:43:22,IBM,118.6,2,ASK
2018-12-17 09:43:23,IBM,118.52,1,BID
2018-12-17 09:43:23,IBM,118.61,7,ASK
2018-12-17 09:43:24,IBM,118.52,2,BID
2018-12-17 09:43:24,IBM,118.61,7,ASK
2018-12-17 09:43:25,IBM,118.52,2,BID
2018-12-17 09:43:25,IBM,118.61,10,ASK
2018-12-17 09:43:26,IBM,118.52,5,BID
2018-12-17 09:43:26,IBM,118.61,10,ASK
2018-12-17 09:43:26,IBM,118.52,5,BID
2018-12-17 09:43:28,IBM,118.61,10,ASK
2018-12-17 09:43:26,IBM,118.52,5,BID
2018-12-17 09:43:28,IBM,118.61,10,ASK
2018-12-17 09:43:26,IBM,118.52,5,BID
2018-12-17 09:43:28,IBM,118.61,10,ASK
2018-12-17 09:43:26,IBM,118.52,5,BID
2018-12-17 09:43:28,IBM,118.61,10,ASK
2018-12-17 09:43:26,IBM,118.52,5,BID
2018-12-17 09:43:28,IBM,118.61,11,ASK
2018-12-17 09:43:34,IBM,118.52,6,BID
2018-12-17 09:43:34,IBM,118.6,5,ASK
2018-12-17 09:43:34,IBM,118.52,6,BID
2018-12-17 09:43:34,IBM,118.6,5,ASK
2018-12-17 09:43:38,IBM,118.52,6,BID
2018-12-17 09:43:34,IBM,118.6,5,ASK
2018-12-17 09:43:38,IBM,118.47,1,BID
2018-12-17 09:43:38,IBM,118.55,7,ASK
2018-12-17 09:43:39,IBM,118.44,2,BID
2018-12-17 09:43:39,IBM,118.54,5,ASK
2018-12-17 09:43:39,IBM,118.44,2,BID
2018-12-17 09:43:39,IBM,118.54,5,ASK
2018-12-17 09:43:40,IBM,118.44,3,BID
2018-12-17 09:43:40,IBM,118.54,5,ASK
2018-12-17 09:43:41,IBM,118.44,4,BID
2018-12-17 09:43:41,IBM,118.51,1,ASK
2018-12-17 09:43:41,IBM,118.44,5,BID
2018-12-17 09:43:42,IBM,118.51,1,ASK
2018-12-17 09:43:46,IBM,118.39,4,BID
2018-12-17 09:43:46,IBM,118.46,4,ASK
2018-12-17 09:43:47,IBM,118.39,4,BID
2018-12-17 09:43:47,IBM,118.44,3,ASK
2018-12-17 09:43:48,IBM,118.42,3,BID
2018-12-17 09:43:48,IBM,118.5,2,ASK
2018-12-17 09:43:49,IBM,118.5,4,BID
2018-12-17 09:43:49,IBM,118.57,1,ASK
2018-12-17 09:43:50,IBM,118.5,4,BID
2018-12-17 09:43:50,IBM,118.57,1,ASK
2018-12-17 09:43:51,IBM,118.5,4,BID
2018-12-17 09:43:51,IBM,118.57,1,ASK
2018-12-17 09:43:52,IBM,118.5,4,BID
2018-12-17 09:43:52,IBM,118.57,1,ASK
2018-12-17 09:43:53,IBM,118.51,1,BID
2018-12-17 09:43:53,IBM,118.59,1,ASK
2018-12-17 09:43:54,IBM,118.46,2,BID
2018-12-17 09:43:54,IBM,118.56,3,ASK
2018-12-17 09:43:55,IBM,118.46,2,BID
2018-12-17 09:43:54,IBM,118.56,3,ASK
2018-12-17 09:43:56,IBM,118.46,2,BID
2018-12-17 09:43:56,IBM,118.56,5,ASK
2018-12-17 09:43:57,IBM,118.42,4,BID
2018-12-17 09:43:57,IBM,118.55,3,ASK
2018-12-17 09:43:58,IBM,118.42,7,BID
2018-12-17 09:43:58,IBM,118.55,5,ASK
2018-12-17 09:43:59,IBM,118.42,7,BID
2018-12-17 09:43:58,IBM,118.56,6,ASK
2018-12-17 09:44:00,IBM,118.42,9,BID
2018-12-17 09:44:00,IBM,118.55,1,ASK
2018-12-17 09:44:01,IBM,118.43,5,BID
2018-12-17 09:44:01,IBM,118.55,1,ASK
2018-12-17 09:44:02,IBM,118.43,6,BID
2018-12-17 09:43:58,IBM,118.56,6,ASK
2018-12-17 09:44:03,IBM,118.43,4,BID
2018-12-17 09:44:03,IBM,118.55,2,ASK
2018-12-17 09:44:03,IBM,118.43,4,BID
2018-12-17 09:44:03,IBM,118.55,2,ASK
2018-12-17 09:44:03,IBM,118.43,5,BID
2018-12-17 09:44:05,IBM,118.55,2,ASK
2018-12-17 09:44:06,IBM,118.43,5,BID
2018-12-17 09:44:05,IBM,118.55,2,ASK
2018-12-17 09:44:06,IBM,118.44,4,BID
2018-12-17 09:44:06,IBM,118.56,6,ASK
2018-12-17 09:44:07,IBM,118.46,2,BID
2018-12-17 09:44:07,IBM,118.55,4,ASK
2018-12-17 09:44:09,IBM,118.46,6,BID
2018-12-17 09:44:09,IBM,118.55,1,ASK
2018-12-17 09:44:09,IBM,118.46,7,BID
2018-12-17 09:44:10,IBM,118.55,2,ASK
2018-12-17 09:44:09,IBM,118.46,7,BID
2018-12-17 09:44:10,IBM,118.55,2,ASK
2018-12-17 09:44:07,IBM,118.46,7,BID
2018-12-17 09:44:10,IBM,118.55,2,ASK
2018-12-17 09:44:07,IBM,118.46,7,BID
2018-12-17 09:44:10,IBM,118.55,2,ASK
2018-12-17 09:44:14,IBM,118.51,3,BID
2018-12-17 09:44:14,IBM,118.6,5,ASK
2018-12-17 09:44:14,IBM,118.54,1,BID
2018-12-17 09:44:14,IBM,118.6,6,ASK
2018-12-17 09:44:14,IBM,118.54,1,BID
2018-12-17 09:44:14,IBM,118.6,6,ASK
2018-12-17 09:44:17,IBM,118.55,1,BID
2018-12-17 09:44:17,IBM,118.6,6,ASK
2018-12-17 09:44:17,IBM,118.55,1,BID
2018-12-17 09:44:17,IBM,118.6,6,ASK
2018-12-17 09:44:20,IBM,118.61,1,BID
2018-12-17 09:44:20,IBM,118.66,5,ASK
2018-12-17 09:44:20,IBM,118.6,1,BID
2018-12-17 09:44:20,IBM,118.65,1,ASK
2018-12-17 09:44:21,IBM,118.6,1,BID
2018-12-17 09:44:21,IBM,118.66,5,ASK
2018-12-17 09:44:22,IBM,118.61,2,BID
2018-12-17 09:44:22,IBM,118.66,6,ASK
2018-12-17 09:44:24,IBM,118.61,6,BID
2018-12-17 09:44:23,IBM,118.7,3,ASK
2018-12-17 09:44:24,IBM,118.61,6,BID
2018-12-17 09:44:23,IBM,118.7,3,ASK
2018-12-17 09:44:25,IBM,118.61,6,BID
2018-12-17 09:44:23,IBM,118.7,3,ASK
2018-12-17 09:44:26,IBM,118.62,1,BID
2018-12-17 09:44:23,IBM,118.7,3,ASK
2018-12-17 09:44:27,IBM,118.61,6,BID
2018-12-17 09:44:23,IBM,118.7,3,ASK
2018-12-17 09:44:28,IBM,118.61,7,BID
2018-12-17 09:44:23,IBM,118.7,3,ASK
2018-12-17 09:44:30,IBM,118.61,7,BID
2018-12-17 09:44:23,IBM,118.7,3,ASK
2018-12-17 09:44:30,IBM,118.61,7,BID
2018-12-17 09:44:23,IBM,118.7,3,ASK
2018-12-17 09:44:31,IBM,118.61,7,BID
2018-12-17 09:44:23,IBM,118.7,3,ASK
2018-12-17 09:44:32,IBM,118.61,7,BID
2018-12-17 09:44:32,IBM,118.7,5,ASK
2018-12-17 09:44:32,IBM,118.61,7,BID
2018-12-17 09:44:32,IBM,118.7,5,ASK
2018-12-17 09:44:32,IBM,118.61,7,BID
2018-12-17 09:44:32,IBM,118.7,5,ASK
2018-12-17 09:44:32,IBM,118.61,7,BID
2018-12-17 09:44:32,IBM,118.7,5,ASK
2018-12-17 09:44:36,IBM,118.63,1,BID
2018-12-17 09:44:36,IBM,118.7,5,ASK
2018-12-17 09:44:36,IBM,118.63,1,BID
2018-12-17 09:44:36,IBM,118.7,5,ASK
2018-12-17 09:44:38,IBM,118.62,1,BID
2018-12-17 09:44:38,IBM,118.7,6,ASK
2018-12-17 09:44:40,IBM,118.63,1,BID
2018-12-17 09:44:40,IBM,118.7,6,ASK
2018-12-17 09:44:40,IBM,118.63,1,BID
2018-12-17 09:44:40,IBM,118.7,6,ASK
2018-12-17 09:44:41,IBM,118.67,5,BID
2018-12-17 09:44:41,IBM,118.78,1,ASK
2018-12-17 09:44:43,IBM,118.69,5,BID
2018-12-17 09:44:43,IBM,118.83,1,ASK
2018-12-17 09:44:43,IBM,118.71,4,BID
2018-12-17 09:44:42,IBM,118.84,9,ASK
2018-12-17 09:44:44,IBM,118.71,5,BID
2018-12-17 09:44:42,IBM,118.84,10,ASK
2018-12-17 09:44:45,IBM,118.71,7,BID
2018-12-17 09:44:45,IBM,118.83,4,ASK
2018-12-17 09:44:45,IBM,118.71,7,BID
2018-12-17 09:44:45,IBM,118.83,4,ASK
2018-12-17 09:44:48,IBM,118.71,7,BID
2018-12-17 09:44:48,IBM,118.83,4,ASK
2018-12-17 09:44:48,IBM,118.71,7,BID
2018-12-17 09:44:48,IBM,118.83,3,ASK
2018-12-17 09:44:48,IBM,118.71,7,BID
2018-12-17 09:44:48,IBM,118.83,3,ASK
2018-12-17 09:44:48,IBM,118.71,7,BID
2018-12-17 09:44:48,IBM,118.83,3,ASK
2018-12-17 09:44:48,IBM,118.71,7,BID
2018-12-17 09:44:52,IBM,118.83,5,ASK
2018-12-17 09:44:48,IBM,118.71,7,BID
2018-12-17 09:44:52,IBM,118.83,5,ASK
2018-12-17 09:44:48,IBM,118.71,8,BID
2018-12-17 09:44:53,IBM,118.83,5,ASK
2018-12-17 09:44:48,IBM,118.71,8,BID
2018-12-17 09:44:53,IBM,118.83,5,ASK
2018-12-17 09:44:48,IBM,118.71,8,BID
2018-12-17 09:44:55,IBM,118.83,5,ASK
2018-12-17 09:44:56,IBM,118.71,8,BID
2018-12-17 09:44:56,IBM,118.83,5,ASK
2018-12-17 09:44:57,IBM,118.71,8,BID
2018-12-17 09:44:57,IBM,118.83,5,ASK
2018-12-17 09:44:59,IBM,118.71,8,BID
2018-12-17 09:44:59,IBM,118.83,6,ASK
2018-12-17 09:45:00,IBM,118.71,8,BID
2018-12-17 09:45:00,IBM,118.83,6,ASK
2018-12-17 09:45:00,IBM,118.71,7,BID
2018-12-17 09:45:00,IBM,118.82,1,ASK
2018-12-17 09:45:00,IBM,118.71,8,BID
2018-12-17 09:45:01,IBM,118.82,1,ASK
2018-12-17 09:45:01,IBM,118.71,7,BID
2018-12-17 09:45:02,IBM,118.82,3,ASK
2018-12-17 09:44:41,IBM,118.63,3,BID
2018-12-17 09:45:02,IBM,118.71,5,ASK
2018-12-17 09:45:04,IBM,118.61,10,BID
2018-12-17 09:45:04,IBM,118.7,2,ASK
2018-12-17 09:45:04,IBM,118.61,10,BID
2018-12-17 09:45:05,IBM,118.7,4,ASK
2018-12-17 09:45:04,IBM,118.61,9,BID
2018-12-17 09:45:06,IBM,118.69,3,ASK
2018-12-17 09:45:08,IBM,118.6,4,BID
2018-12-17 09:45:07,IBM,118.67,3,ASK
2018-12-17 09:45:09,IBM,118.56,2,BID
2018-12-17 09:45:09,IBM,118.66,4,ASK
2018-12-17 09:45:09,IBM,118.51,2,BID
2018-12-17 09:45:09,IBM,118.62,5,ASK
2018-12-17 09:45:09,IBM,118.5,7,BID
2018-12-17 09:45:10,IBM,118.61,2,ASK
2018-12-17 09:45:09,IBM,118.5,7,BID
2018-12-17 09:45:11,IBM,118.61,4,ASK
2018-12-17 09:45:12,IBM,118.5,7,BID
2018-12-17 09:45:12,IBM,118.61,9,ASK
2018-12-17 09:45:14,IBM,118.57,1,BID
2018-12-17 09:45:14,IBM,118.66,3,ASK
2018-12-17 09:45:15,IBM,118.57,3,BID
2018-12-17 09:45:15,IBM,118.66,5,ASK
2018-12-17 09:45:16,IBM,118.59,2,BID
2018-12-17 09:45:16,IBM,118.67,9,ASK
2018-12-17 09:45:16,IBM,118.59,3,BID
2018-12-17 09:45:16,IBM,118.7,7,ASK
2018-12-17 09:45:17,IBM,118.59,5,BID
2018-12-17 09:45:16,IBM,118.7,7,ASK
2018-12-17 09:45:18,IBM,118.59,5,BID
2018-12-17 09:45:16,IBM,118.7,7,ASK
2018-12-17 09:45:19,IBM,118.7,5,BID
2018-12-17 09:45:19,IBM,118.75,1,ASK
2018-12-17 09:45:20,IBM,118.61,1,BID
2018-12-17 09:45:20,IBM,118.73,5,ASK
2018-12-17 09:45:21,IBM,118.61,6,BID
2018-12-17 09:45:21,IBM,118.74,5,ASK
2018-12-17 09:45:21,IBM,118.62,5,BID
2018-12-17 09:45:21,IBM,118.74,4,ASK
2018-12-17 09:45:21,IBM,118.62,5,BID
2018-12-17 09:45:21,IBM,118.74,4,ASK
2018-12-17 09:45:21,IBM,118.62,5,BID
2018-12-17 09:45:22,IBM,118.76,3,ASK
2018-12-17 09:45:21,IBM,118.62,5,BID
2018-12-17 09:45:24,IBM,118.76,4,ASK
2018-12-17 09:45:21,IBM,118.62,5,BID
2018-12-17 09:45:24,IBM,118.76,3,ASK
2018-12-17 09:45:26,IBM,118.63,2,BID
2018-12-17 09:45:26,IBM,118.75,2,ASK
2018-12-17 09:45:21,IBM,118.62,5,BID
2018-12-17 09:45:24,IBM,118.76,3,ASK
2018-12-17 09:45:21,IBM,118.62,6,BID
2018-12-17 09:45:28,IBM,118.76,3,ASK
2018-12-17 09:45:21,IBM,118.62,6,BID
2018-12-17 09:45:28,IBM,118.76,3,ASK
2018-12-17 09:45:21,IBM,118.62,6,BID
2018-12-17 09:45:31,IBM,118.76,4,ASK
2018-12-17 09:45:21,IBM,118.62,6,BID
2018-12-17 09:45:31,IBM,118.76,4,ASK
2018-12-17 09:45:21,IBM,118.62,6,BID
2018-12-17 09:45:31,IBM,118.76,4,ASK
2018-12-17 09:45:34,IBM,118.66,2,BID
2018-12-17 09:45:34,IBM,118.76,7,ASK
2018-12-17 09:45:35,IBM,118.65,5,BID
2018-12-17 09:45:34,IBM,118.76,6,ASK
2018-12-17 09:45:35,IBM,118.7,3,BID
2018-12-17 09:45:36,IBM,118.79,2,ASK
2018-12-17 09:45:37,IBM,118.69,1,BID
2018-12-17 09:45:36,IBM,118.78,2,ASK
2018-12-17 09:45:39,IBM,118.68,1,BID
2018-12-17 09:45:39,IBM,118.78,3,ASK
2018-12-17 09:45:39,IBM,118.68,1,BID
2018-12-17 09:45:39,IBM,118.78,3,ASK
2018-12-17 09:45:39,IBM,118.68,1,BID
2018-12-17 09:45:39,IBM,118.78,3,ASK
2018-12-17 09:45:42,IBM,118.68,1,BID
2018-12-17 09:45:42,IBM,118.78,6,ASK
2018-12-17 09:45:43,IBM,118.68,1,BID
2018-12-17 09:45:43,IBM,118.77,2,ASK
2018-12-17 09:45:44,IBM,118.68,1,BID
2018-12-17 09:45:43,IBM,118.76,2,ASK
2018-12-17 09:45:44,IBM,118.68,1,BID
2018-12-17 09:45:43,IBM,118.76,2,ASK
2018-12-17 09:45:46,IBM,118.67,1,BID
2018-12-17 09:45:46,IBM,118.74,2,ASK
2018-12-17 09:45:47,IBM,118.67,2,BID
2018-12-17 09:45:47,IBM,118.74,1,ASK
2018-12-17 09:45:47,IBM,118.67,2,BID
2018-12-17 09:45:47,IBM,118.74,1,ASK
2018-12-17 09:45:47,IBM,118.67,2,BID
2018-12-17 09:45:47,IBM,118.74,1,ASK
2018-12-17 09:45:47,IBM,118.67,2,BID
2018-12-17 09:45:47,IBM,118.74,1,ASK
2018-12-17 09:45:47,IBM,118.67,2,BID
2018-12-17 09:45:47,IBM,118.74,1,ASK
2018-12-17 09:45:52,IBM,118.67,4,BID
2018-12-17 09:45:52,IBM,118.72,3,ASK
2018-12-17 09:45:53,IBM,118.66,3,BID
2018-12-17 09:45:53,IBM,118.72,3,ASK
2018-12-17 09:45:54,IBM,118.62,5,BID
2018-12-17 09:45:54,IBM,118.71,3,ASK
2018-12-17 09:45:54,IBM,118.62,6,BID
2018-12-17 09:45:55,IBM,118.71,7,ASK
2018-12-17 09:45:54,IBM,118.62,6,BID
2018-12-17 09:45:55,IBM,118.71,6,ASK
2018-12-17 09:45:57,IBM,118.61,6,BID
2018-12-17 09:45:57,IBM,118.7,1,ASK
2018-12-17 09:45:57,IBM,118.61,7,BID
2018-12-17 09:45:57,IBM,118.7,3,ASK
2018-12-17 09:45:57,IBM,118.61,7,BID
2018-12-17 09:45:59,IBM,118.7,7,ASK
2018-12-17 09:46:00,IBM,118.62,3,BID
2018-12-17 09:46:00,IBM,118.7,7,ASK
2018-12-17 09:46:01,IBM,118.62,3,BID
2018-12-17 09:46:00,IBM,118.69,3,ASK
2018-12-17 09:45:57,IBM,118.61,7,BID
2018-12-17 09:46:02,IBM,118.69,2,ASK
2018-12-17 09:45:57,IBM,118.61,7,BID
2018-12-17 09:46:02,IBM,118.69,2,ASK
2018-12-17 09:45:57,IBM,118.61,7,BID
2018-12-17 09:46:03,IBM,118.69,1,ASK
2018-12-17 09:46:04,IBM,118.55,1,BID
2018-12-17 09:46:04,IBM,118.64,2,ASK
2018-12-17 09:46:06,IBM,118.55,2,BID
2018-12-17 09:46:06,IBM,118.64,3,ASK
2018-12-17 09:46:07,IBM,118.55,2,BID
2018-12-17 09:46:07,IBM,118.64,3,ASK
2018-12-17 09:46:07,IBM,118.55,2,BID
2018-12-17 09:46:07,IBM,118.64,3,ASK
2018-12-17 09:46:07,IBM,118.55,2,BID
2018-12-17 09:46:07,IBM,118.64,3,ASK
2018-12-17 09:46:07,IBM,118.55,2,BID
2018-12-17 09:46:07,IBM,118.64,3,ASK
2018-12-17 09:46:07,IBM,118.55,2,BID
2018-12-17 09:46:07,IBM,118.64,3,ASK
2018-12-17 09:46:12,IBM,118.52,2,BID
2018-12-17 09:46:12,IBM,118.63,2,ASK
2018-12-17 09:46:12,IBM,118.54,1,BID
2018-12-17 09:46:12,IBM,118.63,4,ASK
2018-12-17 09:46:14,IBM,118.54,1,BID
2018-12-17 09:46:12,IBM,118.63,4,ASK
2018-12-17 09:46:14,IBM,118.54,1,BID
2018-12-17 09:46:12,IBM,118.63,4,ASK
2018-12-17 09:46:14,IBM,118.54,1,BID
2018-12-17 09:46:12,IBM,118.63,4,ASK
2018-12-17 09:46:17,IBM,118.54,3,BID
2018-12-17 09:46:12,IBM,118.63,4,ASK
2018-12-17 09:46:17,IBM,118.54,3,BID
2018-12-17 09:46:12,IBM,118.63,4,ASK
2018-12-17 09:46:19,IBM,118.55,2,BID
2018-12-17 09:46:19,IBM,118.64,3,ASK
2018-12-17 09:46:19,IBM,118.64,3,BID
2018-12-17 09:45:57,IBM,118.7,7,ASK
2018-12-17 09:46:20,IBM,118.59,1,BID
2018-12-17 09:46:20,IBM,118.69,8,ASK
2018-12-17 09:46:22,IBM,118.59,1,BID
2018-12-17 09:46:22,IBM,118.69,10,ASK
2018-12-17 09:46:23,IBM,118.59,1,BID
2018-12-17 09:46:22,IBM,118.69,10,ASK
2018-12-17 09:46:23,IBM,118.59,1,BID
2018-12-17 09:46:23,IBM,118.69,10,ASK
2018-12-17 09:46:24,IBM,118.59,3,BID
2018-12-17 09:46:24,IBM,118.68,3,ASK
2018-12-17 09:46:24,IBM,118.59,3,BID
2018-12-17 09:46:24,IBM,118.68,3,ASK
2018-12-17 09:46:24,IBM,118.59,3,BID
2018-12-17 09:46:24,IBM,118.68,3,ASK
2018-12-17 09:46:24,IBM,118.59,3,BID
2018-12-17 09:46:24,IBM,118.69,11,ASK
2018-12-17 09:46:24,IBM,118.59,3,BID
2018-12-17 09:46:24,IBM,118.69,11,ASK
2018-12-17 09:46:24,IBM,118.59,3,BID
2018-12-17 09:46:24,IBM,118.69,11,ASK
2018-12-17 09:46:30,IBM,118.59,3,BID
2018-12-17 09:46:30,IBM,118.69,11,ASK
2018-12-17 09:46:31,IBM,118.59,3,BID
2018-12-17 09:45:57,IBM,118.7,7,ASK
2018-12-17 09:46:31,IBM,118.59,3,BID
2018-12-17 09:45:57,IBM,118.7,7,ASK
2018-12-17 09:46:32,IBM,118.59,3,BID
2018-12-17 09:46:32,IBM,118.69,1,ASK
2018-12-17 09:46:32,IBM,118.59,3,BID
2018-12-17 09:46:32,IBM,118.69,3,ASK
2018-12-17 09:46:34,IBM,118.59,3,BID
2018-12-17 09:46:35,IBM,118.68,5,ASK
2018-12-17 09:46:34,IBM,118.59,3,BID
2018-12-17 09:46:36,IBM,118.67,1,ASK
2018-12-17 09:46:34,IBM,118.59,3,BID
2018-12-17 09:46:37,IBM,118.67,1,ASK
2018-12-17 09:46:34,IBM,118.59,3,BID
2018-12-17 09:46:37,IBM,118.67,1,ASK
2018-12-17 09:46:40,IBM,118.59,4,BID
2018-12-17 09:46:40,IBM,118.67,2,ASK
2018-12-17 09:46:41,IBM,118.57,1,BID
2018-12-17 09:46:41,IBM,118.64,1,ASK
2018-12-17 09:46:42,IBM,118.57,1,BID
2018-12-17 09:46:42,IBM,118.63,1,ASK
2018-12-17 09:46:42,IBM,118.57,1,BID
2018-12-17 09:46:42,IBM,118.63,1,ASK
2018-12-17 09:46:44,IBM,118.55,4,BID
2018-12-17 09:46:44,IBM,118.6,1,ASK
2018-12-17 09:46:44,IBM,118.57,1,BID
2018-12-17 09:46:44,IBM,118.62,1,ASK
2018-12-17 09:46:44,IBM,118.57,1,BID
2018-12-17 09:46:44,IBM,118.62,1,ASK
2018-12-17 09:46:46,IBM,118.56,3,BID
2018-12-17 09:46:46,IBM,118.62,3,ASK
2018-12-17 09:46:48,IBM,118.56,2,BID
2018-12-17 09:46:48,IBM,118.61,2,ASK
2018-12-17 09:46:49,IBM,118.58,1,BID
2018-12-17 09:46:44,IBM,118.63,2,ASK
2018-12-17 09:46:50,IBM,118.58,2,BID
2018-12-17 09:46:44,IBM,118.63,3,ASK
2018-12-17 09:46:51,IBM,118.58,3,BID
2018-12-17 09:46:51,IBM,118.62,2,ASK
2018-12-17 09:46:51,IBM,118.58,3,BID
2018-12-17 09:46:51,IBM,118.62,2,ASK
2018-12-17 09:46:53,IBM,118.55,4,BID
2018-12-17 09:46:53,IBM,118.62,2,ASK
2018-12-17 09:46:53,IBM,118.55,4,BID
2018-12-17 09:46:53,IBM,118.62,2,ASK
2018-12-17 09:46:53,IBM,118.55,4,BID
2018-12-17 09:46:53,IBM,118.62,2,ASK
2018-12-17 09:46:53,IBM,118.55,4,BID
2018-12-17 09:46:53,IBM,118.62,2,ASK
2018-12-17 09:46:53,IBM,118.55,4,BID
2018-12-17 09:46:53,IBM,118.62,2,ASK
2018-12-17 09:46:53,IBM,118.55,5,BID
2018-12-17 09:46:58,IBM,118.62,2,ASK
2018-12-17 09:46:53,IBM,118.55,5,BID
2018-12-17 09:46:59,IBM,118.62,2,ASK
2018-12-17 09:46:53,IBM,118.55,5,BID
2018-12-17 09:47:00,IBM,118.62,2,ASK
2018-12-17 09:46:53,IBM,118.55,5,BID
2018-12-17 09:47:00,IBM,118.62,2,ASK
2018-12-17 09:46:53,IBM,118.55,5,BID
2018-12-17 09:47:02,IBM,118.62,2,ASK
2018-12-17 09:47:03,IBM,118.58,4,BID
2018-12-17 09:47:03,IBM,118.69,2,ASK
2018-12-17 09:47:03,IBM,118.58,4,BID
2018-12-17 09:47:03,IBM,118.69,2,ASK
2018-12-17 09:47:04,IBM,118.58,7,BID
2018-12-17 09:47:04,IBM,118.69,8,ASK
2018-12-17 09:47:04,IBM,118.58,8,BID
2018-12-17 09:47:04,IBM,118.69,7,ASK
2018-12-17 09:47:04,IBM,118.58,8,BID
2018-12-17 09:47:04,IBM,118.69,8,ASK
2018-12-17 09:47:04,IBM,118.58,8,BID
2018-12-17 09:47:04,IBM,118.69,9,ASK
2018-12-17 09:47:04,IBM,118.58,8,BID
2018-12-17 09:47:09,IBM,118.68,4,ASK
2018-12-17 09:47:04,IBM,118.58,9,BID
2018-12-17 09:47:10,IBM,118.68,6,ASK
2018-12-17 09:47:11,IBM,118.59,1,BID
2018-12-17 09:47:10,IBM,118.68,6,ASK
2018-12-17 09:47:11,IBM,118.59,1,BID
2018-12-17 09:47:10,IBM,118.68,6,ASK
2018-12-17 09:47:13,IBM,118.59,4,BID
2018-12-17 09:47:13,IBM,118.68,5,ASK
2018-12-17 09:47:14,IBM,118.59,5,BID
2018-12-17 09:47:13,IBM,118.68,5,ASK
2018-12-17 09:47:14,IBM,118.59,5,BID
2018-12-17 09:47:13,IBM,118.68,5,ASK
2018-12-17 09:47:14,IBM,118.59,5,BID
2018-12-17 09:47:13,IBM,118.68,5,ASK
2018-12-17 09:47:14,IBM,118.59,6,BID
2018-12-17 09:47:17,IBM,118.68,5,ASK
2018-12-17 09:47:14,IBM,118.59,6,BID
2018-12-17 09:47:17,IBM,118.68,5,ASK
2018-12-17 09:47:14,IBM,118.59,6,BID
2018-12-17 09:47:17,IBM,118.68,5,ASK
2018-12-17 09:47:14,IBM,118.59,6,BID
2018-12-17 09:47:17,IBM,118.68,5,ASK
2018-12-17 09:47:14,IBM,118.59,6,BID
2018-12-17 09:47:17,IBM,118.68,5,ASK
2018-12-17 09:47:14,IBM,118.59,6,BID
2018-12-17 09:47:21,IBM,118.68,5,ASK
2018-12-17 09:47:14,IBM,118.59,6,BID
2018-12-17 09:47:23,IBM,118.68,5,ASK
2018-12-17 09:47:14,IBM,118.59,6,BID
2018-12-17 09:47:23,IBM,118.68,5,ASK
2018-12-17 09:47:14,IBM,118.59,6,BID
2018-12-17 09:47:23,IBM,118.68,5,ASK
2018-12-17 09:47:14,IBM,118.59,6,BID
2018-12-17 09:47:23,IBM,118.68,5,ASK
2018-12-17 09:47:14,IBM,118.59,5,BID
2018-12-17 09:47:27,IBM,118.68,5,ASK
2018-12-17 09:47:28,IBM,118.59,5,BID
2018-12-17 09:47:28,IBM,118.68,7,ASK
2018-12-17 09:47:28,IBM,118.59,5,BID
2018-12-17 09:47:28,IBM,118.68,8,ASK
2018-12-17 09:47:30,IBM,118.59,5,BID
2018-12-17 09:47:30,IBM,118.68,8,ASK
2018-12-17 09:47:30,IBM,118.59,5,BID
2018-12-17 09:47:30,IBM,118.68,8,ASK
2018-12-17 09:47:30,IBM,118.59,5,BID
2018-12-17 09:47:30,IBM,118.68,8,ASK
2018-12-17 09:47:30,IBM,118.59,5,BID
2018-12-17 09:47:30,IBM,118.68,8,ASK
2018-12-17 09:47:30,IBM,118.59,6,BID
2018-12-17 09:47:30,IBM,118.68,8,ASK
2018-12-17 09:47:30,IBM,118.59,6,BID
2018-12-17 09:47:35,IBM,118.68,9,ASK
2018-12-17 09:47:30,IBM,118.59,6,BID
2018-12-17 09:47:35,IBM,118.68,9,ASK
2018-12-17 09:47:30,IBM,118.59,6,BID
2018-12-17 09:47:35,IBM,118.68,9,ASK
2018-12-17 09:47:38,IBM,118.59,8,BID
2018-12-17 09:47:38,IBM,118.68,9,ASK
2018-12-17 09:47:39,IBM,118.59,8,BID
2018-12-17 09:47:39,IBM,118.68,9,ASK
2018-12-17 09:47:40,IBM,118.59,8,BID
2018-12-17 09:47:39,IBM,118.68,10,ASK
2018-12-17 09:47:41,IBM,118.56,4,BID
2018-12-17 09:47:41,IBM,118.64,3,ASK
2018-12-17 09:47:41,IBM,118.56,4,BID
2018-12-17 09:47:41,IBM,118.64,3,ASK
2018-12-17 09:47:42,IBM,118.56,4,BID
2018-12-17 09:47:42,IBM,118.64,5,ASK
2018-12-17 09:47:42,IBM,118.56,4,BID
2018-12-17 09:47:42,IBM,118.64,5,ASK
2018-12-17 09:47:42,IBM,118.56,4,BID
2018-12-17 09:47:42,IBM,118.64,5,ASK
2018-12-17 09:47:46,IBM,118.56,4,BID
2018-12-17 09:47:42,IBM,118.64,6,ASK
2018-12-17 09:47:46,IBM,118.56,4,BID
2018-12-17 09:47:42,IBM,118.64,6,ASK
2018-12-17 09:47:46,IBM,118.56,4,BID
2018-12-17 09:47:42,IBM,118.64,6,ASK
2018-12-17 09:47:46,IBM,118.56,4,BID
2018-12-17 09:47:42,IBM,118.64,6,ASK
2018-12-17 09:47:46,IBM,118.56,4,BID
2018-12-17 09:47:42,IBM,118.64,6,ASK
2018-12-17 09:47:46,IBM,118.56,4,BID
2018-12-17 09:47:42,IBM,118.64,6,ASK
2018-12-17 09:47:46,IBM,118.56,4,BID
2018-12-17 09:47:42,IBM,118.64,6,ASK
2018-12-17 09:47:53,IBM,118.56,4,BID
2018-12-17 09:47:53,IBM,118.6,3,ASK
2018-12-17 09:47:53,IBM,118.56,4,BID
2018-12-17 09:47:53,IBM,118.6,3,ASK
2018-12-17 09:47:55,IBM,118.56,5,BID
2018-12-17 09:47:55,IBM,118.6,3,ASK
2018-12-17 09:47:57,IBM,118.55,6,BID
2018-12-17 09:47:56,IBM,118.6,4,ASK
2018-12-17 09:47:57,IBM,118.55,6,BID
2018-12-17 09:47:56,IBM,118.6,4,ASK
2018-12-17 09:47:58,IBM,118.51,5,BID
2018-12-17 09:47:58,IBM,118.6,6,ASK
2018-12-17 09:47:59,IBM,118.51,4,BID
2018-12-17 09:47:59,IBM,118.59,1,ASK
2018-12-17 09:47:59,IBM,118.51,4,BID
2018-12-17 09:48:00,IBM,118.59,3,ASK
2018-12-17 09:48:02,IBM,118.49,4,BID
2018-12-17 09:48:02,IBM,118.53,3,ASK
2018-12-17 09:48:02,IBM,118.47,1,BID
2018-12-17 09:48:02,IBM,118.52,1,ASK
2018-12-17 09:48:03,IBM,118.47,1,BID
2018-12-17 09:48:03,IBM,118.52,4,ASK
2018-12-17 09:48:03,IBM,118.47,1,BID
2018-12-17 09:48:03,IBM,118.52,4,ASK
2018-12-17 09:48:05,IBM,118.48,1,BID
2018-12-17 09:48:05,IBM,118.52,4,ASK
2018-12-17 09:48:06,IBM,118.48,1,BID
2018-12-17 09:48:06,IBM,118.52,4,ASK
2018-12-17 09:48:07,IBM,118.46,7,BID
2018-12-17 09:48:07,IBM,118.51,2,ASK
2018-12-17 09:43:59,IBM,118.42,9,BID
2018-12-17 09:48:08,IBM,118.47,5,ASK
2018-12-17 09:43:59,IBM,118.42,9,BID
2018-12-17 09:48:08,IBM,118.47,5,ASK
2018-12-17 09:48:10,IBM,118.41,1,BID
2018-12-17 09:48:10,IBM,118.47,8,ASK
2018-12-17 09:48:11,IBM,118.41,1,BID
2018-12-17 09:48:10,IBM,118.47,9,ASK
2018-12-17 09:48:13,IBM,118.35,1,BID
2018-12-17 09:48:13,IBM,118.44,3,ASK
2018-12-17 09:48:13,IBM,118.34,3,BID
2018-12-17 09:48:13,IBM,118.44,3,ASK
2018-12-17 09:48:14,IBM,118.34,3,BID
2018-12-17 09:48:14,IBM,118.44,4,ASK
2018-12-17 09:48:15,IBM,118.37,1,BID
2018-12-17 09:48:15,IBM,118.44,4,ASK
2018-12-17 09:48:15,IBM,118.37,1,BID
2018-12-17 09:48:15,IBM,118.44,4,ASK
2018-12-17 09:48:15,IBM,118.37,1,BID
2018-12-17 09:48:15,IBM,118.44,4,ASK
2018-12-17 09:48:18,IBM,118.33,6,BID
2018-12-17 09:48:18,IBM,118.4,6,ASK
2018-12-17 09:48:19,IBM,118.33,6,BID
2018-12-17 09:48:19,IBM,118.39,1,ASK
2018-12-17 09:48:20,IBM,118.33,4,BID
2018-12-17 09:48:20,IBM,118.39,1,ASK
2018-12-17 09:48:21,IBM,118.33,3,BID
2018-12-17 09:48:21,IBM,118.39,3,ASK
2018-12-17 09:48:21,IBM,118.33,3,BID
2018-12-17 09:48:21,IBM,118.39,3,ASK
2018-12-17 09:48:21,IBM,118.33,3,BID
2018-12-17 09:48:21,IBM,118.39,3,ASK
2018-12-17 09:48:24,IBM,118.33,3,BID
2018-12-17 09:48:24,IBM,118.38,3,ASK
2018-12-17 09:48:25,IBM,118.33,3,BID
2018-12-17 09:48:25,IBM,118.38,5,ASK
2018-12-17 09:48:25,IBM,118.33,3,BID
2018-12-17 09:48:25,IBM,118.38,5,ASK
2018-12-17 09:48:25,IBM,118.33,3,BID
2018-12-17 09:48:25,IBM,118.38,5,ASK
2018-12-17 09:48:28,IBM,118.33,5,BID
2018-12-17 09:48:28,IBM,118.38,6,ASK
2018-12-17 09:48:30,IBM,118.33,5,BID
2018-12-17 09:48:30,IBM,118.38,6,ASK
2018-12-17 09:48:30,IBM,118.33,5,BID
2018-12-17 09:48:30,IBM,118.36,6,ASK
2018-12-17 09:48:31,IBM,118.31,1,BID
2018-12-17 09:48:31,IBM,118.36,7,ASK
2018-12-17 09:48:32,IBM,118.31,1,BID
2018-12-17 09:48:32,IBM,118.36,7,ASK
2018-12-17 09:48:34,IBM,118.32,1,BID
2018-12-17 09:48:34,IBM,118.38,8,ASK
2018-12-17 09:48:35,IBM,118.32,1,BID
2018-12-17 09:48:34,IBM,118.38,9,ASK
2018-12-17 09:48:35,IBM,118.33,2,BID
2018-12-17 09:48:35,IBM,118.37,3,ASK
2018-12-17 09:48:35,IBM,118.33,2,BID
2018-12-17 09:48:35,IBM,118.37,3,ASK
2018-12-17 09:48:35,IBM,118.33,2,BID
2018-12-17 09:48:37,IBM,118.37,5,ASK
2018-12-17 09:48:34,IBM,118.31,4,BID
2018-12-17 09:48:38,IBM,118.37,5,ASK
2018-12-17 09:48:39,IBM,118.31,3,BID
2018-12-17 09:48:39,IBM,118.37,4,ASK
2018-12-17 09:48:39,IBM,118.31,3,BID
2018-12-17 09:48:39,IBM,118.37,4,ASK
2018-12-17 09:48:39,IBM,118.31,3,BID
2018-12-17 09:48:41,IBM,118.37,4,ASK
2018-12-17 09:48:39,IBM,118.31,3,BID
2018-12-17 09:48:41,IBM,118.37,4,ASK
2018-12-17 09:48:43,IBM,118.31,5,BID
2018-12-17 09:48:43,IBM,118.37,8,ASK
2018-12-17 09:48:43,IBM,118.31,5,BID
2018-12-17 09:48:43,IBM,118.37,8,ASK
2018-12-17 09:48:45,IBM,118.31,5,BID
2018-12-17 09:48:45,IBM,118.37,8,ASK
2018-12-17 09:48:45,IBM,118.31,5,BID
2018-12-17 09:48:46,IBM,118.36,3,ASK
2018-12-17 09:48:45,IBM,118.31,5,BID
2018-12-17 09:48:46,IBM,118.36,3,ASK
2018-12-17 09:48:45,IBM,118.31,5,BID
2018-12-17 09:48:46,IBM,118.36,3,ASK
2018-12-17 09:48:49,IBM,118.31,5,BID
2018-12-17 09:48:50,IBM,118.36,5,ASK
2018-12-17 09:48:49,IBM,118.31,5,BID
2018-12-17 09:48:50,IBM,118.36,5,ASK
2018-12-17 09:48:52,IBM,118.27,1,BID
2018-12-17 09:48:52,IBM,118.32,6,ASK
2018-12-17 09:48:53,IBM,118.26,3,BID
2018-12-17 09:48:53,IBM,118.31,1,ASK
2018-12-17 09:48:53,IBM,118.26,3,BID
2018-12-17 09:48:53,IBM,118.31,1,ASK
2018-12-17 09:48:54,IBM,118.26,4,BID
2018-12-17 09:48:54,IBM,118.31,2,ASK
2018-12-17 09:48:55,IBM,118.26,4,BID
2018-12-17 09:48:55,IBM,118.31,3,ASK
2018-12-17 09:48:56,IBM,118.27,1,BID
2018-12-17 09:48:56,IBM,118.31,2,ASK
2018-12-17 09:48:57,IBM,118.26,4,BID
2018-12-17 09:48:57,IBM,118.31,3,ASK
2018-12-17 09:48:58,IBM,118.26,4,BID
2018-12-17 09:48:58,IBM,118.31,3,ASK
2018-12-17 09:49:00,IBM,118.26,4,BID
2018-12-17 09:49:00,IBM,118.31,3,ASK
2018-12-17 09:49:01,IBM,118.26,4,BID
2018-12-17 09:49:01,IBM,118.31,3,ASK
2018-12-17 09:49:01,IBM,118.26,4,BID
2018-12-17 09:49:01,IBM,118.31,3,ASK
2018-12-17 09:49:02,IBM,118.27,6,BID
2018-12-17 09:49:02,IBM,118.34,3,ASK
2018-12-17 09:49:02,IBM,118.27,6,BID
2018-12-17 09:49:02,IBM,118.34,5,ASK
2018-12-17 09:49:03,IBM,118.29,2,BID
2018-12-17 09:49:03,IBM,118.37,5,ASK
2018-12-17 09:49:03,IBM,118.29,2,BID
2018-12-17 09:49:03,IBM,118.37,5,ASK
2018-12-17 09:49:03,IBM,118.29,2,BID
2018-12-17 09:49:03,IBM,118.37,5,ASK
2018-12-17 09:49:06,IBM,118.29,3,BID
2018-12-17 09:49:06,IBM,118.37,5,ASK
2018-12-17 09:49:06,IBM,118.29,4,BID
2018-12-17 09:49:06,IBM,118.36,1,ASK
2018-12-17 09:49:08,IBM,118.29,5,BID
2018-12-17 09:49:08,IBM,118.36,1,ASK
2018-12-17 09:49:08,IBM,118.29,4,BID
2018-12-17 09:49:08,IBM,118.36,2,ASK
2018-12-17 09:49:08,IBM,118.29,4,BID
2018-12-17 09:49:08,IBM,118.36,2,ASK
2018-12-17 09:49:08,IBM,118.29,4,BID
2018-12-17 09:49:10,IBM,118.36,3,ASK
2018-12-17 09:49:08,IBM,118.29,4,BID
2018-12-17 09:49:11,IBM,118.36,4,ASK
2018-12-17 09:49:14,IBM,118.27,1,BID
2018-12-17 09:49:14,IBM,118.32,1,ASK
2018-12-17 09:49:14,IBM,118.26,4,BID
2018-12-17 09:49:14,IBM,118.32,3,ASK
2018-12-17 09:49:16,IBM,118.26,4,BID
2018-12-17 09:49:16,IBM,118.31,2,ASK
2018-12-17 09:49:17,IBM,118.21,3,BID
2018-12-17 09:49:17,IBM,118.25,3,ASK
2018-12-17 09:49:18,IBM,118.2,4,BID
2018-12-17 09:49:18,IBM,118.25,6,ASK
2018-12-17 09:49:19,IBM,118.2,4,BID
2018-12-17 09:49:19,IBM,118.25,5,ASK
2018-12-17 09:49:20,IBM,118.21,1,BID
2018-12-17 09:49:20,IBM,118.25,4,ASK
2018-12-17 09:49:20,IBM,118.2,4,BID
2018-12-17 09:49:20,IBM,118.25,4,ASK
2018-12-17 09:49:21,IBM,118.18,3,BID
2018-12-17 09:49:21,IBM,118.23,4,ASK
2018-12-17 09:49:22,IBM,118.18,3,BID
2018-12-17 09:49:22,IBM,118.23,5,ASK
2018-12-17 09:49:22,IBM,118.18,3,BID
2018-12-17 09:49:22,IBM,118.21,1,ASK
2018-12-17 09:49:23,IBM,118.15,5,BID
2018-12-17 09:49:23,IBM,118.2,4,ASK
2018-12-17 09:49:23,IBM,118.15,5,BID
2018-12-17 09:49:23,IBM,118.19,5,ASK
2018-12-17 09:49:24,IBM,118.15,5,BID
2018-12-17 09:49:24,IBM,118.19,1,ASK
2018-12-17 09:49:25,IBM,118.15,5,BID
2018-12-17 09:49:25,IBM,118.19,1,ASK
2018-12-17 09:49:26,IBM,118.17,4,BID
2018-12-17 09:49:26,IBM,118.23,6,ASK
2018-12-17 09:49:26,IBM,118.16,3,BID
2018-12-17 09:49:26,IBM,118.21,1,ASK
2018-12-17 09:49:27,IBM,118.16,3,BID
2018-12-17 09:49:27,IBM,118.22,1,ASK
2018-12-17 09:49:27,IBM,118.16,3,BID
2018-12-17 09:49:27,IBM,118.21,1,ASK
2018-12-17 09:49:27,IBM,118.16,3,BID
2018-12-17 09:49:27,IBM,118.21,1,ASK
2018-12-17 09:49:28,IBM,118.16,5,BID
2018-12-17 09:49:28,IBM,118.21,3,ASK
2018-12-17 09:49:28,IBM,118.16,5,BID
2018-12-17 09:49:28,IBM,118.21,3,ASK
2018-12-17 09:49:28,IBM,118.16,5,BID
2018-12-17 09:49:28,IBM,118.21,3,ASK
2018-12-17 09:49:30,IBM,118.16,5,BID
2018-12-17 09:49:30,IBM,118.21,3,ASK
2018-12-17 09:49:30,IBM,118.16,5,BID
2018-12-17 09:49:30,IBM,118.21,3,ASK
2018-12-17 09:49:33,IBM,118.17,1,BID
2018-12-17 09:49:33,IBM,118.21,4,ASK
2018-12-17 09:49:33,IBM,118.17,2,BID
2018-12-17 09:49:33,IBM,118.21,4,ASK
2018-12-17 09:49:33,IBM,118.17,2,BID
2018-12-17 09:49:33,IBM,118.21,4,ASK
2018-12-17 09:49:33,IBM,118.17,2,BID
2018-12-17 09:49:33,IBM,118.21,4,ASK
2018-12-17 09:49:33,IBM,118.17,2,BID
2018-12-17 09:49:33,IBM,118.21,4,ASK
2018-12-17 09:49:33,IBM,118.17,2,BID
2018-12-17 09:49:33,IBM,118.21,4,ASK
2018-12-17 09:49:40,IBM,118.19,1,BID
2018-12-17 09:49:40,IBM,118.23,6,ASK
2018-12-17 09:49:42,IBM,118.19,2,BID
2018-12-17 09:49:40,IBM,118.23,8,ASK
2018-12-17 09:49:44,IBM,118.2,2,BID
2018-12-17 09:49:40,IBM,118.23,8,ASK
2018-12-17 09:49:44,IBM,118.2,2,BID
2018-12-17 09:49:40,IBM,118.23,9,ASK
2018-12-17 09:49:48,IBM,118.21,3,BID
2018-12-17 09:49:48,IBM,118.25,4,ASK
2018-12-17 09:49:50,IBM,118.21,3,BID
2018-12-17 09:49:50,IBM,118.28,1,ASK
2018-12-17 09:49:50,IBM,118.23,1,BID
2018-12-17 09:49:50,IBM,118.31,3,ASK
2018-12-17 09:49:50,IBM,118.23,1,BID
2018-12-17 09:49:50,IBM,118.31,3,ASK
2018-12-17 09:49:54,IBM,118.24,3,BID
2018-12-17 09:49:54,IBM,118.31,5,ASK
2018-12-17 09:49:55,IBM,118.24,3,BID
2018-12-17 09:49:55,IBM,118.31,5,ASK
2018-12-17 09:49:56,IBM,118.24,3,BID
2018-12-17 09:49:56,IBM,118.31,5,ASK
2018-12-17 09:49:56,IBM,118.26,4,BID
2018-12-17 09:49:56,IBM,118.31,5,ASK
2018-12-17 09:49:57,IBM,118.26,4,BID
2018-12-17 09:49:57,IBM,118.31,6,ASK
2018-12-17 09:49:58,IBM,118.3,5,BID
2018-12-17 09:49:58,IBM,118.35,11,ASK
2018-12-17 09:50:00,IBM,118.3,5,BID
2018-12-17 09:50:00,IBM,118.35,11,ASK
2018-12-17 09:50:00,IBM,118.29,1,BID
2018-12-17 09:50:00,IBM,118.35,11,ASK
2018-12-17 09:50:01,IBM,118.28,1,BID
2018-12-17 09:50:01,IBM,118.35,11,ASK
2018-12-17 09:50:03,IBM,118.28,2,BID
2018-12-17 09:50:03,IBM,118.35,11,ASK
2018-12-17 09:49:58,IBM,118.26,4,BID
2018-12-17 09:50:04,IBM,118.33,2,ASK
2018-12-17 09:50:05,IBM,118.24,7,BID
2018-12-17 09:50:05,IBM,118.29,1,ASK
2018-12-17 09:50:05,IBM,118.24,7,BID
2018-12-17 09:50:05,IBM,118.29,3,ASK
2018-12-17 09:50:05,IBM,118.24,7,BID
2018-12-17 09:50:05,IBM,118.29,3,ASK
2018-12-17 09:50:05,IBM,118.24,7,BID
2018-12-17 09:50:05,IBM,118.29,3,ASK
2018-12-17 09:50:08,IBM,118.24,7,BID
2018-12-17 09:50:08,IBM,118.29,4,ASK
2018-12-17 09:50:09,IBM,118.24,7,BID
2018-12-17 09:50:09,IBM,118.29,3,ASK
2018-12-17 09:50:11,IBM,118.23,2,BID
2018-12-17 09:50:11,IBM,118.29,4,ASK
2018-12-17 09:50:12,IBM,118.21,4,BID
2018-12-17 09:50:12,IBM,118.23,1,ASK
2018-12-17 09:50:13,IBM,118.22,5,BID
2018-12-17 09:50:13,IBM,118.29,3,ASK
2018-12-17 09:50:13,IBM,118.22,4,BID
2018-12-17 09:50:13,IBM,118.29,3,ASK
2018-12-17 09:50:14,IBM,118.23,3,BID
2018-12-17 09:50:14,IBM,118.29,4,ASK
2018-12-17 09:50:16,IBM,118.23,3,BID
2018-12-17 09:50:14,IBM,118.29,4,ASK
2018-12-17 09:50:16,IBM,118.23,3,BID
2018-12-17 09:50:14,IBM,118.29,4,ASK
2018-12-17 09:50:18,IBM,118.24,1,BID
2018-12-17 09:50:14,IBM,118.29,4,ASK
2018-12-17 09:50:19,IBM,118.24,3,BID
2018-12-17 09:50:19,IBM,118.28,1,ASK
2018-12-17 09:50:20,IBM,118.19,5,BID
2018-12-17 09:50:20,IBM,118.21,4,ASK
2018-12-17 09:49:33,IBM,118.16,7,BID
2018-12-17 09:50:20,IBM,118.21,4,ASK
2018-12-17 09:49:33,IBM,118.16,7,BID
2018-12-17 09:50:20,IBM,118.21,4,ASK
2018-12-17 09:50:23,IBM,118.17,1,BID
2018-12-17 09:50:23,IBM,118.21,4,ASK
2018-12-17 09:50:24,IBM,118.17,3,BID
2018-12-17 09:50:24,IBM,118.21,4,ASK
2018-12-17 09:49:33,IBM,118.16,7,BID
2018-12-17 09:50:25,IBM,118.21,6,ASK
2018-12-17 09:49:33,IBM,118.16,7,BID
2018-12-17 09:50:25,IBM,118.21,6,ASK
2018-12-17 09:49:33,IBM,118.16,6,BID
2018-12-17 09:50:27,IBM,118.2,2,ASK
2018-12-17 09:50:28,IBM,118.17,5,BID
2018-12-17 09:50:28,IBM,118.21,6,ASK
2018-12-17 09:50:28,IBM,118.17,4,BID
2018-12-17 09:50:28,IBM,118.21,6,ASK
2018-12-17 09:50:30,IBM,118.18,5,BID
2018-12-17 09:50:30,IBM,118.25,2,ASK
2018-12-17 09:50:30,IBM,118.18,5,BID
2018-12-17 09:50:31,IBM,118.25,4,ASK
2018-12-17 09:50:30,IBM,118.18,5,BID
2018-12-17 09:50:31,IBM,118.25,4,ASK
2018-12-17 09:50:30,IBM,118.18,5,BID
2018-12-17 09:50:31,IBM,118.25,5,ASK
2018-12-17 09:50:30,IBM,118.18,5,BID
2018-12-17 09:50:34,IBM,118.24,1,ASK
2018-12-17 09:50:30,IBM,118.18,5,BID
2018-12-17 09:50:35,IBM,118.24,2,ASK
2018-12-17 09:50:30,IBM,118.18,5,BID
2018-12-17 09:50:35,IBM,118.24,3,ASK
2018-12-17 09:50:30,IBM,118.18,5,BID
2018-12-17 09:50:36,IBM,118.24,4,ASK
2018-12-17 09:50:30,IBM,118.18,5,BID
2018-12-17 09:50:36,IBM,118.24,4,ASK
2018-12-17 09:50:38,IBM,118.19,5,BID
2018-12-17 09:50:38,IBM,118.24,4,ASK
2018-12-17 09:50:38,IBM,118.19,5,BID
2018-12-17 09:50:38,IBM,118.24,4,ASK
2018-12-17 09:50:41,IBM,118.22,2,BID
2018-12-17 09:50:41,IBM,118.24,1,ASK
2018-12-17 09:50:42,IBM,118.19,5,BID
2018-12-17 09:50:41,IBM,118.24,2,ASK
2018-12-17 09:50:42,IBM,118.19,5,BID
2018-12-17 09:50:41,IBM,118.24,2,ASK
2018-12-17 09:50:42,IBM,118.19,5,BID
2018-12-17 09:50:41,IBM,118.24,2,ASK
2018-12-17 09:50:45,IBM,118.19,5,BID
2018-12-17 09:50:45,IBM,118.24,2,ASK
2018-12-17 09:50:46,IBM,118.2,2,BID
2018-12-17 09:50:46,IBM,118.24,2,ASK
2018-12-17 09:50:46,IBM,118.2,2,BID
2018-12-17 09:50:46,IBM,118.24,2,ASK
2018-12-17 09:50:48,IBM,118.23,4,BID
2018-12-17 09:50:19,IBM,118.29,6,ASK
2018-12-17 09:50:49,IBM,118.21,3,BID
2018-12-17 09:50:49,IBM,118.26,2,ASK
2018-12-17 09:50:50,IBM,118.22,1,BID
2018-12-17 09:50:19,IBM,118.29,7,ASK
2018-12-17 09:50:50,IBM,118.22,2,BID
2018-12-17 09:50:19,IBM,118.29,7,ASK
2018-12-17 09:50:52,IBM,118.23,4,BID
2018-12-17 09:50:52,IBM,118.29,6,ASK
2018-12-17 09:50:52,IBM,118.22,4,BID
2018-12-17 09:50:52,IBM,118.29,6,ASK
2018-12-17 09:50:52,IBM,118.22,4,BID
2018-12-17 09:50:52,IBM,118.29,6,ASK
2018-12-17 09:50:55,IBM,118.22,6,BID
2018-12-17 09:50:55,IBM,118.28,1,ASK
2018-12-17 09:50:55,IBM,118.22,6,BID
2018-12-17 09:50:55,IBM,118.28,1,ASK
2018-12-17 09:50:55,IBM,118.22,6,BID
2018-12-17 09:50:55,IBM,118.28,1,ASK
2018-12-17 09:50:58,IBM,118.22,6,BID
2018-12-17 09:50:58,IBM,118.28,3,ASK
2018-12-17 09:50:58,IBM,118.22,6,BID
2018-12-17 09:50:58,IBM,118.28,3,ASK
2018-12-17 09:51:00,IBM,118.22,8,BID
2018-12-17 09:51:00,IBM,118.28,3,ASK
2018-12-17 09:51:00,IBM,118.22,8,BID
2018-12-17 09:51:00,IBM,118.28,3,ASK
2018-12-17 09:51:00,IBM,118.22,8,BID
2018-12-17 09:51:00,IBM,118.28,3,ASK
2018-12-17 09:51:03,IBM,118.19,5,BID
2018-12-17 09:51:03,IBM,118.22,1,ASK
2018-12-17 09:51:03,IBM,118.19,5,BID
2018-12-17 09:51:03,IBM,118.28,8,ASK
2018-12-17 09:51:05,IBM,118.19,5,BID
2018-12-17 09:51:03,IBM,118.28,8,ASK
2018-12-17 09:51:06,IBM,118.19,5,BID
2018-12-17 09:51:06,IBM,118.27,1,ASK
2018-12-17 09:51:07,IBM,118.21,1,BID
2018-12-17 09:51:07,IBM,118.27,2,ASK
2018-12-17 09:51:07,IBM,118.17,6,BID
2018-12-17 09:51:08,IBM,118.19,1,ASK
2018-12-17 09:51:09,IBM,118.12,1,BID
2018-12-17 09:51:09,IBM,118.16,6,ASK
2018-12-17 09:51:10,IBM,118.11,1,BID
2018-12-17 09:51:10,IBM,118.16,7,ASK
2018-12-17 09:51:11,IBM,118.11,1,BID
2018-12-17 09:51:10,IBM,118.16,6,ASK
2018-12-17 09:51:12,IBM,118.11,3,BID
2018-12-17 09:51:10,IBM,118.16,6,ASK
2018-12-17 09:51:11,IBM,118.11,3,BID
2018-12-17 09:51:13,IBM,118.16,6,ASK
2018-12-17 09:51:11,IBM,118.11,3,BID
2018-12-17 09:51:13,IBM,118.16,6,ASK
2018-12-17 09:51:11,IBM,118.11,3,BID
2018-12-17 09:51:13,IBM,118.16,6,ASK
2018-12-17 09:51:15,IBM,118.12,5,BID
2018-12-17 09:51:15,IBM,118.16,2,ASK
2018-12-17 09:51:15,IBM,118.12,5,BID
2018-12-17 09:51:15,IBM,118.16,3,ASK
2018-12-17 09:51:15,IBM,118.12,5,BID
2018-12-17 09:51:15,IBM,118.16,3,ASK
2018-12-17 09:51:15,IBM,118.12,5,BID
2018-12-17 09:51:15,IBM,118.16,3,ASK
2018-12-17 09:51:18,IBM,118.15,1,BID
2018-12-17 09:51:15,IBM,118.23,4,ASK
2018-12-17 09:51:19,IBM,118.15,1,BID
2018-12-17 09:51:15,IBM,118.23,4,ASK
2018-12-17 09:51:21,IBM,118.15,3,BID
2018-12-17 09:51:20,IBM,118.23,3,ASK
2018-12-17 09:51:23,IBM,118.15,3,BID
2018-12-17 09:51:23,IBM,118.23,7,ASK
2018-12-17 09:51:24,IBM,118.11,5,BID
2018-12-17 09:51:24,IBM,118.16,1,ASK
2018-12-17 09:51:25,IBM,118.11,6,BID
2018-12-17 09:51:25,IBM,118.16,2,ASK
2018-12-17 09:51:26,IBM,118.12,1,BID
2018-12-17 09:51:26,IBM,118.17,3,ASK
2018-12-17 09:51:27,IBM,118.12,1,BID
2018-12-17 09:51:27,IBM,118.2,6,ASK
2018-12-17 09:51:27,IBM,118.12,1,BID
2018-12-17 09:51:27,IBM,118.2,6,ASK
2018-12-17 09:51:27,IBM,118.12,1,BID
2018-12-17 09:51:27,IBM,118.2,6,ASK
2018-12-17 09:51:30,IBM,118.12,3,BID
2018-12-17 09:51:24,IBM,118.21,4,ASK
2018-12-17 09:51:31,IBM,118.12,3,BID
2018-12-17 09:51:31,IBM,118.21,5,ASK
2018-12-17 09:51:31,IBM,118.12,4,BID
2018-12-17 09:51:31,IBM,118.21,4,ASK
2018-12-17 09:51:31,IBM,118.12,4,BID
2018-12-17 09:51:31,IBM,118.21,4,ASK
2018-12-17 09:51:33,IBM,118.12,4,BID
2018-12-17 09:51:32,IBM,118.21,5,ASK
2018-12-17 09:51:34,IBM,118.12,5,BID
2018-12-17 09:51:32,IBM,118.21,5,ASK
2018-12-17 09:51:36,IBM,118.12,5,BID
2018-12-17 09:51:32,IBM,118.21,4,ASK
2018-12-17 09:51:37,IBM,118.13,1,BID
2018-12-17 09:51:32,IBM,118.21,5,ASK
2018-12-17 09:51:37,IBM,118.13,1,BID
2018-12-17 09:51:32,IBM,118.21,5,ASK
2018-12-17 09:51:37,IBM,118.13,1,BID
2018-12-17 09:51:32,IBM,118.21,5,ASK
2018-12-17 09:51:40,IBM,118.13,1,BID
2018-12-17 09:51:40,IBM,118.21,7,ASK
2018-12-17 09:51:40,IBM,118.13,1,BID
2018-12-17 09:51:40,IBM,118.21,7,ASK
2018-12-17 09:51:42,IBM,118.15,10,BID
2018-12-17 09:51:42,IBM,118.21,6,ASK
2018-12-17 09:51:43,IBM,118.15,10,BID
2018-12-17 09:51:43,IBM,118.21,6,ASK
2018-12-17 09:51:44,IBM,118.18,1,BID
2018-12-17 09:51:44,IBM,118.21,7,ASK
2018-12-17 09:51:45,IBM,118.18,1,BID
2018-12-17 09:51:45,IBM,118.21,7,ASK
2018-12-17 09:51:45,IBM,118.18,1,BID
2018-12-17 09:51:45,IBM,118.21,7,ASK
2018-12-17 09:51:47,IBM,118.16,1,BID
2018-12-17 09:51:47,IBM,118.2,4,ASK
2018-12-17 09:51:48,IBM,118.16,1,BID
2018-12-17 09:51:48,IBM,118.2,5,ASK
2018-12-17 09:51:49,IBM,118.17,1,BID
2018-12-17 09:51:49,IBM,118.2,5,ASK
2018-12-17 09:51:50,IBM,118.17,1,BID
2018-12-17 09:51:50,IBM,118.2,1,ASK
2018-12-17 09:51:50,IBM,118.17,1,BID
2018-12-17 09:51:50,IBM,118.2,1,ASK
2018-12-17 09:51:52,IBM,118.16,5,BID
2018-12-17 09:51:52,IBM,118.2,2,ASK
2018-12-17 09:51:53,IBM,118.22,1,BID
2018-12-17 09:51:53,IBM,118.27,3,ASK
2018-12-17 09:51:55,IBM,118.21,4,BID
2018-12-17 09:51:53,IBM,118.27,4,ASK
2018-12-17 09:51:55,IBM,118.2,2,BID
2018-12-17 09:51:55,IBM,118.25,1,ASK
2018-12-17 09:51:56,IBM,118.2,3,BID
2018-12-17 09:51:53,IBM,118.27,4,ASK
2018-12-17 09:51:57,IBM,118.2,6,BID
2018-12-17 09:51:53,IBM,118.27,4,ASK
2018-12-17 09:51:57,IBM,118.2,6,BID
2018-12-17 09:51:53,IBM,118.27,4,ASK
2018-12-17 09:51:59,IBM,118.21,1,BID
2018-12-17 09:51:59,IBM,118.27,4,ASK
2018-12-17 09:51:59,IBM,118.2,5,BID
2018-12-17 09:52:00,IBM,118.26,1,ASK
2018-12-17 09:51:59,IBM,118.2,5,BID
2018-12-17 09:52:00,IBM,118.26,1,ASK
2018-12-17 09:51:59,IBM,118.2,5,BID
2018-12-17 09:52:00,IBM,118.26,1,ASK
2018-12-17 09:51:59,IBM,118.2,5,BID
2018-12-17 09:52:00,IBM,118.26,1,ASK
2018-12-17 09:52:03,IBM,118.2,3,BID
2018-12-17 09:52:04,IBM,118.26,3,ASK
2018-12-17 09:52:03,IBM,118.2,3,BID
2018-12-17 09:52:04,IBM,118.26,3,ASK
2018-12-17 09:52:06,IBM,118.2,3,BID
2018-12-17 09:52:06,IBM,118.27,3,ASK
2018-12-17 09:52:06,IBM,118.2,3,BID
2018-12-17 09:52:06,IBM,118.27,3,ASK
2018-12-17 09:52:09,IBM,118.2,3,BID
2018-12-17 09:52:09,IBM,118.27,5,ASK
2018-12-17 09:52:09,IBM,118.2,3,BID
2018-12-17 09:52:09,IBM,118.27,5,ASK
2018-12-17 09:52:10,IBM,118.2,3,BID
2018-12-17 09:52:09,IBM,118.27,6,ASK
2018-12-17 09:52:10,IBM,118.2,3,BID
2018-12-17 09:52:09,IBM,118.27,6,ASK
2018-12-17 09:52:13,IBM,118.2,5,BID
2018-12-17 09:52:12,IBM,118.26,1,ASK
2018-12-17 09:52:10,IBM,118.2,6,BID
2018-12-17 09:52:13,IBM,118.25,1,ASK
2018-12-17 09:52:14,IBM,118.2,1,BID
2018-12-17 09:52:14,IBM,118.25,2,ASK
2018-12-17 09:52:15,IBM,118.2,1,BID
2018-12-17 09:52:15,IBM,118.24,1,ASK
2018-12-17 09:52:16,IBM,118.19,3,BID
2018-12-17 09:52:16,IBM,118.23,1,ASK
2018-12-17 09:52:16,IBM,118.19,4,BID
2018-12-17 09:52:17,IBM,118.22,2,ASK
2018-12-17 09:52:14,IBM,118.16,5,BID
2018-12-17 09:52:18,IBM,118.21,3,ASK
2018-12-17 09:52:14,IBM,118.16,5,BID
2018-12-17 09:52:18,IBM,118.21,3,ASK
2018-12-17 09:52:14,IBM,118.16,5,BID
2018-12-17 09:52:18,IBM,118.21,3,ASK
2018-12-17 09:52:21,IBM,118.16,5,BID
2018-12-17 09:52:21,IBM,118.21,2,ASK
2018-12-17 09:52:21,IBM,118.16,5,BID
2018-12-17 09:52:22,IBM,118.21,2,ASK
2018-12-17 09:52:21,IBM,118.16,5,BID
2018-12-17 09:52:23,IBM,118.21,2,ASK
2018-12-17 09:52:21,IBM,118.16,5,BID
2018-12-17 09:52:23,IBM,118.21,2,ASK
2018-12-17 09:52:21,IBM,118.16,5,BID
2018-12-17 09:52:23,IBM,118.21,2,ASK
2018-12-17 09:52:21,IBM,118.16,4,BID
2018-12-17 09:52:27,IBM,118.2,4,ASK
2018-12-17 09:52:21,IBM,118.16,5,BID
2018-12-17 09:52:27,IBM,118.21,2,ASK
2018-12-17 09:52:28,IBM,118.17,4,BID
2018-12-17 09:52:28,IBM,118.23,4,ASK
2018-12-17 09:52:30,IBM,118.21,3,BID
2018-12-17 09:52:30,IBM,118.25,1,ASK
2018-12-17 09:52:30,IBM,118.21,4,BID
2018-12-17 09:52:30,IBM,118.25,2,ASK
2018-12-17 09:52:21,IBM,118.16,5,BID
2018-12-17 09:52:31,IBM,118.22,1,ASK
2018-12-17 09:52:21,IBM,118.16,5,BID
2018-12-17 09:52:31,IBM,118.22,1,ASK
2018-12-17 09:52:33,IBM,118.17,3,BID
2018-12-17 09:52:33,IBM,118.24,4,ASK
2018-12-17 09:52:33,IBM,118.17,3,BID
2018-12-17 09:52:34,IBM,118.24,7,ASK
2018-12-17 09:52:33,IBM,118.17,3,BID
2018-12-17 09:52:34,IBM,118.24,7,ASK
2018-12-17 09:52:33,IBM,118.17,3,BID
2018-12-17 09:52:34,IBM,118.24,7,ASK
2018-12-17 09:52:21,IBM,118.16,5,BID
2018-12-17 09:52:37,IBM,118.24,10,ASK
2018-12-17 09:52:21,IBM,118.16,5,BID
2018-12-17 09:52:37,IBM,118.24,10,ASK
2018-12-17 09:52:21,IBM,118.16,5,BID
2018-12-17 09:52:37,IBM,118.24,10,ASK
2018-12-17 09:52:21,IBM,118.16,5,BID
2018-12-17 09:52:40,IBM,118.23,1,ASK
2018-12-17 09:52:21,IBM,118.16,5,BID
2018-12-17 09:52:41,IBM,118.22,1,ASK
2018-12-17 09:52:21,IBM,118.16,5,BID
2018-12-17 09:52:42,IBM,118.23,3,ASK
2018-12-17 09:52:21,IBM,118.16,5,BID
2018-12-17 09:52:42,IBM,118.23,3,ASK
2018-12-17 09:52:21,IBM,118.16,5,BID
2018-12-17 09:52:37,IBM,118.24,9,ASK
2018-12-17 09:52:21,IBM,118.16,5,BID
2018-12-17 09:52:37,IBM,118.24,9,ASK
2018-12-17 09:52:21,IBM,118.16,5,BID
2018-12-17 09:52:37,IBM,118.24,9,ASK
2018-12-17 09:52:21,IBM,118.16,4,BID
2018-12-17 09:52:48,IBM,118.22,1,ASK
2018-12-17 09:52:21,IBM,118.16,4,BID
2018-12-17 09:52:48,IBM,118.22,1,ASK
2018-12-17 09:52:21,IBM,118.16,4,BID
2018-12-17 09:52:48,IBM,118.22,1,ASK
2018-12-17 09:52:21,IBM,118.16,4,BID
2018-12-17 09:52:50,IBM,118.23,4,ASK
2018-12-17 09:52:21,IBM,118.16,4,BID
2018-12-17 09:52:50,IBM,118.23,4,ASK
2018-12-17 09:52:21,IBM,118.16,4,BID
2018-12-17 09:52:50,IBM,118.23,4,ASK
2018-12-17 09:52:21,IBM,118.16,4,BID
2018-12-17 09:52:54,IBM,118.19,3,ASK
2018-12-17 09:52:54,IBM,118.16,1,BID
2018-12-17 09:52:54,IBM,118.18,1,ASK
2018-12-17 09:52:56,IBM,118.16,1,BID
2018-12-17 09:52:56,IBM,118.18,2,ASK
2018-12-17 09:52:56,IBM,118.16,1,BID
2018-12-17 09:52:56,IBM,118.2,22,ASK
2018-12-17 09:52:57,IBM,118.15,10,BID
2018-12-17 09:52:57,IBM,118.2,22,ASK
2018-12-17 09:52:59,IBM,118.15,10,BID
2018-12-17 09:52:59,IBM,118.2,23,ASK
2018-12-17 09:53:00,IBM,118.16,5,BID
2018-12-17 09:53:00,IBM,118.2,23,ASK
2018-12-17 09:53:00,IBM,118.16,5,BID
2018-12-17 09:53:00,IBM,118.2,23,ASK
2018-12-17 09:53:00,IBM,118.16,5,BID
2018-12-17 09:53:00,IBM,118.2,23,ASK
2018-12-17 09:53:03,IBM,118.15,2,BID
2018-12-17 09:53:03,IBM,118.18,4,ASK
2018-12-17 09:53:04,IBM,118.15,3,BID
2018-12-17 09:53:04,IBM,118.18,4,ASK
2018-12-17 09:53:04,IBM,118.17,3,BID
2018-12-17 09:53:04,IBM,118.2,22,ASK
2018-12-17 09:53:05,IBM,118.17,2,BID
2018-12-17 09:53:05,IBM,118.2,22,ASK
2018-12-17 09:53:07,IBM,118.17,2,BID
2018-12-17 09:53:07,IBM,118.19,1,ASK
2018-12-17 09:53:08,IBM,118.14,1,BID
2018-12-17 09:53:07,IBM,118.19,3,ASK
2018-12-17 09:53:09,IBM,118.14,2,BID
2018-12-17 09:53:07,IBM,118.19,3,ASK
2018-12-17 09:53:10,IBM,118.14,2,BID
2018-12-17 09:53:10,IBM,118.18,3,ASK
2018-12-17 09:53:11,IBM,118.14,2,BID
2018-12-17 09:53:11,IBM,118.19,4,ASK
2018-12-17 09:53:11,IBM,118.14,1,BID
2018-12-17 09:53:11,IBM,118.18,4,ASK
2018-12-17 09:53:13,IBM,118.19,1,BID
2018-12-17 09:53:13,IBM,118.2,22,ASK
2018-12-17 09:53:13,IBM,118.13,3,BID
2018-12-17 09:53:13,IBM,118.19,3,ASK
2018-12-17 09:53:13,IBM,118.13,3,BID
2018-12-17 09:53:13,IBM,118.19,3,ASK
2018-12-17 09:53:15,IBM,118.18,3,BID
2018-12-17 09:52:33,IBM,118.24,8,ASK
2018-12-17 09:53:15,IBM,118.18,3,BID
2018-12-17 09:52:33,IBM,118.24,8,ASK
2018-12-17 09:53:17,IBM,118.21,4,BID
2018-12-17 09:53:17,IBM,118.27,1,ASK
2018-12-17 09:53:17,IBM,118.22,8,BID
2018-12-17 09:53:17,IBM,118.3,5,ASK
2018-12-17 09:53:18,IBM,118.23,1,BID
2018-12-17 09:53:18,IBM,118.3,5,ASK
2018-12-17 09:53:18,IBM,118.23,1,BID
2018-12-17 09:53:18,IBM,118.3,5,ASK
2018-12-17 09:53:19,IBM,118.22,10,BID
2018-12-17 09:53:19,IBM,118.3,5,ASK
2018-12-17 09:53:20,IBM,118.24,1,BID
2018-12-17 09:53:20,IBM,118.3,5,ASK
2018-12-17 09:53:24,IBM,118.24,5,BID
2018-12-17 09:53:24,IBM,118.3,5,ASK
2018-12-17 09:53:24,IBM,118.25,3,BID
2018-12-17 09:53:24,IBM,118.3,6,ASK
2018-12-17 09:53:25,IBM,118.25,4,BID
2018-12-17 09:53:25,IBM,118.29,1,ASK
2018-12-17 09:53:27,IBM,118.25,5,BID
2018-12-17 09:53:27,IBM,118.29,1,ASK
2018-12-17 09:53:27,IBM,118.25,5,BID
2018-12-17 09:53:28,IBM,118.29,3,ASK
2018-12-17 09:53:29,IBM,118.22,11,BID
2018-12-17 09:53:29,IBM,118.28,1,ASK
2018-12-17 09:53:30,IBM,118.22,10,BID
2018-12-17 09:53:29,IBM,118.28,3,ASK
2018-12-17 09:53:30,IBM,118.22,10,BID
2018-12-17 09:53:29,IBM,118.28,3,ASK
2018-12-17 09:53:31,IBM,118.17,5,BID
2018-12-17 09:53:31,IBM,118.22,2,ASK
2018-12-17 09:53:32,IBM,118.16,2,BID
2018-12-17 09:53:32,IBM,118.21,2,ASK
2018-12-17 09:53:32,IBM,118.15,3,BID
2018-12-17 09:53:32,IBM,118.2,1,ASK
2018-12-17 09:53:34,IBM,118.12,7,BID
2018-12-17 09:53:34,IBM,118.2,4,ASK
2018-12-17 09:53:34,IBM,118.12,6,BID
2018-12-17 09:53:34,IBM,118.2,6,ASK
2018-12-17 09:53:34,IBM,118.12,6,BID
2018-12-17 09:53:34,IBM,118.2,6,ASK
2018-12-17 09:53:34,IBM,118.12,6,BID
2018-12-17 09:53:36,IBM,118.2,8,ASK
2018-12-17 09:53:36,IBM,118.14,2,BID
2018-12-17 09:53:36,IBM,118.2,8,ASK
2018-12-17 09:53:36,IBM,118.14,2,BID
2018-12-17 09:53:36,IBM,118.2,8,ASK
2018-12-17 09:53:34,IBM,118.12,6,BID
2018-12-17 09:53:40,IBM,118.17,4,ASK
2018-12-17 09:53:41,IBM,118.11,7,BID
2018-12-17 09:53:41,IBM,118.17,4,ASK
2018-12-17 09:53:43,IBM,118.11,9,BID
2018-12-17 09:53:43,IBM,118.17,4,ASK
2018-12-17 09:53:44,IBM,118.09,2,BID
2018-12-17 09:53:44,IBM,118.16,4,ASK
2018-12-17 09:53:44,IBM,118.09,2,BID
2018-12-17 09:53:44,IBM,118.16,10,ASK
2018-12-17 09:53:45,IBM,118.09,2,BID
2018-12-17 09:53:45,IBM,118.15,1,ASK
2018-12-17 09:53:45,IBM,118.09,2,BID
2018-12-17 09:53:45,IBM,118.15,1,ASK
2018-12-17 09:53:48,IBM,118.12,5,BID
2018-12-17 09:53:48,IBM,118.2,7,ASK
2018-12-17 09:53:49,IBM,118.2,1,BID
2018-12-17 09:53:49,IBM,118.27,3,ASK
2018-12-17 09:53:49,IBM,118.2,1,BID
2018-12-17 09:53:29,IBM,118.28,4,ASK
2018-12-17 09:53:49,IBM,118.2,1,BID
2018-12-17 09:53:29,IBM,118.28,4,ASK
2018-12-17 09:53:49,IBM,118.2,1,BID
2018-12-17 09:53:29,IBM,118.28,4,ASK
2018-12-17 09:53:52,IBM,118.21,3,BID
2018-12-17 09:53:52,IBM,118.3,5,ASK
2018-12-17 09:53:53,IBM,118.2,6,BID
2018-12-17 09:53:53,IBM,118.29,1,ASK
2018-12-17 09:53:53,IBM,118.2,7,BID
2018-12-17 09:53:54,IBM,118.3,5,ASK
2018-12-17 09:53:54,IBM,118.2,6,BID
2018-12-17 09:53:56,IBM,118.29,2,ASK
2018-12-17 09:53:56,IBM,118.2,9,BID
2018-12-17 09:53:57,IBM,118.3,5,ASK
2018-12-17 09:53:56,IBM,118.2,9,BID
2018-12-17 09:53:58,IBM,118.3,5,ASK
2018-12-17 09:53:56,IBM,118.2,8,BID
2018-12-17 09:53:58,IBM,118.3,5,ASK
2018-12-17 09:54:00,IBM,118.2,8,BID
2018-12-17 09:54:00,IBM,118.3,5,ASK
2018-12-17 09:54:01,IBM,118.2,8,BID
2018-12-17 09:54:01,IBM,118.3,5,ASK
2018-12-17 09:54:01,IBM,118.2,8,BID
2018-12-17 09:54:02,IBM,118.3,5,ASK
2018-12-17 09:54:01,IBM,118.2,9,BID
2018-12-17 09:54:03,IBM,118.3,5,ASK
2018-12-17 09:54:04,IBM,118.2,11,BID
2018-12-17 09:54:04,IBM,118.3,5,ASK
2018-12-17 09:54:04,IBM,118.21,6,BID
2018-12-17 09:54:04,IBM,118.3,5,ASK
2018-12-17 09:54:04,IBM,118.21,6,BID
2018-12-17 09:54:06,IBM,118.3,5,ASK
2018-12-17 09:54:04,IBM,118.21,6,BID
2018-12-17 09:54:06,IBM,118.3,5,ASK
2018-12-17 09:54:07,IBM,118.23,1,BID
2018-12-17 09:54:07,IBM,118.3,5,ASK
2018-12-17 09:54:08,IBM,118.23,2,BID
2018-12-17 09:54:08,IBM,118.3,5,ASK
2018-12-17 09:54:09,IBM,118.23,3,BID
2018-12-17 09:54:09,IBM,118.3,5,ASK
2018-12-17 09:54:09,IBM,118.23,3,BID
2018-12-17 09:54:09,IBM,118.3,5,ASK
2018-12-17 09:54:10,IBM,118.28,5,BID
2018-12-17 09:54:10,IBM,118.36,8,ASK
2018-12-17 09:54:10,IBM,118.28,4,BID
2018-12-17 09:54:10,IBM,118.36,8,ASK
2018-12-17 09:54:11,IBM,118.28,4,BID
2018-12-17 09:54:11,IBM,118.36,8,ASK
2018-12-17 09:54:13,IBM,118.28,4,BID
2018-12-17 09:54:13,IBM,118.36,8,ASK
2018-12-17 09:54:14,IBM,118.28,6,BID
2018-12-17 09:54:14,IBM,118.36,7,ASK
2018-12-17 09:54:15,IBM,118.3,1,BID
2018-12-17 09:54:15,IBM,118.34,3,ASK
2018-12-17 09:54:17,IBM,118.3,1,BID
2018-12-17 09:54:17,IBM,118.34,3,ASK
2018-12-17 09:54:18,IBM,118.32,1,BID
2018-12-17 09:54:18,IBM,118.39,3,ASK
2018-12-17 09:54:19,IBM,118.33,3,BID
2018-12-17 09:54:19,IBM,118.38,1,ASK
2018-12-17 09:54:21,IBM,118.36,1,BID
2018-12-17 09:54:21,IBM,118.39,5,ASK
2018-12-17 09:54:21,IBM,118.36,1,BID
2018-12-17 09:54:21,IBM,118.39,5,ASK
2018-12-17 09:54:23,IBM,118.36,2,BID
2018-12-17 09:54:21,IBM,118.39,5,ASK
2018-12-17 09:54:23,IBM,118.36,1,BID
2018-12-17 09:54:21,IBM,118.39,5,ASK
2018-12-17 09:54:25,IBM,118.4,1,BID
2018-12-17 09:54:25,IBM,118.45,4,ASK
2018-12-17 09:54:26,IBM,118.4,2,BID
2018-12-17 09:54:26,IBM,118.45,3,ASK
2018-12-17 09:54:27,IBM,118.4,2,BID
2018-12-17 09:54:27,IBM,118.45,4,ASK
2018-12-17 09:54:27,IBM,118.4,2,BID
2018-12-17 09:54:27,IBM,118.45,4,ASK
2018-12-17 09:54:28,IBM,118.4,2,BID
2018-12-17 09:54:28,IBM,118.45,4,ASK
2018-12-17 09:54:30,IBM,118.4,2,BID
2018-12-17 09:54:30,IBM,118.45,5,ASK
2018-12-17 09:54:31,IBM,118.4,4,BID
2018-12-17 09:54:31,IBM,118.45,5,ASK
2018-12-17 09:54:32,IBM,118.4,1,BID
2018-12-17 09:54:32,IBM,118.45,5,ASK
2018-12-17 09:54:33,IBM,118.39,7,BID
2018-12-17 09:54:32,IBM,118.45,6,ASK
2018-12-17 09:54:33,IBM,118.37,3,BID
2018-12-17 09:54:33,IBM,118.44,4,ASK
2018-12-17 09:54:35,IBM,118.42,1,BID
2018-12-17 09:54:35,IBM,118.48,1,ASK
2018-12-17 09:54:35,IBM,118.45,3,BID
2018-12-17 09:54:35,IBM,118.52,4,ASK
2018-12-17 09:54:35,IBM,118.45,4,BID
2018-12-17 09:54:37,IBM,118.52,5,ASK
2018-12-17 09:54:35,IBM,118.45,4,BID
2018-12-17 09:54:37,IBM,118.52,5,ASK
2018-12-17 09:54:35,IBM,118.45,4,BID
2018-12-17 09:54:37,IBM,118.52,5,ASK
2018-12-17 09:54:40,IBM,118.4,2,BID
2018-12-17 09:54:40,IBM,118.46,2,ASK
2018-12-17 09:54:41,IBM,118.37,6,BID
2018-12-17 09:54:41,IBM,118.45,1,ASK
2018-12-17 09:54:42,IBM,118.37,5,BID
2018-12-17 09:54:42,IBM,118.45,1,ASK
2018-12-17 09:54:43,IBM,118.37,5,BID
2018-12-17 09:54:43,IBM,118.45,1,ASK
2018-12-17 09:54:44,IBM,118.37,6,BID
2018-12-17 09:54:44,IBM,118.45,1,ASK
2018-12-17 09:54:45,IBM,118.37,5,BID
2018-12-17 09:54:45,IBM,118.45,3,ASK
2018-12-17 09:54:45,IBM,118.37,5,BID
2018-12-17 09:54:45,IBM,118.45,3,ASK
2018-12-17 09:54:45,IBM,118.37,5,BID
2018-12-17 09:54:45,IBM,118.45,3,ASK
2018-12-17 09:54:45,IBM,118.37,5,BID
2018-12-17 09:54:45,IBM,118.45,3,ASK
2018-12-17 09:54:45,IBM,118.37,5,BID
2018-12-17 09:54:45,IBM,118.45,3,ASK
2018-12-17 09:54:45,IBM,118.37,5,BID
2018-12-17 09:54:45,IBM,118.45,3,ASK
2018-12-17 09:54:51,IBM,118.37,8,BID
2018-12-17 09:54:51,IBM,118.45,4,ASK
2018-12-17 09:54:51,IBM,118.37,8,BID
2018-12-17 09:54:51,IBM,118.45,4,ASK
2018-12-17 09:54:51,IBM,118.37,8,BID
2018-12-17 09:54:51,IBM,118.45,4,ASK
2018-12-17 09:54:53,IBM,118.37,8,BID
2018-12-17 09:54:51,IBM,118.45,4,ASK
2018-12-17 09:54:53,IBM,118.37,8,BID
2018-12-17 09:54:51,IBM,118.45,4,ASK
2018-12-17 09:54:53,IBM,118.37,8,BID
2018-12-17 09:54:51,IBM,118.45,4,ASK
2018-12-17 09:54:57,IBM,118.37,8,BID
2018-12-17 09:54:51,IBM,118.45,4,ASK
2018-12-17 09:54:58,IBM,118.37,8,BID
2018-12-17 09:54:57,IBM,118.45,6,ASK
2018-12-17 09:54:59,IBM,118.37,8,BID
2018-12-17 09:54:57,IBM,118.45,6,ASK
2018-12-17 09:55:00,IBM,118.37,8,BID
2018-12-17 09:54:57,IBM,118.45,6,ASK
2018-12-17 09:55:01,IBM,118.45,1,BID
2018-12-17 09:55:01,IBM,118.49,3,ASK
2018-12-17 09:55:01,IBM,118.45,2,BID
2018-12-17 09:55:01,IBM,118.49,3,ASK
2018-12-17 09:55:01,IBM,118.4,4,BID
2018-12-17 09:55:01,IBM,118.49,5,ASK
2018-12-17 09:55:02,IBM,118.4,6,BID
2018-12-17 09:55:02,IBM,118.49,4,ASK
2018-12-17 09:55:03,IBM,118.41,4,BID
2018-12-17 09:55:03,IBM,118.52,6,ASK
2018-12-17 09:55:04,IBM,118.49,4,BID
2018-12-17 09:55:04,IBM,118.55,3,ASK
2018-12-17 09:55:04,IBM,118.49,4,BID
2018-12-17 09:55:04,IBM,118.55,3,ASK
2018-12-17 09:55:04,IBM,118.49,4,BID
2018-12-17 09:55:04,IBM,118.55,3,ASK
2018-12-17 09:55:04,IBM,118.49,4,BID
2018-12-17 09:55:04,IBM,118.55,3,ASK
2018-12-17 09:55:04,IBM,118.49,4,BID
2018-12-17 09:55:04,IBM,118.55,3,ASK
2018-12-17 09:55:09,IBM,118.49,4,BID
2018-12-17 09:55:09,IBM,118.55,5,ASK
2018-12-17 09:55:10,IBM,118.46,2,BID
2018-12-17 09:55:10,IBM,118.53,2,ASK
2018-12-17 09:55:12,IBM,118.47,3,BID
2018-12-17 09:55:12,IBM,118.54,2,ASK
2018-12-17 09:55:14,IBM,118.49,1,BID
2018-12-17 09:55:04,IBM,118.55,4,ASK
2018-12-17 09:55:15,IBM,118.49,1,BID
2018-12-17 09:55:04,IBM,118.55,5,ASK
2018-12-17 09:55:15,IBM,118.49,1,BID
2018-12-17 09:55:04,IBM,118.55,5,ASK
2018-12-17 09:55:15,IBM,118.49,1,BID
2018-12-17 09:55:04,IBM,118.55,5,ASK
2018-12-17 09:55:15,IBM,118.49,1,BID
2018-12-17 09:55:04,IBM,118.55,5,ASK
2018-12-17 09:55:15,IBM,118.49,1,BID
2018-12-17 09:55:04,IBM,118.55,5,ASK
2018-12-17 09:55:20,IBM,118.46,7,BID
2018-12-17 09:55:04,IBM,118.55,5,ASK
2018-12-17 09:55:21,IBM,118.46,4,BID
2018-12-17 09:55:21,IBM,118.51,1,ASK
2018-12-17 09:55:22,IBM,118.46,4,BID
2018-12-17 09:55:22,IBM,118.51,3,ASK
2018-12-17 09:55:22,IBM,118.46,4,BID
2018-12-17 09:55:22,IBM,118.51,3,ASK
2018-12-17 09:55:22,IBM,118.46,4,BID
2018-12-17 09:55:22,IBM,118.51,3,ASK
2018-12-17 09:55:22,IBM,118.46,4,BID
2018-12-17 09:55:22,IBM,118.51,3,ASK
2018-12-17 09:55:26,IBM,118.48,2,BID
2018-12-17 09:55:26,IBM,118.51,4,ASK
2018-12-17 09:55:26,IBM,118.48,2,BID
2018-12-17 09:55:26,IBM,118.51,4,ASK
2018-12-17 09:55:28,IBM,118.49,2,BID
2018-12-17 09:55:28,IBM,118.54,1,ASK
2018-12-17 09:55:30,IBM,118.48,3,BID
2018-12-17 09:55:30,IBM,118.53,3,ASK
2018-12-17 09:55:30,IBM,118.49,1,BID
2018-12-17 09:55:30,IBM,118.54,4,ASK
2018-12-17 09:55:30,IBM,118.49,1,BID
2018-12-17 09:55:30,IBM,118.54,4,ASK
2018-12-17 09:55:32,IBM,118.5,2,BID
2018-12-17 09:55:32,IBM,118.54,1,ASK
2018-12-17 09:55:32,IBM,118.5,2,BID
2018-12-17 09:55:33,IBM,118.54,2,ASK
2018-12-17 09:55:34,IBM,118.49,1,BID
2018-12-17 09:55:34,IBM,118.54,2,ASK
2018-12-17 09:55:34,IBM,118.49,1,BID
2018-12-17 09:55:34,IBM,118.54,2,ASK
2018-12-17 09:55:36,IBM,118.48,2,BID
2018-12-17 09:55:36,IBM,118.53,1,ASK
2018-12-17 09:55:37,IBM,118.48,2,BID
2018-12-17 09:55:37,IBM,118.52,1,ASK
2018-12-17 09:55:38,IBM,118.48,2,BID
2018-12-17 09:55:38,IBM,118.52,2,ASK
2018-12-17 09:55:38,IBM,118.48,2,BID
2018-12-17 09:55:38,IBM,118.52,2,ASK
2018-12-17 09:55:40,IBM,118.49,1,BID
2018-12-17 09:55:40,IBM,118.52,2,ASK
2018-12-17 09:55:41,IBM,118.49,2,BID
2018-12-17 09:55:41,IBM,118.52,2,ASK
2018-12-17 09:55:42,IBM,118.43,5,BID
2018-12-17 09:55:42,IBM,118.48,3,ASK
2018-12-17 09:55:43,IBM,118.42,5,BID
2018-12-17 09:55:43,IBM,118.48,3,ASK
2018-12-17 09:55:44,IBM,118.43,3,BID
2018-12-17 09:55:44,IBM,118.5,5,ASK
2018-12-17 09:55:44,IBM,118.43,3,BID
2018-12-17 09:55:44,IBM,118.5,5,ASK
2018-12-17 09:55:46,IBM,118.44,3,BID
2018-12-17 09:55:46,IBM,118.5,6,ASK
2018-12-17 09:55:48,IBM,118.43,4,BID
2018-12-17 09:55:48,IBM,118.49,2,ASK
2018-12-17 09:55:48,IBM,118.43,2,BID
2018-12-17 09:55:48,IBM,118.49,5,ASK
2018-12-17 09:55:49,IBM,118.43,3,BID
2018-12-17 09:55:49,IBM,118.49,5,ASK
2018-12-17 09:55:50,IBM,118.43,3,BID
2018-12-17 09:55:50,IBM,118.49,1,ASK
2018-12-17 09:55:50,IBM,118.43,3,BID
2018-12-17 09:55:50,IBM,118.49,1,ASK
2018-12-17 09:55:50,IBM,118.43,3,BID
2018-12-17 09:55:50,IBM,118.49,1,ASK
2018-12-17 09:55:50,IBM,118.43,3,BID
2018-12-17 09:55:50,IBM,118.49,1,ASK
2018-12-17 09:55:50,IBM,118.43,3,BID
2018-12-17 09:55:50,IBM,118.49,1,ASK
2018-12-17 09:55:50,IBM,118.43,3,BID
2018-12-17 09:55:50,IBM,118.49,1,ASK
2018-12-17 09:55:50,IBM,118.43,3,BID
2018-12-17 09:55:50,IBM,118.49,1,ASK
2018-12-17 09:55:57,IBM,118.47,2,BID
2018-12-17 09:55:57,IBM,118.51,5,ASK
2018-12-17 09:55:57,IBM,118.47,2,BID
2018-12-17 09:55:57,IBM,118.51,5,ASK
2018-12-17 09:56:00,IBM,118.47,2,BID
2018-12-17 09:56:00,IBM,118.51,5,ASK
2018-12-17 09:56:01,IBM,118.47,3,BID
2018-12-17 09:56:01,IBM,118.51,7,ASK
2018-12-17 09:56:01,IBM,118.47,3,BID
2018-12-17 09:56:01,IBM,118.51,7,ASK
2018-12-17 09:56:02,IBM,118.43,4,BID
2018-12-17 09:56:02,IBM,118.47,6,ASK
2018-12-17 09:56:03,IBM,118.43,3,BID
2018-12-17 09:56:04,IBM,118.46,3,ASK
2018-12-17 09:56:03,IBM,118.43,3,BID
2018-12-17 09:56:04,IBM,118.46,3,ASK
2018-12-17 09:56:03,IBM,118.43,3,BID
2018-12-17 09:56:04,IBM,118.46,3,ASK
2018-12-17 09:56:03,IBM,118.43,3,BID
2018-12-17 09:56:07,IBM,118.46,3,ASK
2018-12-17 09:56:03,IBM,118.43,3,BID
2018-12-17 09:56:07,IBM,118.46,3,ASK
2018-12-17 09:56:08,IBM,118.47,1,BID
2018-12-17 09:56:08,IBM,118.51,8,ASK
2018-12-17 09:56:08,IBM,118.47,2,BID
2018-12-17 09:56:08,IBM,118.51,8,ASK
2018-12-17 09:56:11,IBM,118.44,2,BID
2018-12-17 09:56:11,IBM,118.51,9,ASK
2018-12-17 09:56:11,IBM,118.44,2,BID
2018-12-17 09:56:11,IBM,118.51,9,ASK
2018-12-17 09:56:11,IBM,118.44,2,BID
2018-12-17 09:56:11,IBM,118.51,9,ASK
2018-12-17 09:56:14,IBM,118.44,2,BID
2018-12-17 09:56:14,IBM,118.51,9,ASK
2018-12-17 09:56:14,IBM,118.44,2,BID
2018-12-17 09:56:14,IBM,118.51,9,ASK
2018-12-17 09:56:16,IBM,118.44,2,BID
2018-12-17 09:56:16,IBM,118.5,3,ASK
2018-12-17 09:56:16,IBM,118.44,2,BID
2018-12-17 09:56:16,IBM,118.5,3,ASK
2018-12-17 09:56:17,IBM,118.43,8,BID
2018-12-17 09:56:17,IBM,118.5,4,ASK
2018-12-17 09:56:18,IBM,118.43,8,BID
2018-12-17 09:56:18,IBM,118.5,6,ASK
2018-12-17 09:56:19,IBM,118.43,8,BID
2018-12-17 09:56:19,IBM,118.5,8,ASK
2018-12-17 09:56:20,IBM,118.43,8,BID
2018-12-17 09:56:20,IBM,118.5,9,ASK
2018-12-17 09:56:22,IBM,118.43,8,BID
2018-12-17 09:56:22,IBM,118.5,9,ASK
2018-12-17 09:56:23,IBM,118.43,8,BID
2018-12-17 09:56:23,IBM,118.49,3,ASK
2018-12-17 09:56:24,IBM,118.43,8,BID
2018-12-17 09:56:24,IBM,118.5,9,ASK
2018-12-17 09:56:24,IBM,118.43,8,BID
2018-12-17 09:56:24,IBM,118.5,9,ASK
2018-12-17 09:56:24,IBM,118.43,8,BID
2018-12-17 09:56:24,IBM,118.5,9,ASK
2018-12-17 09:56:24,IBM,118.43,8,BID
2018-12-17 09:56:24,IBM,118.5,9,ASK
2018-12-17 09:56:27,IBM,118.43,8,BID
2018-12-17 09:56:27,IBM,118.5,9,ASK
2018-12-17 09:56:28,IBM,118.43,9,BID
2018-12-17 09:56:28,IBM,118.5,9,ASK
2018-12-17 09:56:29,IBM,118.43,9,BID
2018-12-17 09:56:28,IBM,118.5,9,ASK
2018-12-17 09:56:31,IBM,118.43,7,BID
2018-12-17 09:56:31,IBM,118.49,2,ASK
2018-12-17 09:56:32,IBM,118.4,1,BID
2018-12-17 09:56:32,IBM,118.44,5,ASK
2018-12-17 09:56:32,IBM,118.4,2,BID
2018-12-17 09:56:32,IBM,118.47,1,ASK
2018-12-17 09:56:34,IBM,118.4,3,BID
2018-12-17 09:56:34,IBM,118.46,10,ASK
2018-12-17 09:56:34,IBM,118.4,3,BID
2018-12-17 09:56:34,IBM,118.46,10,ASK
2018-12-17 09:56:35,IBM,118.4,3,BID
2018-12-17 09:56:35,IBM,118.45,6,ASK
2018-12-17 09:56:35,IBM,118.4,3,BID
2018-12-17 09:56:35,IBM,118.45,6,ASK
2018-12-17 09:56:37,IBM,118.37,8,BID
2018-12-17 09:56:37,IBM,118.43,6,ASK
2018-12-17 09:56:37,IBM,118.37,8,BID
2018-12-17 09:56:37,IBM,118.43,6,ASK
2018-12-17 09:56:37,IBM,118.37,8,BID
2018-12-17 09:56:37,IBM,118.43,6,ASK
2018-12-17 09:56:37,IBM,118.37,8,BID
2018-12-17 09:56:37,IBM,118.43,6,ASK
2018-12-17 09:56:37,IBM,118.37,8,BID
2018-12-17 09:56:37,IBM,118.43,6,ASK
2018-12-17 09:56:37,IBM,118.37,8,BID
2018-12-17 09:56:37,IBM,118.43,6,ASK
2018-12-17 09:56:37,IBM,118.37,8,BID
2018-12-17 09:56:37,IBM,118.43,6,ASK
2018-12-17 09:56:37,IBM,118.37,8,BID
2018-12-17 09:56:37,IBM,118.43,6,ASK
2018-12-17 09:56:37,IBM,118.37,8,BID
2018-12-17 09:56:37,IBM,118.43,6,ASK
2018-12-17 09:56:37,IBM,118.37,8,BID
2018-12-17 09:56:47,IBM,118.42,3,ASK
2018-12-17 09:56:37,IBM,118.37,8,BID
2018-12-17 09:56:47,IBM,118.42,3,ASK
2018-12-17 09:56:49,IBM,118.34,2,BID
2018-12-17 09:56:48,IBM,118.41,5,ASK
2018-12-17 09:56:49,IBM,118.34,3,BID
2018-12-17 09:56:48,IBM,118.41,5,ASK
2018-12-17 09:56:51,IBM,118.37,3,BID
2018-12-17 09:56:51,IBM,118.42,3,ASK
2018-12-17 09:56:52,IBM,118.37,2,BID
2018-12-17 09:56:52,IBM,118.42,4,ASK
2018-12-17 09:56:53,IBM,118.37,3,BID
2018-12-17 09:56:53,IBM,118.42,4,ASK
2018-12-17 09:56:53,IBM,118.37,3,BID
2018-12-17 09:56:53,IBM,118.42,4,ASK
2018-12-17 09:56:53,IBM,118.37,3,BID
2018-12-17 09:56:53,IBM,118.42,4,ASK
2018-12-17 09:56:53,IBM,118.37,3,BID
2018-12-17 09:56:53,IBM,118.42,4,ASK
2018-12-17 09:56:57,IBM,118.36,6,BID
2018-12-17 09:56:53,IBM,118.42,4,ASK
2018-12-17 09:56:57,IBM,118.36,6,BID
2018-12-17 09:56:53,IBM,118.42,4,ASK
2018-12-17 09:56:57,IBM,118.36,5,BID
2018-12-17 09:56:53,IBM,118.42,4,ASK
2018-12-17 09:56:57,IBM,118.36,5,BID
2018-12-17 09:56:59,IBM,118.42,4,ASK
2018-12-17 09:57:01,IBM,118.36,4,BID
2018-12-17 09:57:01,IBM,118.41,4,ASK
2018-12-17 09:57:01,IBM,118.36,4,BID
2018-12-17 09:57:01,IBM,118.41,4,ASK
2018-12-17 09:57:01,IBM,118.36,4,BID
2018-12-17 09:57:01,IBM,118.41,4,ASK
2018-12-17 09:57:03,IBM,118.36,4,BID
2018-12-17 09:57:03,IBM,118.39,10,ASK
2018-12-17 09:57:04,IBM,118.34,5,BID
2018-12-17 09:57:04,IBM,118.38,2,ASK
2018-12-17 09:57:05,IBM,118.33,3,BID
2018-12-17 09:57:06,IBM,118.36,3,ASK
2018-12-17 09:57:06,IBM,118.34,3,BID
2018-12-17 09:57:06,IBM,118.38,7,ASK
2018-12-17 09:57:07,IBM,118.34,3,BID
2018-12-17 09:57:06,IBM,118.38,7,ASK
2018-12-17 09:57:07,IBM,118.34,3,BID
2018-12-17 09:57:06,IBM,118.38,7,ASK
2018-12-17 09:57:07,IBM,118.34,3,BID
2018-12-17 09:57:09,IBM,118.38,9,ASK
2018-12-17 09:57:07,IBM,118.34,3,BID
2018-12-17 09:57:09,IBM,118.38,9,ASK
2018-12-17 09:57:07,IBM,118.34,3,BID
2018-12-17 09:57:09,IBM,118.38,9,ASK
2018-12-17 09:57:12,IBM,118.33,3,BID
2018-12-17 09:57:12,IBM,118.37,1,ASK
2018-12-17 09:57:12,IBM,118.33,3,BID
2018-12-17 09:57:12,IBM,118.37,1,ASK
2018-12-17 09:57:14,IBM,118.31,6,BID
2018-12-17 09:57:14,IBM,118.37,4,ASK
2018-12-17 09:57:14,IBM,118.31,6,BID
2018-12-17 09:57:15,IBM,118.37,8,ASK
2018-12-17 09:57:17,IBM,118.3,4,BID
2018-12-17 09:57:17,IBM,118.37,8,ASK
2018-12-17 09:57:18,IBM,118.29,2,BID
2018-12-17 09:57:18,IBM,118.35,1,ASK
2018-12-17 09:57:19,IBM,118.3,1,BID
2018-12-17 09:57:19,IBM,118.35,2,ASK
2018-12-17 09:57:19,IBM,118.3,1,BID
2018-12-17 09:57:19,IBM,118.35,2,ASK
2018-12-17 09:57:20,IBM,118.3,3,BID
2018-12-17 09:57:20,IBM,118.35,2,ASK
2018-12-17 09:57:21,IBM,118.29,3,BID
2018-12-17 09:57:22,IBM,118.35,2,ASK
2018-12-17 09:57:22,IBM,118.29,3,BID
2018-12-17 09:57:22,IBM,118.35,3,ASK
2018-12-17 09:57:22,IBM,118.29,3,BID
2018-12-17 09:57:22,IBM,118.35,3,ASK
2018-12-17 09:57:25,IBM,118.24,3,BID
2018-12-17 09:57:25,IBM,118.34,8,ASK
2018-12-17 09:57:25,IBM,118.25,4,BID
2018-12-17 09:57:25,IBM,118.34,8,ASK
2018-12-17 09:57:27,IBM,118.29,1,BID
2018-12-17 09:57:27,IBM,118.35,5,ASK
2018-12-17 09:57:27,IBM,118.33,4,BID
2018-12-17 09:57:27,IBM,118.36,2,ASK
2018-12-17 09:57:29,IBM,118.33,5,BID
2018-12-17 09:57:17,IBM,118.37,9,ASK
2018-12-17 09:57:30,IBM,118.33,5,BID
2018-12-17 09:57:17,IBM,118.37,9,ASK
2018-12-17 09:57:31,IBM,118.31,5,BID
2018-12-17 09:57:31,IBM,118.36,4,ASK
2018-12-17 09:57:31,IBM,118.31,5,BID
2018-12-17 09:57:32,IBM,118.36,4,ASK
2018-12-17 09:57:33,IBM,118.32,1,BID
2018-12-17 09:57:33,IBM,118.36,2,ASK
2018-12-17 09:57:34,IBM,118.32,1,BID
2018-12-17 09:57:17,IBM,118.37,9,ASK
2018-12-17 09:57:34,IBM,118.38,1,BID
2018-12-17 09:57:34,IBM,118.46,13,ASK
2018-12-17 09:57:36,IBM,118.38,2,BID
2018-12-17 09:57:35,IBM,118.46,14,ASK
2018-12-17 09:57:37,IBM,118.38,2,BID
2018-12-17 09:57:37,IBM,118.45,1,ASK
2018-12-17 09:57:38,IBM,118.38,2,BID
2018-12-17 09:57:38,IBM,118.45,3,ASK
2018-12-17 09:57:38,IBM,118.38,2,BID
2018-12-17 09:57:38,IBM,118.45,3,ASK
2018-12-17 09:57:38,IBM,118.38,2,BID
2018-12-17 09:57:38,IBM,118.45,3,ASK
2018-12-17 09:57:38,IBM,118.38,2,BID
2018-12-17 09:57:38,IBM,118.45,3,ASK
2018-12-17 09:57:38,IBM,118.38,2,BID
2018-12-17 09:57:38,IBM,118.45,3,ASK
2018-12-17 09:57:38,IBM,118.38,2,BID
2018-12-17 09:57:38,IBM,118.45,3,ASK
2018-12-17 09:57:44,IBM,118.44,1,BID
2018-12-17 09:57:44,IBM,118.47,2,ASK
2018-12-17 09:57:44,IBM,118.42,4,BID
2018-12-17 09:57:44,IBM,118.5,4,ASK
2018-12-17 09:57:45,IBM,118.42,4,BID
2018-12-17 09:57:45,IBM,118.49,1,ASK
2018-12-17 09:57:47,IBM,118.42,5,BID
2018-12-17 09:57:47,IBM,118.49,2,ASK
2018-12-17 09:57:47,IBM,118.42,5,BID
2018-12-17 09:57:47,IBM,118.49,2,ASK
2018-12-17 09:57:49,IBM,118.42,6,BID
2018-12-17 09:57:49,IBM,118.49,4,ASK
2018-12-17 09:57:49,IBM,118.42,6,BID
2018-12-17 09:57:49,IBM,118.49,4,ASK
2018-12-17 09:57:50,IBM,118.42,6,BID
2018-12-17 09:57:49,IBM,118.49,4,ASK
2018-12-17 09:57:50,IBM,118.42,6,BID
2018-12-17 09:57:49,IBM,118.49,4,ASK
2018-12-17 09:57:53,IBM,118.41,2,BID
2018-12-17 09:57:53,IBM,118.48,3,ASK
2018-12-17 09:57:53,IBM,118.41,2,BID
2018-12-17 09:57:53,IBM,118.48,3,ASK
2018-12-17 09:57:55,IBM,118.41,2,BID
2018-12-17 09:57:55,IBM,118.48,4,ASK
2018-12-17 09:57:55,IBM,118.41,2,BID
2018-12-17 09:57:55,IBM,118.48,4,ASK
2018-12-17 09:57:57,IBM,118.41,1,BID
2018-12-17 09:57:57,IBM,118.48,4,ASK
2018-12-17 09:57:58,IBM,118.42,1,BID
2018-12-17 09:57:58,IBM,118.48,4,ASK
2018-12-17 09:57:58,IBM,118.42,1,BID
2018-12-17 09:57:58,IBM,118.48,5,ASK
2018-12-17 09:58:00,IBM,118.41,2,BID
2018-12-17 09:58:00,IBM,118.46,1,ASK
2018-12-17 09:58:00,IBM,118.42,5,BID
2018-12-17 09:58:00,IBM,118.49,3,ASK
2018-12-17 09:58:02,IBM,118.43,2,BID
2018-12-17 09:58:02,IBM,118.5,5,ASK
2018-12-17 09:58:03,IBM,118.43,3,BID
2018-12-17 09:58:03,IBM,118.5,4,ASK
2018-12-17 09:58:03,IBM,118.42,5,BID
2018-12-17 09:58:03,IBM,118.49,1,ASK
2018-12-17 09:58:04,IBM,118.42,6,BID
2018-12-17 09:58:04,IBM,118.49,2,ASK
2018-12-17 09:58:06,IBM,118.43,2,BID
2018-12-17 09:58:06,IBM,118.49,3,ASK
2018-12-17 09:58:07,IBM,118.42,6,BID
2018-12-17 09:58:06,IBM,118.49,3,ASK
2018-12-17 09:58:08,IBM,118.42,7,BID
2018-12-17 09:58:06,IBM,118.49,4,ASK
2018-12-17 09:58:08,IBM,118.42,7,BID
2018-12-17 09:58:06,IBM,118.49,4,ASK
2018-12-17 09:58:10,IBM,118.42,7,BID
2018-12-17 09:58:10,IBM,118.49,6,ASK
2018-12-17 09:58:10,IBM,118.42,7,BID
2018-12-17 09:58:10,IBM,118.49,6,ASK
2018-12-17 09:58:10,IBM,118.42,7,BID
2018-12-17 09:58:10,IBM,118.49,6,ASK
2018-12-17 09:58:10,IBM,118.42,7,BID
2018-12-17 09:58:10,IBM,118.49,6,ASK
2018-12-17 09:58:14,IBM,118.42,7,BID
2018-12-17 09:58:14,IBM,118.49,6,ASK
2018-12-17 09:58:00,IBM,118.42,7,BID
2018-12-17 09:58:08,IBM,118.49,6,ASK
2018-12-17 09:58:00,IBM,118.42,7,BID
2018-12-17 09:58:08,IBM,118.49,8,ASK
2018-12-17 09:58:00,IBM,118.42,7,BID
2018-12-17 09:58:16,IBM,118.49,9,ASK
2018-12-17 09:58:00,IBM,118.42,7,BID
2018-12-17 09:58:18,IBM,118.48,5,ASK
2018-12-17 09:58:00,IBM,118.42,7,BID
2018-12-17 09:58:17,IBM,118.49,11,ASK
2018-12-17 09:58:20,IBM,118.43,1,BID
2018-12-17 09:58:20,IBM,118.49,9,ASK
2018-12-17 09:58:21,IBM,118.43,2,BID
2018-12-17 09:58:20,IBM,118.49,8,ASK
2018-12-17 09:58:22,IBM,118.43,3,BID
2018-12-17 09:58:20,IBM,118.49,8,ASK
2018-12-17 09:58:22,IBM,118.43,3,BID
2018-12-17 09:58:20,IBM,118.49,8,ASK
2018-12-17 09:58:24,IBM,118.42,8,BID
2018-12-17 09:58:24,IBM,118.47,3,ASK
2018-12-17 09:58:24,IBM,118.42,8,BID
2018-12-17 09:58:25,IBM,118.48,3,ASK
2018-12-17 09:58:25,IBM,118.45,1,BID
2018-12-17 09:58:20,IBM,118.49,8,ASK
2018-12-17 09:58:27,IBM,118.45,1,BID
2018-12-17 09:58:20,IBM,118.49,9,ASK
2018-12-17 09:58:27,IBM,118.45,1,BID
2018-12-17 09:58:20,IBM,118.49,9,ASK
2018-12-17 09:58:27,IBM,118.45,1,BID
2018-12-17 09:58:20,IBM,118.49,9,ASK
2018-12-17 09:58:30,IBM,118.45,1,BID
2018-12-17 09:58:20,IBM,118.49,9,ASK
2018-12-17 09:58:30,IBM,118.45,1,BID
2018-12-17 09:58:20,IBM,118.49,9,ASK
2018-12-17 09:58:32,IBM,118.45,3,BID
2018-12-17 09:58:20,IBM,118.49,8,ASK
2018-12-17 09:58:32,IBM,118.45,3,BID
2018-12-17 09:58:20,IBM,118.49,8,ASK
2018-12-17 09:58:34,IBM,118.44,3,BID
2018-12-17 09:58:34,IBM,118.48,1,ASK
2018-12-17 09:58:34,IBM,118.44,1,BID
2018-12-17 09:58:34,IBM,118.48,3,ASK
2018-12-17 09:58:34,IBM,118.44,1,BID
2018-12-17 09:58:34,IBM,118.48,3,ASK
2018-12-17 09:58:34,IBM,118.44,1,BID
2018-12-17 09:58:34,IBM,118.48,3,ASK
2018-12-17 09:58:34,IBM,118.44,1,BID
2018-12-17 09:58:34,IBM,118.48,3,ASK
2018-12-17 09:58:39,IBM,118.5,3,BID
2018-12-17 09:58:39,IBM,118.53,4,ASK
2018-12-17 09:58:39,IBM,118.5,4,BID
2018-12-17 09:58:39,IBM,118.53,4,ASK
2018-12-17 09:58:41,IBM,118.5,5,BID
2018-12-17 09:58:41,IBM,118.53,4,ASK
2018-12-17 09:58:42,IBM,118.51,5,BID
2018-12-17 09:58:42,IBM,118.56,4,ASK
2018-12-17 09:58:43,IBM,118.5,5,BID
2018-12-17 09:58:43,IBM,118.56,4,ASK
2018-12-17 09:58:44,IBM,118.5,5,BID
2018-12-17 09:58:44,IBM,118.54,1,ASK
2018-12-17 09:58:45,IBM,118.5,5,BID
2018-12-17 09:58:45,IBM,118.54,3,ASK
2018-12-17 09:58:46,IBM,118.51,3,BID
2018-12-17 09:58:46,IBM,118.54,4,ASK
2018-12-17 09:58:47,IBM,118.51,3,BID
2018-12-17 09:58:47,IBM,118.55,2,ASK
2018-12-17 09:58:47,IBM,118.51,3,BID
2018-12-17 09:58:47,IBM,118.55,2,ASK
2018-12-17 09:58:47,IBM,118.51,3,BID
2018-12-17 09:58:49,IBM,118.55,3,ASK
2018-12-17 09:58:47,IBM,118.51,3,BID
2018-12-17 09:58:49,IBM,118.55,3,ASK
2018-12-17 09:58:51,IBM,118.51,7,BID
2018-12-17 09:58:49,IBM,118.55,3,ASK
2018-12-17 09:58:51,IBM,118.51,7,BID
2018-12-17 09:58:49,IBM,118.55,3,ASK
2018-12-17 09:58:51,IBM,118.51,7,BID
2018-12-17 09:58:49,IBM,118.55,3,ASK
2018-12-17 09:58:54,IBM,118.51,7,BID
2018-12-17 09:58:49,IBM,118.55,3,ASK
2018-12-17 09:58:54,IBM,118.51,7,BID
2018-12-17 09:58:49,IBM,118.55,3,ASK
2018-12-17 09:58:56,IBM,118.51,7,BID
2018-12-17 09:58:56,IBM,118.54,1,ASK
2018-12-17 09:58:57,IBM,118.51,7,BID
2018-12-17 09:58:49,IBM,118.55,3,ASK
2018-12-17 09:58:58,IBM,118.51,7,BID
2018-12-17 09:58:49,IBM,118.55,3,ASK
2018-12-17 09:58:58,IBM,118.51,7,BID
2018-12-17 09:58:49,IBM,118.55,3,ASK
2018-12-17 09:59:00,IBM,118.51,7,BID
2018-12-17 09:59:00,IBM,118.55,4,ASK
2018-12-17 09:59:00,IBM,118.51,7,BID
2018-12-17 09:59:00,IBM,118.55,4,ASK
2018-12-17 09:59:02,IBM,118.51,7,BID
2018-12-17 09:59:02,IBM,118.55,4,ASK
2018-12-17 09:59:03,IBM,118.51,6,BID
2018-12-17 09:59:03,IBM,118.54,2,ASK
2018-12-17 09:59:04,IBM,118.51,6,BID
2018-12-17 09:59:04,IBM,118.55,6,ASK
2018-12-17 09:59:05,IBM,118.51,6,BID
2018-12-17 09:59:04,IBM,118.55,6,ASK
2018-12-17 09:59:05,IBM,118.51,6,BID
2018-12-17 09:59:04,IBM,118.55,6,ASK
2018-12-17 09:59:07,IBM,118.51,6,BID
2018-12-17 09:59:07,IBM,118.54,2,ASK
2018-12-17 09:59:08,IBM,118.5,6,BID
2018-12-17 09:59:08,IBM,118.54,1,ASK
2018-12-17 09:59:09,IBM,118.5,6,BID
2018-12-17 09:59:09,IBM,118.54,1,ASK
2018-12-17 09:59:09,IBM,118.5,6,BID
2018-12-17 09:59:09,IBM,118.54,1,ASK
2018-12-17 09:59:09,IBM,118.5,6,BID
2018-12-17 09:59:09,IBM,118.54,1,ASK
2018-12-17 09:59:12,IBM,118.51,4,BID
2018-12-17 09:59:12,IBM,118.54,1,ASK
2018-12-17 09:59:13,IBM,118.51,5,BID
2018-12-17 09:59:13,IBM,118.55,7,ASK
2018-12-17 09:59:13,IBM,118.51,5,BID
2018-12-17 09:59:13,IBM,118.55,7,ASK
2018-12-17 09:59:15,IBM,118.52,2,BID
2018-12-17 09:59:07,IBM,118.55,7,ASK
2018-12-17 09:59:15,IBM,118.56,3,BID
2018-12-17 09:47:58,IBM,118.6,11,ASK
2018-12-17 09:59:17,IBM,118.53,2,BID
2018-12-17 09:59:17,IBM,118.59,1,ASK
2018-12-17 09:59:17,IBM,118.52,3,BID
2018-12-17 09:59:17,IBM,118.59,2,ASK
2018-12-17 09:59:17,IBM,118.52,3,BID
2018-12-17 09:59:17,IBM,118.59,2,ASK
2018-12-17 09:59:17,IBM,118.52,3,BID
2018-12-17 09:59:17,IBM,118.59,3,ASK
2018-12-17 09:59:17,IBM,118.52,3,BID
2018-12-17 09:59:17,IBM,118.59,3,ASK
2018-12-17 09:59:17,IBM,118.52,3,BID
2018-12-17 09:59:17,IBM,118.59,3,ASK
2018-12-17 09:59:17,IBM,118.52,3,BID
2018-12-17 09:59:17,IBM,118.59,3,ASK
2018-12-17 09:59:24,IBM,118.52,4,BID
2018-12-17 09:59:24,IBM,118.59,5,ASK
2018-12-17 09:59:25,IBM,118.52,7,BID
2018-12-17 09:59:24,IBM,118.59,7,ASK
2018-12-17 09:59:25,IBM,118.53,1,BID
2018-12-17 09:59:24,IBM,118.59,7,ASK
2018-12-17 09:59:25,IBM,118.53,1,BID
2018-12-17 09:59:24,IBM,118.59,7,ASK
2018-12-17 09:59:28,IBM,118.52,7,BID
2018-12-17 09:59:24,IBM,118.59,7,ASK
2018-12-17 09:59:29,IBM,118.52,7,BID
2018-12-17 09:59:24,IBM,118.59,7,ASK
2018-12-17 09:59:30,IBM,118.52,7,BID
2018-12-17 09:59:24,IBM,118.59,6,ASK
2018-12-17 09:59:30,IBM,118.52,7,BID
2018-12-17 09:59:24,IBM,118.59,6,ASK
2018-12-17 09:59:32,IBM,118.53,2,BID
2018-12-17 09:59:24,IBM,118.59,6,ASK
2018-12-17 09:59:32,IBM,118.53,2,BID
2018-12-17 09:59:24,IBM,118.59,6,ASK
2018-12-17 09:59:34,IBM,118.53,2,BID
2018-12-17 09:59:24,IBM,118.59,6,ASK
2018-12-17 09:59:34,IBM,118.53,2,BID
2018-12-17 09:59:24,IBM,118.59,6,ASK
2018-12-17 09:59:36,IBM,118.57,2,BID
2018-12-17 09:59:36,IBM,118.65,6,ASK
2018-12-17 09:59:36,IBM,118.58,1,BID
2018-12-17 09:59:36,IBM,118.65,5,ASK
2018-12-17 09:59:37,IBM,118.58,4,BID
2018-12-17 09:59:37,IBM,118.66,2,ASK
2018-12-17 09:59:38,IBM,118.6,1,BID
2018-12-17 09:59:38,IBM,118.68,11,ASK
2018-12-17 09:59:38,IBM,118.61,5,BID
2018-12-17 09:59:38,IBM,118.7,1,ASK
2018-12-17 09:59:40,IBM,118.62,4,BID
2018-12-17 09:59:41,IBM,118.67,2,ASK
2018-12-17 09:59:41,IBM,118.62,1,BID
2018-12-17 09:59:41,IBM,118.68,2,ASK
2018-12-17 09:59:43,IBM,118.58,5,BID
2018-12-17 09:59:43,IBM,118.65,1,ASK
2018-12-17 09:59:43,IBM,118.58,10,BID
2018-12-17 09:59:45,IBM,118.65,3,ASK
2018-12-17 09:59:45,IBM,118.58,10,BID
2018-12-17 09:59:45,IBM,118.65,3,ASK
2018-12-17 09:59:45,IBM,118.58,8,BID
2018-12-17 09:59:45,IBM,118.65,3,ASK
2018-12-17 09:59:45,IBM,118.58,8,BID
2018-12-17 09:59:45,IBM,118.65,3,ASK
2018-12-17 09:59:45,IBM,118.58,8,BID
2018-12-17 09:59:45,IBM,118.65,3,ASK
2018-12-17 09:59:45,IBM,118.58,8,BID
2018-12-17 09:59:45,IBM,118.65,3,ASK
2018-12-17 09:59:50,IBM,118.61,1,BID
2018-12-17 09:59:50,IBM,118.67,6,ASK
2018-12-17 09:59:50,IBM,118.6,1,BID
2018-12-17 09:59:50,IBM,118.67,6,ASK
2018-12-17 09:59:51,IBM,118.6,1,BID
2018-12-17 09:59:51,IBM,118.67,6,ASK
2018-12-17 09:59:51,IBM,118.6,1,BID
2018-12-17 09:59:51,IBM,118.67,6,ASK
2018-12-17 09:59:54,IBM,118.64,1,BID
2018-12-17 09:59:54,IBM,118.68,1,ASK
2018-12-17 09:59:54,IBM,118.61,4,BID
2018-12-17 09:59:54,IBM,118.67,1,ASK
2018-12-17 09:59:55,IBM,118.64,1,BID
2018-12-17 09:59:55,IBM,118.71,1,ASK
2018-12-17 09:59:56,IBM,118.64,2,BID
2018-12-17 09:59:56,IBM,118.71,1,ASK
2018-12-17 09:59:58,IBM,118.64,2,BID
2018-12-17 09:59:58,IBM,118.71,1,ASK
2018-12-17 09:59:59,IBM,118.64,2,BID
2018-12-17 09:59:59,IBM,118.68,1,ASK
2018-12-17 10:00:00,IBM,118.6,3,BID
2018-12-17 10:00:00,IBM,118.67,2,ASK
2018-12-17 10:00:00,IBM,118.58,10,BID
2018-12-17 10:00:00,IBM,118.67,4,ASK
2018-12-17 10:00:01,IBM,118.58,15,BID
2018-12-17 10:00:01,IBM,118.67,4,ASK
2018-12-17 10:00:01,IBM,118.58,15,BID
2018-12-17 10:00:01,IBM,118.67,4,ASK
2018-12-17 10:00:01,IBM,118.58,15,BID
2018-12-17 10:00:02,IBM,118.67,4,ASK
2018-12-17 10:00:01,IBM,118.58,15,BID
2018-12-17 10:00:03,IBM,118.67,3,ASK
2018-12-17 10:00:01,IBM,118.58,15,BID
2018-12-17 10:00:03,IBM,118.67,3,ASK
2018-12-17 10:00:01,IBM,118.58,16,BID
2018-12-17 10:00:05,IBM,118.68,4,ASK
2018-12-17 10:00:01,IBM,118.58,16,BID
2018-12-17 10:00:07,IBM,118.67,3,ASK
2018-12-17 10:00:01,IBM,118.58,16,BID
2018-12-17 10:00:07,IBM,118.67,3,ASK
2018-12-17 10:00:01,IBM,118.58,16,BID
2018-12-17 10:00:07,IBM,118.68,5,ASK
2018-12-17 10:00:01,IBM,118.58,16,BID
2018-12-17 10:00:08,IBM,118.68,5,ASK
2018-12-17 10:00:01,IBM,118.58,16,BID
2018-12-17 10:00:09,IBM,118.68,6,ASK
2018-12-17 10:00:01,IBM,118.58,16,BID
2018-12-17 10:00:09,IBM,118.68,8,ASK
2018-12-17 09:59:43,IBM,118.58,16,BID
2018-12-17 10:00:10,IBM,118.68,8,ASK
2018-12-17 09:59:43,IBM,118.58,14,BID
2018-12-17 10:00:11,IBM,118.64,2,ASK
2018-12-17 10:00:13,IBM,118.54,4,BID
2018-12-17 10:00:13,IBM,118.64,4,ASK
2018-12-17 10:00:15,IBM,118.55,4,BID
2018-12-17 10:00:15,IBM,118.64,6,ASK
2018-12-17 10:00:15,IBM,118.55,7,BID
2018-12-17 10:00:15,IBM,118.64,8,ASK
2018-12-17 10:00:17,IBM,118.55,7,BID
2018-12-17 10:00:17,IBM,118.64,9,ASK
2018-12-17 10:00:19,IBM,118.55,7,BID
2018-12-17 10:00:19,IBM,118.64,11,ASK
2018-12-17 10:00:20,IBM,118.55,7,BID
2018-12-17 10:00:19,IBM,118.64,12,ASK
2018-12-17 10:00:22,IBM,118.54,5,BID
2018-12-17 10:00:23,IBM,118.61,5,ASK
2018-12-17 10:00:23,IBM,118.55,10,BID
2018-12-17 10:00:23,IBM,118.61,5,ASK
2018-12-17 10:00:23,IBM,118.55,10,BID
2018-12-17 10:00:23,IBM,118.61,5,ASK
2018-12-17 10:00:23,IBM,118.55,10,BID
2018-12-17 10:00:23,IBM,118.61,5,ASK
2018-12-17 09:59:15,IBM,118.51,5,BID
2018-12-17 10:00:26,IBM,118.53,2,ASK
2018-12-17 10:00:27,IBM,118.49,4,BID
2018-12-17 10:00:27,IBM,118.53,2,ASK
2018-12-17 10:00:29,IBM,118.46,1,BID
2018-12-17 10:00:29,IBM,118.5,1,ASK
2018-12-17 10:00:30,IBM,118.46,2,BID
2018-12-17 10:00:30,IBM,118.5,1,ASK
2018-12-17 10:00:30,IBM,118.48,3,BID
2018-12-17 10:00:30,IBM,118.52,2,ASK
2018-12-17 10:00:30,IBM,118.48,3,BID
2018-12-17 10:00:31,IBM,118.52,3,ASK
2018-12-17 10:00:30,IBM,118.48,3,BID
2018-12-17 10:00:31,IBM,118.52,3,ASK
2018-12-17 10:00:33,IBM,118.48,4,BID
2018-12-17 10:00:33,IBM,118.52,3,ASK
2018-12-17 10:00:34,IBM,118.48,4,BID
2018-12-17 10:00:34,IBM,118.52,4,ASK
2018-12-17 10:00:34,IBM,118.48,4,BID
2018-12-17 10:00:34,IBM,118.52,4,ASK
2018-12-17 10:00:36,IBM,118.48,5,BID
2018-12-17 10:00:36,IBM,118.52,4,ASK
2018-12-17 10:00:36,IBM,118.48,6,BID
2018-12-17 10:00:38,IBM,118.52,2,ASK
2018-12-17 10:00:36,IBM,118.48,6,BID
2018-12-17 10:00:38,IBM,118.52,2,ASK
2018-12-17 10:00:36,IBM,118.48,6,BID
2018-12-17 10:00:38,IBM,118.52,2,ASK
2018-12-17 10:00:36,IBM,118.48,6,BID
2018-12-17 10:00:38,IBM,118.52,2,ASK
2018-12-17 10:00:41,IBM,118.49,3,BID
2018-12-17 10:00:41,IBM,118.52,2,ASK
2018-12-17 10:00:41,IBM,118.49,3,BID
2018-12-17 10:00:41,IBM,118.52,2,ASK
2018-12-17 10:00:44,IBM,118.49,4,BID
2018-12-17 10:00:44,IBM,118.51,1,ASK
2018-12-17 10:00:44,IBM,118.49,4,BID
2018-12-17 10:00:44,IBM,118.51,1,ASK
2018-12-17 10:00:45,IBM,118.48,7,BID
2018-12-17 10:00:45,IBM,118.51,2,ASK
2018-12-17 10:00:45,IBM,118.48,7,BID
2018-12-17 10:00:45,IBM,118.51,2,ASK
2018-12-17 10:00:45,IBM,118.48,7,BID
2018-12-17 10:00:45,IBM,118.51,2,ASK
2018-12-17 10:00:45,IBM,118.48,7,BID
2018-12-17 10:00:45,IBM,118.51,2,ASK
2018-12-17 10:00:45,IBM,118.48,7,BID
2018-12-17 10:00:45,IBM,118.51,2,ASK
2018-12-17 10:00:45,IBM,118.48,7,BID
2018-12-17 10:00:45,IBM,118.51,2,ASK
2018-12-17 10:00:45,IBM,118.48,7,BID
2018-12-17 10:00:45,IBM,118.51,2,ASK
2018-12-17 10:00:52,IBM,118.48,7,BID
2018-12-17 10:00:52,IBM,118.51,2,ASK
2018-12-17 10:00:53,IBM,118.48,7,BID
2018-12-17 10:00:53,IBM,118.52,5,ASK
2018-12-17 10:00:54,IBM,118.5,2,BID
2018-12-17 10:00:54,IBM,118.53,3,ASK
2018-12-17 10:00:55,IBM,118.54,1,BID
2018-12-17 10:00:55,IBM,118.57,4,ASK
2018-12-17 10:00:55,IBM,118.54,1,BID
2018-12-17 10:00:55,IBM,118.57,4,ASK
2018-12-17 10:00:58,IBM,118.52,5,BID
2018-12-17 10:00:58,IBM,118.57,4,ASK
2018-12-17 10:00:58,IBM,118.55,1,BID
2018-12-17 10:00:58,IBM,118.61,4,ASK
2018-12-17 10:00:59,IBM,118.53,4,BID
2018-12-17 10:00:59,IBM,118.61,4,ASK
2018-12-17 10:00:59,IBM,118.53,4,BID
2018-12-17 10:00:59,IBM,118.61,4,ASK
2018-12-17 10:01:02,IBM,118.53,4,BID
2018-12-17 10:01:02,IBM,118.6,1,ASK
2018-12-17 10:01:02,IBM,118.53,5,BID
2018-12-17 10:01:03,IBM,118.6,3,ASK
2018-12-17 10:01:04,IBM,118.53,7,BID
2018-12-17 10:01:04,IBM,118.6,3,ASK
2018-12-17 10:01:04,IBM,118.53,7,BID
2018-12-17 10:01:04,IBM,118.6,3,ASK
2018-12-17 10:01:04,IBM,118.53,7,BID
2018-12-17 10:01:04,IBM,118.6,3,ASK
2018-12-17 10:01:04,IBM,118.53,7,BID
2018-12-17 10:01:04,IBM,118.6,3,ASK
2018-12-17 10:01:08,IBM,118.53,7,BID
2018-12-17 10:01:08,IBM,118.6,3,ASK
2018-12-17 10:01:08,IBM,118.53,10,BID
2018-12-17 10:00:22,IBM,118.64,12,ASK
2018-12-17 10:01:08,IBM,118.53,10,BID
2018-12-17 10:01:10,IBM,118.64,11,ASK
2018-12-17 10:01:08,IBM,118.53,10,BID
2018-12-17 10:01:10,IBM,118.64,11,ASK
2018-12-17 10:01:08,IBM,118.53,10,BID
2018-12-17 10:01:10,IBM,118.64,11,ASK
2018-12-17 10:01:08,IBM,118.53,10,BID
2018-12-17 10:01:10,IBM,118.64,11,ASK
2018-12-17 10:01:08,IBM,118.53,11,BID
2018-12-17 10:01:13,IBM,118.64,11,ASK
2018-12-17 10:01:14,IBM,118.54,4,BID
2018-12-17 10:01:15,IBM,118.63,6,ASK
2018-12-17 10:01:14,IBM,118.54,4,BID
2018-12-17 10:01:16,IBM,118.63,6,ASK
2018-12-17 10:01:14,IBM,118.54,4,BID
2018-12-17 10:01:17,IBM,118.63,7,ASK
2018-12-17 10:01:14,IBM,118.54,4,BID
2018-12-17 10:01:17,IBM,118.63,7,ASK
2018-12-17 10:01:14,IBM,118.54,4,BID
2018-12-17 10:01:18,IBM,118.63,7,ASK
2018-12-17 10:01:19,IBM,118.55,2,BID
2018-12-17 10:01:19,IBM,118.63,8,ASK
2018-12-17 10:01:21,IBM,118.56,1,BID
2018-12-17 10:01:21,IBM,118.63,8,ASK
2018-12-17 10:01:22,IBM,118.56,3,BID
2018-12-17 10:01:21,IBM,118.63,8,ASK
2018-12-17 10:01:23,IBM,118.56,6,BID
2018-12-17 10:00:15,IBM,118.64,14,ASK
2018-12-17 10:01:23,IBM,118.58,1,BID
2018-12-17 10:00:15,IBM,118.64,13,ASK
2018-12-17 10:01:24,IBM,118.58,1,BID
2018-12-17 10:00:15,IBM,118.64,14,ASK
2018-12-17 10:01:26,IBM,118.58,1,BID
2018-12-17 10:01:26,IBM,118.63,1,ASK
2018-12-17 10:01:27,IBM,118.58,1,BID
2018-12-17 10:00:15,IBM,118.64,15,ASK
2018-12-17 10:01:28,IBM,118.58,2,BID
2018-12-17 10:00:15,IBM,118.64,15,ASK
2018-12-17 10:01:28,IBM,118.58,2,BID
2018-12-17 10:00:15,IBM,118.64,15,ASK
2018-12-17 10:01:30,IBM,118.58,5,BID
2018-12-17 10:00:15,IBM,118.64,15,ASK
2018-12-17 10:01:30,IBM,118.58,4,BID
2018-12-17 10:00:15,IBM,118.64,15,ASK
2018-12-17 10:01:32,IBM,118.58,5,BID
2018-12-17 10:00:15,IBM,118.64,15,ASK
2018-12-17 10:01:32,IBM,118.58,5,BID
2018-12-17 10:00:15,IBM,118.64,15,ASK
2018-12-17 10:01:33,IBM,118.59,1,BID
2018-12-17 10:00:15,IBM,118.64,15,ASK
2018-12-17 10:01:33,IBM,118.59,1,BID
2018-12-17 10:00:15,IBM,118.64,15,ASK
2018-12-17 10:01:33,IBM,118.59,1,BID
2018-12-17 10:00:15,IBM,118.64,15,ASK
2018-12-17 10:01:33,IBM,118.59,1,BID
2018-12-17 10:00:15,IBM,118.64,15,ASK
2018-12-17 10:01:33,IBM,118.59,1,BID
2018-12-17 10:00:15,IBM,118.64,15,ASK
2018-12-17 10:01:38,IBM,118.62,5,BID
2018-12-17 10:01:38,IBM,118.69,1,ASK
2018-12-17 10:01:39,IBM,118.62,6,BID
2018-12-17 10:01:39,IBM,118.7,1,ASK
2018-12-17 10:01:41,IBM,118.62,6,BID
2018-12-17 10:01:41,IBM,118.7,1,ASK
2018-12-17 10:01:42,IBM,118.62,5,BID
2018-12-17 10:01:42,IBM,118.69,1,ASK
2018-12-17 10:01:43,IBM,118.64,3,BID
2018-12-17 10:01:43,IBM,118.69,1,ASK
2018-12-17 10:01:43,IBM,118.64,3,BID
2018-12-17 10:01:43,IBM,118.69,1,ASK
2018-12-17 10:01:45,IBM,118.64,2,BID
2018-12-17 10:01:45,IBM,118.69,3,ASK
2018-12-17 10:01:45,IBM,118.63,2,BID
2018-12-17 10:01:45,IBM,118.69,3,ASK
2018-12-17 10:01:45,IBM,118.63,2,BID
2018-12-17 10:01:45,IBM,118.69,3,ASK
2018-12-17 10:01:47,IBM,118.63,3,BID
2018-12-17 10:01:48,IBM,118.69,4,ASK
2018-12-17 10:01:47,IBM,118.63,3,BID
2018-12-17 10:01:48,IBM,118.69,4,ASK
2018-12-17 10:01:47,IBM,118.63,3,BID
2018-12-17 10:01:50,IBM,118.68,1,ASK
2018-12-17 10:01:47,IBM,118.63,2,BID
2018-12-17 10:01:50,IBM,118.68,2,ASK
2018-12-17 10:01:51,IBM,118.63,4,BID
2018-12-17 10:01:51,IBM,118.68,3,ASK
2018-12-17 10:01:52,IBM,118.63,4,BID
2018-12-17 10:01:51,IBM,118.68,4,ASK
2018-12-17 10:01:52,IBM,118.63,4,BID
2018-12-17 10:01:51,IBM,118.68,4,ASK
2018-12-17 10:01:52,IBM,118.63,4,BID
2018-12-17 10:01:51,IBM,118.68,4,ASK
2018-12-17 10:01:55,IBM,118.63,4,BID
2018-12-17 10:01:55,IBM,118.68,3,ASK
2018-12-17 10:01:55,IBM,118.63,4,BID
2018-12-17 10:01:55,IBM,118.68,3,ASK
2018-12-17 10:01:55,IBM,118.63,4,BID
2018-12-17 10:01:55,IBM,118.68,3,ASK
2018-12-17 10:01:59,IBM,118.65,4,BID
2018-12-17 10:01:59,IBM,118.69,1,ASK
2018-12-17 10:02:00,IBM,118.63,4,BID
2018-12-17 10:02:00,IBM,118.68,1,ASK
2018-12-17 10:02:00,IBM,118.63,4,BID
2018-12-17 10:02:00,IBM,118.68,1,ASK
2018-12-17 10:02:00,IBM,118.63,4,BID
2018-12-17 10:02:00,IBM,118.68,1,ASK
2018-12-17 10:02:02,IBM,118.63,5,BID
2018-12-17 10:02:02,IBM,118.68,1,ASK
2018-12-17 10:02:04,IBM,118.63,5,BID
2018-12-17 10:02:04,IBM,118.68,3,ASK
2018-12-17 10:02:04,IBM,118.63,5,BID
2018-12-17 10:02:04,IBM,118.68,3,ASK
2018-12-17 10:02:04,IBM,118.63,5,BID
2018-12-17 10:02:04,IBM,118.68,3,ASK
2018-12-17 10:02:06,IBM,118.63,5,BID
2018-12-17 10:02:06,IBM,118.68,5,ASK
2018-12-17 10:02:06,IBM,118.63,5,BID
2018-12-17 10:02:06,IBM,118.68,5,ASK
2018-12-17 10:02:06,IBM,118.63,5,BID
2018-12-17 10:02:06,IBM,118.68,5,ASK
2018-12-17 10:02:10,IBM,118.63,6,BID
2018-12-17 10:02:10,IBM,118.68,5,ASK
2018-12-17 10:02:10,IBM,118.6,1,BID
2018-12-17 10:02:10,IBM,118.65,4,ASK
2018-12-17 10:02:12,IBM,118.58,7,BID
2018-12-17 10:02:12,IBM,118.65,5,ASK
2018-12-17 10:02:13,IBM,118.58,7,BID
2018-12-17 10:02:13,IBM,118.64,2,ASK
2018-12-17 10:02:13,IBM,118.58,7,BID
2018-12-17 10:02:13,IBM,118.63,1,ASK
2018-12-17 10:02:13,IBM,118.58,7,BID
2018-12-17 10:02:15,IBM,118.62,4,ASK
2018-12-17 10:02:13,IBM,118.58,7,BID
2018-12-17 10:02:15,IBM,118.62,4,ASK
2018-12-17 10:02:13,IBM,118.58,7,BID
2018-12-17 10:02:15,IBM,118.62,4,ASK
2018-12-17 10:02:13,IBM,118.58,7,BID
2018-12-17 10:02:15,IBM,118.62,4,ASK
2018-12-17 10:02:19,IBM,118.59,3,BID
2018-12-17 10:02:19,IBM,118.63,1,ASK
2018-12-17 10:02:20,IBM,118.6,3,BID
2018-12-17 10:02:20,IBM,118.65,8,ASK
2018-12-17 10:02:20,IBM,118.6,3,BID
2018-12-17 10:02:20,IBM,118.65,8,ASK
2018-12-17 10:02:20,IBM,118.6,2,BID
2018-12-17 10:02:20,IBM,118.65,8,ASK
2018-12-17 10:02:23,IBM,118.61,1,BID
2018-12-17 10:02:23,IBM,118.66,1,ASK
2018-12-17 10:02:23,IBM,118.6,4,BID
2018-12-17 10:02:23,IBM,118.64,1,ASK
2018-12-17 10:02:25,IBM,118.59,2,BID
2018-12-17 10:02:25,IBM,118.64,3,ASK
2018-12-17 10:02:25,IBM,118.59,2,BID
2018-12-17 10:02:25,IBM,118.64,3,ASK
2018-12-17 10:02:25,IBM,118.59,2,BID
2018-12-17 10:02:25,IBM,118.64,3,ASK
2018-12-17 10:02:25,IBM,118.59,2,BID
2018-12-17 10:02:25,IBM,118.64,3,ASK
2018-12-17 10:02:25,IBM,118.59,2,BID
2018-12-17 10:02:25,IBM,118.64,3,ASK
2018-12-17 10:02:25,IBM,118.59,2,BID
2018-12-17 10:02:25,IBM,118.64,3,ASK
2018-12-17 10:02:25,IBM,118.59,2,BID
2018-12-17 10:02:30,IBM,118.64,5,ASK
2018-12-17 10:02:19,IBM,118.58,9,BID
2018-12-17 10:02:32,IBM,118.63,2,ASK
2018-12-17 10:02:19,IBM,118.58,9,BID
2018-12-17 10:02:32,IBM,118.63,2,ASK
2018-12-17 10:02:19,IBM,118.58,9,BID
2018-12-17 10:02:34,IBM,118.63,2,ASK
2018-12-17 10:02:34,IBM,118.6,2,BID
2018-12-17 10:02:34,IBM,118.64,5,ASK
2018-12-17 10:02:35,IBM,118.59,4,BID
2018-12-17 10:02:35,IBM,118.64,5,ASK
2018-12-17 10:02:19,IBM,118.58,9,BID
2018-12-17 10:02:37,IBM,118.63,1,ASK
2018-12-17 10:02:19,IBM,118.58,9,BID
2018-12-17 10:02:37,IBM,118.63,1,ASK
2018-12-17 10:02:38,IBM,118.49,4,BID
2018-12-17 10:02:39,IBM,118.53,1,ASK
2018-12-17 10:02:40,IBM,118.49,9,BID
2018-12-17 10:02:40,IBM,118.53,1,ASK
2018-12-17 10:02:41,IBM,118.49,8,BID
2018-12-17 10:02:41,IBM,118.53,1,ASK
2018-12-17 10:02:41,IBM,118.49,8,BID
2018-12-17 10:02:41,IBM,118.53,3,ASK
2018-12-17 10:02:41,IBM,118.49,8,BID
2018-12-17 10:02:41,IBM,118.53,3,ASK
2018-12-17 10:02:41,IBM,118.49,10,BID
2018-12-17 10:02:44,IBM,118.53,2,ASK
2018-12-17 10:02:45,IBM,118.5,3,BID
2018-12-17 10:02:45,IBM,118.53,2,ASK
2018-12-17 10:02:45,IBM,118.53,2,BID
2018-12-17 10:02:45,IBM,118.57,1,ASK
2018-12-17 10:02:46,IBM,118.53,3,BID
2018-12-17 10:02:46,IBM,118.57,1,ASK
2018-12-17 10:02:47,IBM,118.53,5,BID
2018-12-17 10:02:47,IBM,118.6,8,ASK
2018-12-17 10:02:49,IBM,118.53,5,BID
2018-12-17 10:02:47,IBM,118.6,7,ASK
2018-12-17 10:02:49,IBM,118.53,8,BID
2018-12-17 10:02:50,IBM,118.6,1,ASK
2018-12-17 10:02:49,IBM,118.53,8,BID
2018-12-17 10:02:51,IBM,118.6,3,ASK
2018-12-17 10:02:49,IBM,118.53,8,BID
2018-12-17 10:02:52,IBM,118.6,3,ASK
2018-12-17 10:02:49,IBM,118.53,9,BID
2018-12-17 10:02:53,IBM,118.6,4,ASK
2018-12-17 10:02:49,IBM,118.53,9,BID
2018-12-17 10:02:53,IBM,118.6,4,ASK
2018-12-17 10:02:49,IBM,118.53,9,BID
2018-12-17 10:02:54,IBM,118.6,4,ASK
2018-12-17 10:02:49,IBM,118.53,9,BID
2018-12-17 10:02:54,IBM,118.6,4,ASK
2018-12-17 10:02:57,IBM,118.54,1,BID
2018-12-17 10:02:54,IBM,118.6,4,ASK
2018-12-17 10:02:49,IBM,118.53,8,BID
2018-12-17 10:02:57,IBM,118.6,6,ASK
2018-12-17 10:02:49,IBM,118.53,7,BID
2018-12-17 10:02:59,IBM,118.58,2,ASK
2018-12-17 10:02:49,IBM,118.53,8,BID
2018-12-17 10:03:00,IBM,118.58,3,ASK
2018-12-17 10:03:01,IBM,118.54,2,BID
2018-12-17 10:03:01,IBM,118.58,4,ASK
2018-12-17 10:03:02,IBM,118.56,1,BID
2018-12-17 10:03:02,IBM,118.6,5,ASK
2018-12-17 10:03:03,IBM,118.56,2,BID
2018-12-17 10:03:03,IBM,118.6,5,ASK
2018-12-17 10:03:04,IBM,118.54,1,BID
2018-12-17 10:03:03,IBM,118.57,4,ASK
2018-12-17 10:03:05,IBM,118.54,1,BID
2018-12-17 10:03:05,IBM,118.57,4,ASK
2018-12-17 10:03:06,IBM,118.54,2,BID
2018-12-17 10:03:06,IBM,118.57,5,ASK
2018-12-17 10:03:06,IBM,118.54,2,BID
2018-12-17 10:03:06,IBM,118.57,5,ASK
2018-12-17 10:03:08,IBM,118.55,1,BID
2018-12-17 10:03:08,IBM,118.57,5,ASK
2018-12-17 10:03:08,IBM,118.54,3,BID
2018-12-17 10:03:08,IBM,118.57,5,ASK
2018-12-17 10:03:08,IBM,118.54,3,BID
2018-12-17 10:03:08,IBM,118.57,5,ASK
2018-12-17 10:03:08,IBM,118.54,3,BID
2018-12-17 10:03:08,IBM,118.57,5,ASK
2018-12-17 10:03:08,IBM,118.54,3,BID
2018-12-17 10:03:08,IBM,118.57,5,ASK
2018-12-17 10:03:08,IBM,118.54,3,BID
2018-12-17 10:03:08,IBM,118.57,5,ASK
