timestamp,ticker,price,volume,bid_ask
2018-12-17 09:40:33,INTC,47.91,25,BID
2018-12-17 09:40:34,INTC,47.92,11,ASK
2018-12-17 09:40:36,INTC,47.92,13,BID
2018-12-17 09:40:28,INTC,47.93,29,ASK
2018-12-17 09:40:36,INTC,47.91,51,BID
2018-12-17 09:40:37,INTC,47.92,8,ASK
2018-12-17 09:40:36,INTC,47.91,50,BID
2018-12-17 09:40:39,INTC,47.92,16,ASK
2018-12-17 09:40:36,INTC,47.91,51,BID
2018-12-17 09:40:40,INTC,47.92,13,ASK
2018-12-17 09:40:36,INTC,47.91,51,BID
2018-12-17 09:40:40,INTC,47.92,13,ASK
2018-12-17 09:40:42,INTC,47.89,8,BID
2018-12-17 09:40:41,INTC,47.9,17,ASK
2018-12-17 09:40:43,INTC,47.89,8,BID
2018-12-17 09:40:43,INTC,47.9,34,ASK
2018-12-17 09:40:44,INTC,47.89,9,BID
2018-12-17 09:40:44,INTC,47.9,33,ASK
2018-12-17 09:40:45,INTC,47.89,6,BID
2018-12-17 09:40:44,INTC,47.9,35,ASK
2018-12-17 09:40:45,INTC,47.89,12,BID
2018-12-17 09:40:44,INTC,47.9,34,ASK
2018-12-17 09:40:47,INTC,47.9,60,BID
2018-12-17 09:40:46,INTC,47.91,37,ASK
2018-12-17 09:40:47,INTC,47.91,30,BID
2018-12-17 09:40:47,INTC,47.92,31,ASK
2018-12-17 09:40:49,INTC,47.9,55,BID
2018-12-17 09:40:49,INTC,47.91,8,ASK
2018-12-17 09:40:50,INTC,47.9,55,BID
2018-12-17 09:40:50,INTC,47.91,8,ASK
2018-12-17 09:40:51,INTC,47.92,9,BID
2018-12-17 09:40:51,INTC,47.93,31,ASK
2018-12-17 09:40:51,INTC,47.92,9,BID
2018-12-17 09:40:51,INTC,47.93,31,ASK
2018-12-17 09:40:52,INTC,47.91,21,BID
2018-12-17 09:40:52,INTC,47.92,7,ASK
2018-12-17 09:40:54,INTC,47.92,9,BID
2018-12-17 09:40:53,INTC,47.93,34,ASK
2018-12-17 09:40:55,INTC,47.92,13,BID
2018-12-17 09:40:54,INTC,47.93,33,ASK
2018-12-17 09:40:55,INTC,47.93,23,BID
2018-12-17 09:40:55,INTC,47.94,48,ASK
2018-12-17 09:40:57,INTC,47.93,22,BID
2018-12-17 09:40:57,INTC,47.94,50,ASK
2018-12-17 09:40:58,INTC,47.92,24,BID
2018-12-17 09:40:58,INTC,47.93,33,ASK
2018-12-17 09:40:59,INTC,47.91,10,BID
2018-12-17 09:40:59,INTC,47.92,20,ASK
2018-12-17 09:41:00,INTC,47.91,18,BID
2018-12-17 09:40:59,INTC,47.92,20,ASK
2018-12-17 09:41:01,INTC,47.92,60,BID
2018-12-17 09:41:01,INTC,47.93,20,ASK
2018-12-17 09:41:01,INTC,47.92,59,BID
2018-12-17 09:41:01,INTC,47.93,18,ASK
2018-12-17 09:41:03,INTC,47.93,50,BID
2018-12-17 09:41:02,INTC,47.94,36,ASK
2018-12-17 09:41:04,INTC,47.93,47,BID
2018-12-17 09:41:03,INTC,47.94,33,ASK
2018-12-17 09:41:04,INTC,47.92,4,BID
2018-12-17 09:41:04,INTC,47.93,40,ASK
2018-12-17 09:41:00,INTC,47.91,21,BID
2018-12-17 09:41:05,INTC,47.92,23,ASK
2018-12-17 09:41:00,INTC,47.91,21,BID
2018-12-17 09:41:06,INTC,47.91,29,ASK
2018-12-17 09:41:06,INTC,47.9,29,BID
2018-12-17 09:41:06,INTC,47.91,32,ASK
2018-12-17 09:41:08,INTC,47.89,47,BID
2018-12-17 09:41:08,INTC,47.9,53,ASK
2018-12-17 09:41:08,INTC,47.89,44,BID
2018-12-17 09:41:08,INTC,47.9,54,ASK
2018-12-17 09:41:10,INTC,47.89,12,BID
2018-12-17 09:41:09,INTC,47.9,36,ASK
2018-12-17 09:41:11,INTC,47.88,42,BID
2018-12-17 09:41:11,INTC,47.89,24,ASK
2018-12-17 09:41:12,INTC,47.88,18,BID
2018-12-17 09:41:12,INTC,47.89,31,ASK
2018-12-17 09:41:13,INTC,47.88,20,BID
2018-12-17 09:41:13,INTC,47.89,23,ASK
2018-12-17 09:41:14,INTC,47.87,43,BID
2018-12-17 09:41:14,INTC,47.88,62,ASK
2018-12-17 09:41:15,INTC,47.87,64,BID
2018-12-17 09:41:15,INTC,47.88,31,ASK
2018-12-17 09:41:15,INTC,47.87,30,BID
2018-12-17 09:41:15,INTC,47.88,35,ASK
2018-12-17 09:41:15,INTC,47.87,40,BID
2018-12-17 09:41:17,INTC,47.88,29,ASK
2018-12-17 09:41:15,INTC,47.87,38,BID
2018-12-17 09:41:17,INTC,47.88,25,ASK
2018-12-17 09:41:19,INTC,47.86,26,BID
2018-12-17 09:41:19,INTC,47.87,8,ASK
2018-12-17 09:41:19,INTC,47.86,25,BID
2018-12-17 09:41:21,INTC,47.87,8,ASK
2018-12-17 09:41:19,INTC,47.86,25,BID
2018-12-17 09:41:21,INTC,47.87,8,ASK
2018-12-17 09:41:19,INTC,47.86,25,BID
2018-12-17 09:41:21,INTC,47.87,8,ASK
2018-12-17 09:41:19,INTC,47.86,36,BID
2018-12-17 09:41:24,INTC,47.87,6,ASK
2018-12-17 09:41:19,INTC,47.86,28,BID
2018-12-17 09:41:25,INTC,47.87,13,ASK
2018-12-17 09:41:25,INTC,47.85,36,BID
2018-12-17 09:41:25,INTC,47.86,6,ASK
2018-12-17 09:41:25,INTC,47.85,42,BID
2018-12-17 09:41:26,INTC,47.86,5,ASK
2018-12-17 09:41:25,INTC,47.85,36,BID
2018-12-17 09:41:28,INTC,47.86,6,ASK
2018-12-17 09:41:29,INTC,47.86,18,BID
2018-12-17 09:41:29,INTC,47.87,28,ASK
2018-12-17 09:41:30,INTC,47.86,29,BID
2018-12-17 09:41:29,INTC,47.87,24,ASK
2018-12-17 09:41:30,INTC,47.86,40,BID
2018-12-17 09:41:29,INTC,47.87,22,ASK
2018-12-17 09:41:30,INTC,47.86,32,BID
2018-12-17 09:41:29,INTC,47.87,22,ASK
2018-12-17 09:41:32,INTC,47.86,15,BID
2018-12-17 09:41:32,INTC,47.87,27,ASK
2018-12-17 09:41:33,INTC,47.85,35,BID
2018-12-17 09:41:33,INTC,47.86,10,ASK
2018-12-17 09:41:35,INTC,47.85,48,BID
2018-12-17 09:41:33,INTC,47.86,6,ASK
2018-12-17 09:41:35,INTC,47.85,36,BID
2018-12-17 09:41:35,INTC,47.86,7,ASK
2018-12-17 09:41:37,INTC,47.85,36,BID
2018-12-17 09:41:37,INTC,47.86,8,ASK
2018-12-17 09:41:37,INTC,47.85,36,BID
2018-12-17 09:41:37,INTC,47.86,9,ASK
2018-12-17 09:41:38,INTC,47.85,38,BID
2018-12-17 09:41:39,INTC,47.86,8,ASK
2018-12-17 09:41:39,INTC,47.84,38,BID
2018-12-17 09:41:40,INTC,47.85,13,ASK
2018-12-17 09:41:41,INTC,47.84,40,BID
2018-12-17 09:41:40,INTC,47.85,12,ASK
2018-12-17 09:41:41,INTC,47.84,39,BID
2018-12-17 09:41:40,INTC,47.85,12,ASK
2018-12-17 09:33:10,INTC,47.83,39,BID
2018-12-17 09:41:43,INTC,47.84,1,ASK
2018-12-17 09:41:43,INTC,47.83,22,BID
2018-12-17 09:41:43,INTC,47.84,11,ASK
2018-12-17 09:41:43,INTC,47.83,27,BID
2018-12-17 09:41:45,INTC,47.84,10,ASK
2018-12-17 09:41:46,INTC,47.84,83,BID
2018-12-17 09:41:46,INTC,47.85,16,ASK
2018-12-17 09:41:47,INTC,47.84,41,BID
2018-12-17 09:41:47,INTC,47.85,17,ASK
2018-12-17 09:41:48,INTC,47.84,33,BID
2018-12-17 09:41:47,INTC,47.85,19,ASK
2018-12-17 09:41:49,INTC,47.85,59,BID
2018-12-17 09:41:49,INTC,47.85,19,ASK
2018-12-17 09:41:48,INTC,47.84,25,BID
2018-12-17 09:41:49,INTC,47.85,42,ASK
2018-12-17 09:41:48,INTC,47.84,31,BID
2018-12-17 09:41:49,INTC,47.85,41,ASK
2018-12-17 09:41:48,INTC,47.84,27,BID
2018-12-17 09:41:52,INTC,47.85,41,ASK
2018-12-17 09:41:52,INTC,47.86,25,BID
2018-12-17 09:41:49,INTC,47.87,33,ASK
2018-12-17 09:41:52,INTC,47.86,74,BID
2018-12-17 09:41:53,INTC,47.87,4,ASK
2018-12-17 09:41:54,INTC,47.87,39,BID
2018-12-17 09:41:24,INTC,47.88,41,ASK
2018-12-17 09:41:54,INTC,47.87,37,BID
2018-12-17 09:41:24,INTC,47.88,31,ASK
2018-12-17 09:41:56,INTC,47.87,25,BID
2018-12-17 09:41:56,INTC,47.88,33,ASK
2018-12-17 09:41:57,INTC,47.86,19,BID
2018-12-17 09:41:57,INTC,47.87,50,ASK
2018-12-17 09:41:58,INTC,47.85,23,BID
2018-12-17 09:41:58,INTC,47.86,60,ASK
2018-12-17 09:41:58,INTC,47.85,29,BID
2018-12-17 09:41:58,INTC,47.86,60,ASK
2018-12-17 09:41:58,INTC,47.85,33,BID
2018-12-17 09:42:00,INTC,47.86,60,ASK
2018-12-17 09:42:02,INTC,47.84,45,BID
2018-12-17 09:42:01,INTC,47.85,56,ASK
2018-12-17 09:42:03,INTC,47.84,42,BID
2018-12-17 09:42:01,INTC,47.85,69,ASK
2018-12-17 09:42:04,INTC,47.83,22,BID
2018-12-17 09:42:03,INTC,47.84,33,ASK
2018-12-17 09:42:05,INTC,47.83,39,BID
2018-12-17 09:42:03,INTC,47.84,29,ASK
2018-12-17 09:42:06,INTC,47.83,30,BID
2018-12-17 09:42:06,INTC,47.84,42,ASK
2018-12-17 09:42:06,INTC,47.84,36,BID
2018-12-17 09:42:01,INTC,47.85,48,ASK
2018-12-17 09:42:07,INTC,47.84,36,BID
2018-12-17 09:42:01,INTC,47.85,40,ASK
2018-12-17 09:42:09,INTC,47.84,1,BID
2018-12-17 09:42:08,INTC,47.85,57,ASK
2018-12-17 09:42:09,INTC,47.84,48,BID
2018-12-17 09:42:08,INTC,47.85,46,ASK
2018-12-17 09:42:10,INTC,47.85,20,BID
2018-12-17 09:42:10,INTC,47.86,51,ASK
2018-12-17 09:42:11,INTC,47.85,12,BID
2018-12-17 09:42:11,INTC,47.86,52,ASK
2018-12-17 09:42:13,INTC,47.84,12,BID
2018-12-17 09:42:13,INTC,47.85,33,ASK
2018-12-17 09:42:06,INTC,47.82,39,BID
2018-12-17 09:42:14,INTC,47.84,10,ASK
2018-12-17 09:42:15,INTC,47.83,12,BID
2018-12-17 09:42:15,INTC,47.84,11,ASK
2018-12-17 09:42:16,INTC,47.83,19,BID
2018-12-17 09:42:15,INTC,47.84,11,ASK
2018-12-17 09:42:17,INTC,47.83,22,BID
2018-12-17 09:42:17,INTC,47.84,25,ASK
2018-12-17 09:42:18,INTC,47.85,32,BID
2018-12-17 09:42:18,INTC,47.86,47,ASK
2018-12-17 09:42:17,INTC,47.84,58,BID
2018-12-17 09:42:19,INTC,47.85,9,ASK
2018-12-17 09:42:19,INTC,47.85,17,BID
2018-12-17 09:42:19,INTC,47.86,42,ASK
2018-12-17 09:42:21,INTC,47.84,27,BID
2018-12-17 09:42:19,INTC,47.85,41,ASK
2018-12-17 09:42:22,INTC,47.84,26,BID
2018-12-17 09:42:22,INTC,47.85,42,ASK
2018-12-17 09:42:23,INTC,47.83,14,BID
2018-12-17 09:42:22,INTC,47.84,19,ASK
2018-12-17 09:42:23,INTC,47.83,12,BID
2018-12-17 09:42:24,INTC,47.84,20,ASK
2018-12-17 09:42:25,INTC,47.83,20,BID
2018-12-17 09:42:25,INTC,47.84,19,ASK
2018-12-17 09:42:26,INTC,47.83,14,BID
2018-12-17 09:42:26,INTC,47.84,29,ASK
2018-12-17 09:42:26,INTC,47.83,24,BID
2018-12-17 09:42:26,INTC,47.84,27,ASK
2018-12-17 09:42:28,INTC,47.82,23,BID
2018-12-17 09:42:27,INTC,47.83,22,ASK
2018-12-17 09:42:29,INTC,47.83,51,BID
2018-12-17 09:42:27,INTC,47.84,48,ASK
2018-12-17 09:42:30,INTC,47.82,33,BID
2018-12-17 09:42:30,INTC,47.83,19,ASK
2018-12-17 09:42:31,INTC,47.83,22,BID
2018-12-17 09:42:27,INTC,47.84,37,ASK
2018-12-17 09:42:32,INTC,47.83,22,BID
2018-12-17 09:42:27,INTC,47.84,38,ASK
2018-12-17 09:42:33,INTC,47.83,30,BID
2018-12-17 09:42:33,INTC,47.84,24,ASK
2018-12-17 09:32:58,INTC,47.81,21,BID
2018-12-17 09:42:34,INTC,47.82,58,ASK
2018-12-17 09:42:35,INTC,47.81,34,BID
2018-12-17 09:42:34,INTC,47.82,52,ASK
2018-12-17 09:42:36,INTC,47.83,56,BID
2018-12-17 09:42:36,INTC,47.84,36,ASK
2018-12-17 09:42:37,INTC,47.83,54,BID
2018-12-17 09:42:36,INTC,47.84,35,ASK
2018-12-17 09:42:35,INTC,47.82,18,BID
2018-12-17 09:42:38,INTC,47.83,21,ASK
2018-12-17 09:42:38,INTC,47.82,32,BID
2018-12-17 09:42:38,INTC,47.83,14,ASK
2018-12-17 09:42:35,INTC,47.81,42,BID
2018-12-17 09:42:40,INTC,47.82,4,ASK
2018-12-17 09:42:40,INTC,47.81,51,BID
2018-12-17 09:42:40,INTC,47.82,30,ASK
2018-12-17 09:42:42,INTC,47.83,25,BID
2018-12-17 09:42:41,INTC,47.84,35,ASK
2018-12-17 09:42:42,INTC,47.83,53,BID
2018-12-17 09:42:41,INTC,47.84,28,ASK
2018-12-17 09:42:44,INTC,47.85,65,BID
2018-12-17 09:42:44,INTC,47.86,40,ASK
2018-12-17 09:42:45,INTC,47.86,34,BID
2018-12-17 09:42:45,INTC,47.87,37,ASK
2018-12-17 09:42:45,INTC,47.86,31,BID
2018-12-17 09:42:46,INTC,47.87,35,ASK
2018-12-17 09:42:45,INTC,47.86,32,BID
2018-12-17 09:42:46,INTC,47.87,34,ASK
2018-12-17 09:42:48,INTC,47.85,60,BID
2018-12-17 09:42:48,INTC,47.86,28,ASK
2018-12-17 09:42:49,INTC,47.85,45,BID
2018-12-17 09:42:48,INTC,47.86,25,ASK
2018-12-17 09:42:49,INTC,47.85,44,BID
2018-12-17 09:42:48,INTC,47.86,25,ASK
2018-12-17 09:42:51,INTC,47.85,39,BID
2018-12-17 09:42:48,INTC,47.86,37,ASK
2018-12-17 09:42:52,INTC,47.85,47,BID
2018-12-17 09:42:48,INTC,47.86,26,ASK
2018-12-17 09:42:44,INTC,47.84,26,BID
2018-12-17 09:42:53,INTC,47.85,5,ASK
2018-12-17 09:42:54,INTC,47.86,39,BID
2018-12-17 09:42:54,INTC,47.87,38,ASK
2018-12-17 09:42:54,INTC,47.86,39,BID
2018-12-17 09:42:54,INTC,47.87,38,ASK
2018-12-17 09:42:55,INTC,47.86,41,BID
2018-12-17 09:42:54,INTC,47.87,39,ASK
2018-12-17 09:42:55,INTC,47.86,39,BID
2018-12-17 09:42:54,INTC,47.87,41,ASK
2018-12-17 09:42:55,INTC,47.86,39,BID
2018-12-17 09:42:54,INTC,47.87,41,ASK
2018-12-17 09:42:55,INTC,47.86,32,BID
2018-12-17 09:42:54,INTC,47.87,41,ASK
2018-12-17 09:43:00,INTC,47.85,38,BID
2018-12-17 09:43:00,INTC,47.86,20,ASK
2018-12-17 09:43:01,INTC,47.85,37,BID
2018-12-17 09:43:01,INTC,47.86,22,ASK
2018-12-17 09:43:02,INTC,47.85,49,BID
2018-12-17 09:43:01,INTC,47.86,25,ASK
2018-12-17 09:43:03,INTC,47.84,22,BID
2018-12-17 09:43:03,INTC,47.85,31,ASK
2018-12-17 09:43:04,INTC,47.84,11,BID
2018-12-17 09:43:03,INTC,47.85,46,ASK
2018-12-17 09:43:05,INTC,47.84,12,BID
2018-12-17 09:43:03,INTC,47.85,31,ASK
2018-12-17 09:42:42,INTC,47.83,51,BID
2018-12-17 09:43:06,INTC,47.84,17,ASK
2018-12-17 09:43:07,INTC,47.82,55,BID
2018-12-17 09:43:07,INTC,47.83,5,ASK
2018-12-17 09:43:08,INTC,47.83,14,BID
2018-12-17 09:43:08,INTC,47.84,12,ASK
2018-12-17 09:43:09,INTC,47.82,52,BID
2018-12-17 09:43:09,INTC,47.83,13,ASK
2018-12-17 09:43:09,INTC,47.82,51,BID
2018-12-17 09:43:10,INTC,47.83,19,ASK
2018-12-17 09:43:11,INTC,47.82,47,BID
2018-12-17 09:43:11,INTC,47.83,20,ASK
2018-12-17 09:43:12,INTC,47.83,7,BID
2018-12-17 09:43:12,INTC,47.84,22,ASK
2018-12-17 09:42:41,INTC,47.82,40,BID
2018-12-17 09:43:13,INTC,47.83,11,ASK
2018-12-17 09:43:14,INTC,47.82,39,BID
2018-12-17 09:43:14,INTC,47.83,8,ASK
2018-12-17 09:43:15,INTC,47.83,26,BID
2018-12-17 09:43:15,INTC,47.84,14,ASK
2018-12-17 09:43:15,INTC,47.82,43,BID
2018-12-17 09:43:16,INTC,47.83,31,ASK
2018-12-17 09:43:17,INTC,47.82,41,BID
2018-12-17 09:43:16,INTC,47.83,19,ASK
2018-12-17 09:43:18,INTC,47.82,41,BID
2018-12-17 09:43:16,INTC,47.83,19,ASK
2018-12-17 09:43:13,INTC,47.81,44,BID
2018-12-17 09:43:19,INTC,47.82,33,ASK
2018-12-17 09:43:19,INTC,47.81,7,BID
2018-12-17 09:43:19,INTC,47.82,31,ASK
2018-12-17 09:43:19,INTC,47.81,13,BID
2018-12-17 09:43:19,INTC,47.82,32,ASK
2018-12-17 09:32:56,INTC,47.8,43,BID
2018-12-17 09:43:20,INTC,47.82,34,ASK
2018-12-17 09:32:56,INTC,47.8,30,BID
2018-12-17 09:43:21,INTC,47.81,132,ASK
2018-12-17 09:43:21,INTC,47.79,19,BID
2018-12-17 09:43:21,INTC,47.8,86,ASK
2018-12-17 09:43:21,INTC,47.8,5,BID
2018-12-17 09:43:21,INTC,47.8,46,ASK
2018-12-17 09:43:22,INTC,47.78,27,BID
2018-12-17 09:43:22,INTC,47.79,35,ASK
2018-12-17 09:43:22,INTC,47.78,15,BID
2018-12-17 09:43:22,INTC,47.79,29,ASK
2018-12-17 09:43:23,INTC,47.78,12,BID
2018-12-17 09:43:22,INTC,47.79,28,ASK
2018-12-17 09:43:24,INTC,47.78,38,BID
2018-12-17 09:43:24,INTC,47.79,22,ASK
2018-12-17 09:43:24,INTC,47.78,38,BID
2018-12-17 09:43:24,INTC,47.79,23,ASK
2018-12-17 09:43:26,INTC,47.8,13,BID
2018-12-17 09:43:26,INTC,47.81,48,ASK
2018-12-17 09:43:28,INTC,47.8,12,BID
2018-12-17 09:43:28,INTC,47.81,76,ASK
2018-12-17 09:43:28,INTC,47.8,20,BID
2018-12-17 09:43:28,INTC,47.81,65,ASK
2018-12-17 09:43:30,INTC,47.8,44,BID
2018-12-17 09:43:30,INTC,47.81,29,ASK
2018-12-17 09:43:31,INTC,47.8,33,BID
2018-12-17 09:43:31,INTC,47.81,30,ASK
2018-12-17 09:43:32,INTC,47.79,47,BID
2018-12-17 09:43:32,INTC,47.8,31,ASK
2018-12-17 09:43:34,INTC,47.79,47,BID
2018-12-17 09:43:34,INTC,47.8,32,ASK
2018-12-17 09:43:36,INTC,47.78,35,BID
2018-12-17 09:43:36,INTC,47.79,41,ASK
2018-12-17 09:43:37,INTC,47.79,12,BID
2018-12-17 09:43:35,INTC,47.8,28,ASK
2018-12-17 09:43:38,INTC,47.79,12,BID
2018-12-17 09:43:35,INTC,47.8,33,ASK
2018-12-17 09:43:39,INTC,47.78,22,BID
2018-12-17 09:43:39,INTC,47.78,22,ASK
2018-12-17 09:43:39,INTC,47.78,44,BID
2018-12-17 09:43:39,INTC,47.79,9,ASK
2018-12-17 09:43:39,INTC,47.77,52,BID
2018-12-17 09:43:41,INTC,47.78,7,ASK
2018-12-17 09:43:42,INTC,47.79,10,BID
2018-12-17 09:43:35,INTC,47.8,33,ASK
2018-12-17 09:43:43,INTC,47.8,18,BID
2018-12-17 09:43:31,INTC,47.81,50,ASK
2018-12-17 09:43:45,INTC,47.79,28,BID
2018-12-17 09:43:44,INTC,47.8,61,ASK
2018-12-17 09:43:47,INTC,47.78,37,BID
2018-12-17 09:43:47,INTC,47.79,28,ASK
2018-12-17 09:43:48,INTC,47.78,47,BID
2018-12-17 09:43:48,INTC,47.79,27,ASK
2018-12-17 09:43:49,INTC,47.79,20,BID
2018-12-17 09:43:49,INTC,47.8,40,ASK
2018-12-17 09:43:50,INTC,47.79,28,BID
2018-12-17 09:43:50,INTC,47.8,39,ASK
2018-12-17 09:43:50,INTC,47.79,28,BID
2018-12-17 09:43:51,INTC,47.8,16,ASK
2018-12-17 09:43:52,INTC,47.78,34,BID
2018-12-17 09:43:52,INTC,47.79,12,ASK
2018-12-17 09:43:53,INTC,47.79,32,BID
2018-12-17 09:43:53,INTC,47.8,21,ASK
2018-12-17 09:43:53,INTC,47.78,43,BID
2018-12-17 09:43:54,INTC,47.79,6,ASK
2018-12-17 09:43:55,INTC,47.79,30,BID
2018-12-17 09:43:53,INTC,47.8,24,ASK
2018-12-17 09:43:56,INTC,47.79,29,BID
2018-12-17 09:43:53,INTC,47.8,25,ASK
2018-12-17 09:43:57,INTC,47.78,39,BID
2018-12-17 09:43:57,INTC,47.79,9,ASK
2018-12-17 09:43:58,INTC,47.79,26,BID
2018-12-17 09:43:53,INTC,47.8,28,ASK
2018-12-17 09:44:00,INTC,47.78,44,BID
2018-12-17 09:44:00,INTC,47.79,3,ASK
2018-12-17 09:44:00,INTC,47.78,30,BID
2018-12-17 09:44:00,INTC,47.79,9,ASK
2018-12-17 09:44:01,INTC,47.78,41,BID
2018-12-17 09:44:01,INTC,47.79,8,ASK
2018-12-17 09:44:02,INTC,47.79,41,BID
2018-12-17 09:43:53,INTC,47.8,23,ASK
2018-12-17 09:44:03,INTC,47.79,31,BID
2018-12-17 09:44:03,INTC,47.8,30,ASK
2018-12-17 09:44:01,INTC,47.78,26,BID
2018-12-17 09:44:04,INTC,47.79,28,ASK
2018-12-17 09:44:05,INTC,47.78,66,BID
2018-12-17 09:44:05,INTC,47.79,22,ASK
2018-12-17 09:44:06,INTC,47.79,16,BID
2018-12-17 09:44:06,INTC,47.79,38,ASK
2018-12-17 09:44:06,INTC,47.77,46,BID
2018-12-17 09:44:06,INTC,47.78,18,ASK
2018-12-17 09:44:07,INTC,47.76,25,BID
2018-12-17 09:44:07,INTC,47.77,39,ASK
2018-12-17 09:44:08,INTC,47.76,10,BID
2018-12-17 09:44:08,INTC,47.77,45,ASK
2018-12-17 09:44:10,INTC,47.77,43,BID
2018-12-17 09:44:06,INTC,47.78,31,ASK
2018-12-17 09:44:10,INTC,47.77,56,BID
2018-12-17 09:44:11,INTC,47.79,27,ASK
2018-12-17 09:44:11,INTC,47.78,50,BID
2018-12-17 09:44:11,INTC,47.79,21,ASK
2018-12-17 09:44:12,INTC,47.79,16,BID
2018-12-17 09:44:06,INTC,47.8,41,ASK
2018-12-17 09:44:14,INTC,47.8,28,BID
2018-12-17 09:43:43,INTC,47.81,50,ASK
2018-12-17 09:44:14,INTC,47.8,25,BID
2018-12-17 09:43:43,INTC,47.81,49,ASK
2018-12-17 09:44:14,INTC,47.8,23,BID
2018-12-17 09:44:16,INTC,47.81,82,ASK
2018-12-17 09:44:17,INTC,47.8,50,BID
2018-12-17 09:44:16,INTC,47.81,37,ASK
2018-12-17 09:44:19,INTC,47.8,36,BID
2018-12-17 09:44:18,INTC,47.81,38,ASK
2018-12-17 09:44:19,INTC,47.8,19,BID
2018-12-17 09:44:19,INTC,47.81,38,ASK
2018-12-17 09:44:16,INTC,47.79,31,BID
2018-12-17 09:44:21,INTC,47.8,29,ASK
2018-12-17 09:44:16,INTC,47.79,37,BID
2018-12-17 09:44:21,INTC,47.8,25,ASK
2018-12-17 09:44:22,INTC,47.8,35,BID
2018-12-17 09:44:20,INTC,47.81,40,ASK
2018-12-17 09:44:16,INTC,47.79,49,BID
2018-12-17 09:44:24,INTC,47.8,28,ASK
2018-12-17 09:44:24,INTC,47.78,28,BID
2018-12-17 09:44:24,INTC,47.79,24,ASK
2018-12-17 09:44:24,INTC,47.78,26,BID
2018-12-17 09:44:25,INTC,47.79,45,ASK
2018-12-17 09:44:10,INTC,47.77,77,BID
2018-12-17 09:44:27,INTC,47.78,4,ASK
2018-12-17 09:44:27,INTC,47.78,10,BID
2018-12-17 09:44:27,INTC,47.79,27,ASK
2018-12-17 09:44:28,INTC,47.78,31,BID
2018-12-17 09:44:27,INTC,47.79,27,ASK
2018-12-17 09:44:29,INTC,47.79,37,BID
2018-12-17 09:44:29,INTC,47.8,19,ASK
2018-12-17 09:44:30,INTC,47.79,36,BID
2018-12-17 09:44:29,INTC,47.8,25,ASK
2018-12-17 09:44:28,INTC,47.78,35,BID
2018-12-17 09:44:31,INTC,47.79,5,ASK
2018-12-17 09:44:33,INTC,47.79,58,BID
2018-12-17 09:44:33,INTC,47.8,35,ASK
2018-12-17 09:44:28,INTC,47.78,37,BID
2018-12-17 09:44:33,INTC,47.79,9,ASK
2018-12-17 09:44:10,INTC,47.77,36,BID
2018-12-17 09:44:35,INTC,47.78,34,ASK
2018-12-17 09:44:10,INTC,47.77,58,BID
2018-12-17 09:44:35,INTC,47.78,21,ASK
2018-12-17 09:44:36,INTC,47.78,22,BID
2018-12-17 09:44:36,INTC,47.79,25,ASK
2018-12-17 09:44:37,INTC,47.78,29,BID
2018-12-17 09:44:37,INTC,47.79,26,ASK
2018-12-17 09:44:38,INTC,47.78,33,BID
2018-12-17 09:44:38,INTC,47.79,36,ASK
2018-12-17 09:44:39,INTC,47.78,40,BID
2018-12-17 09:44:38,INTC,47.79,36,ASK
2018-12-17 09:44:41,INTC,47.79,30,BID
2018-12-17 09:44:33,INTC,47.8,53,ASK
2018-12-17 09:44:42,INTC,47.79,16,BID
2018-12-17 09:44:41,INTC,47.8,62,ASK
2018-12-17 09:44:42,INTC,47.79,20,BID
2018-12-17 09:44:41,INTC,47.8,62,ASK
2018-12-17 09:44:43,INTC,47.79,23,BID
2018-12-17 09:44:41,INTC,47.8,62,ASK
2018-12-17 09:44:44,INTC,47.79,34,BID
2018-12-17 09:44:41,INTC,47.8,64,ASK
2018-12-17 09:44:45,INTC,47.79,17,BID
2018-12-17 09:44:41,INTC,47.8,63,ASK
2018-12-17 09:44:45,INTC,47.79,17,BID
2018-12-17 09:44:41,INTC,47.8,63,ASK
2018-12-17 09:44:47,INTC,47.79,21,BID
2018-12-17 09:44:41,INTC,47.8,63,ASK
2018-12-17 09:44:48,INTC,47.8,63,BID
2018-12-17 09:44:20,INTC,47.81,33,ASK
2018-12-17 09:44:49,INTC,47.81,19,BID
2018-12-17 09:43:31,INTC,47.82,30,ASK
2018-12-17 09:44:50,INTC,47.81,18,BID
2018-12-17 09:44:50,INTC,47.82,21,ASK
2018-12-17 09:44:51,INTC,47.81,50,BID
2018-12-17 09:44:51,INTC,47.82,19,ASK
2018-12-17 09:44:53,INTC,47.81,36,BID
2018-12-17 09:44:53,INTC,47.82,20,ASK
2018-12-17 09:44:53,INTC,47.81,27,BID
2018-12-17 09:44:54,INTC,47.82,27,ASK
2018-12-17 09:44:54,INTC,47.82,17,BID
2018-12-17 09:44:54,INTC,47.83,27,ASK
2018-12-17 09:44:55,INTC,47.82,12,BID
2018-12-17 09:44:55,INTC,47.83,35,ASK
2018-12-17 09:44:56,INTC,47.81,24,BID
2018-12-17 09:44:57,INTC,47.82,25,ASK
2018-12-17 09:44:57,INTC,47.81,37,BID
2018-12-17 09:44:57,INTC,47.82,33,ASK
2018-12-17 09:44:58,INTC,47.81,41,BID
2018-12-17 09:44:57,INTC,47.82,19,ASK
2018-12-17 09:45:00,INTC,47.81,37,BID
2018-12-17 09:44:57,INTC,47.82,34,ASK
2018-12-17 09:45:00,INTC,47.81,37,BID
2018-12-17 09:44:57,INTC,47.82,24,ASK
2018-12-17 09:44:48,INTC,47.8,67,BID
2018-12-17 09:45:01,INTC,47.81,10,ASK
2018-12-17 09:45:02,INTC,47.8,30,BID
2018-12-17 09:45:02,INTC,47.81,35,ASK
2018-12-17 09:45:02,INTC,47.8,26,BID
2018-12-17 09:45:02,INTC,47.81,40,ASK
2018-12-17 09:45:02,INTC,47.8,31,BID
2018-12-17 09:45:02,INTC,47.81,39,ASK
2018-12-17 09:45:02,INTC,47.8,28,BID
2018-12-17 09:45:02,INTC,47.81,39,ASK
2018-12-17 09:45:02,INTC,47.8,38,BID
2018-12-17 09:45:02,INTC,47.81,37,ASK
2018-12-17 09:45:02,INTC,47.8,30,BID
2018-12-17 09:45:02,INTC,47.81,38,ASK
2018-12-17 09:45:09,INTC,47.79,13,BID
2018-12-17 09:45:08,INTC,47.8,52,ASK
2018-12-17 09:45:09,INTC,47.79,37,BID
2018-12-17 09:45:08,INTC,47.8,62,ASK
2018-12-17 09:45:09,INTC,47.78,42,BID
2018-12-17 09:45:10,INTC,47.79,13,ASK
2018-12-17 09:45:11,INTC,47.78,42,BID
2018-12-17 09:45:11,INTC,47.79,23,ASK
2018-12-17 09:45:12,INTC,47.8,57,BID
2018-12-17 09:45:06,INTC,47.81,43,ASK
2018-12-17 09:45:13,INTC,47.8,44,BID
2018-12-17 09:45:13,INTC,47.81,38,ASK
2018-12-17 09:45:15,INTC,47.79,37,BID
2018-12-17 09:45:14,INTC,47.8,10,ASK
2018-12-17 09:45:16,INTC,47.79,35,BID
2018-12-17 09:45:16,INTC,47.8,8,ASK
2018-12-17 09:45:16,INTC,47.8,53,BID
2018-12-17 09:45:01,INTC,47.82,42,ASK
2018-12-17 09:45:17,INTC,47.8,44,BID
2018-12-17 09:45:17,INTC,47.81,9,ASK
2018-12-17 09:45:18,INTC,47.81,27,BID
2018-12-17 09:45:19,INTC,47.82,31,ASK
2018-12-17 09:45:19,INTC,47.82,44,BID
2018-12-17 09:44:56,INTC,47.83,33,ASK
2018-12-17 09:45:20,INTC,47.82,32,BID
2018-12-17 09:45:20,INTC,47.83,15,ASK
2018-12-17 09:45:20,INTC,47.82,49,BID
2018-12-17 09:45:21,INTC,47.83,20,ASK
2018-12-17 09:45:21,INTC,47.83,23,BID
2018-12-17 09:45:21,INTC,47.84,29,ASK
2018-12-17 09:45:22,INTC,47.84,22,BID
2018-12-17 09:45:22,INTC,47.85,22,ASK
2018-12-17 09:45:23,INTC,47.84,37,BID
2018-12-17 09:45:22,INTC,47.85,26,ASK
2018-12-17 09:45:24,INTC,47.85,50,BID
2018-12-17 09:45:24,INTC,47.86,23,ASK
2018-12-17 09:45:25,INTC,47.86,44,BID
2018-12-17 09:45:25,INTC,47.87,58,ASK
2018-12-17 09:45:26,INTC,47.84,15,BID
2018-12-17 09:45:26,INTC,47.85,21,ASK
2018-12-17 09:45:28,INTC,47.84,38,BID
2018-12-17 09:45:28,INTC,47.85,21,ASK
2018-12-17 09:45:28,INTC,47.84,33,BID
2018-12-17 09:45:29,INTC,47.85,23,ASK
2018-12-17 09:45:31,INTC,47.84,21,BID
2018-12-17 09:45:29,INTC,47.85,27,ASK
2018-12-17 09:45:32,INTC,47.83,37,BID
2018-12-17 09:45:32,INTC,47.84,18,ASK
2018-12-17 09:45:33,INTC,47.84,56,BID
2018-12-17 09:45:29,INTC,47.85,22,ASK
2018-12-17 09:45:34,INTC,47.83,34,BID
2018-12-17 09:45:34,INTC,47.84,49,ASK
2018-12-17 09:45:34,INTC,47.82,42,BID
2018-12-17 09:45:34,INTC,47.83,57,ASK
2018-12-17 09:45:35,INTC,47.83,30,BID
2018-12-17 09:45:35,INTC,47.84,50,ASK
2018-12-17 09:45:35,INTC,47.84,14,BID
2018-12-17 09:45:33,INTC,47.85,39,ASK
2018-12-17 09:45:38,INTC,47.83,34,BID
2018-12-17 09:45:36,INTC,47.84,44,ASK
2018-12-17 09:45:18,INTC,47.81,31,BID
2018-12-17 09:45:39,INTC,47.82,104,ASK
2018-12-17 09:45:39,INTC,47.82,48,BID
2018-12-17 09:45:39,INTC,47.83,22,ASK
2018-12-17 09:45:40,INTC,47.83,39,BID
2018-12-17 09:45:41,INTC,47.84,30,ASK
2018-12-17 09:45:40,INTC,47.83,36,BID
2018-12-17 09:45:42,INTC,47.84,31,ASK
2018-12-17 09:45:40,INTC,47.83,33,BID
2018-12-17 09:45:43,INTC,47.84,37,ASK
2018-12-17 09:45:40,INTC,47.83,33,BID
2018-12-17 09:45:43,INTC,47.84,37,ASK
2018-12-17 09:45:40,INTC,47.83,32,BID
2018-12-17 09:45:45,INTC,47.84,33,ASK
2018-12-17 09:45:40,INTC,47.83,38,BID
2018-12-17 09:45:46,INTC,47.84,29,ASK
2018-12-17 09:45:47,INTC,47.82,18,BID
2018-12-17 09:45:47,INTC,47.83,14,ASK
2018-12-17 09:45:48,INTC,47.83,7,BID
2018-12-17 09:45:48,INTC,47.83,7,ASK
2018-12-17 09:45:49,INTC,47.81,35,BID
2018-12-17 09:45:48,INTC,47.82,42,ASK
2018-12-17 09:45:49,INTC,47.81,42,BID
2018-12-17 09:45:50,INTC,47.82,3,ASK
2018-12-17 09:45:49,INTC,47.81,39,BID
2018-12-17 09:45:51,INTC,47.82,12,ASK
2018-12-17 09:45:52,INTC,47.81,39,BID
2018-12-17 09:45:52,INTC,47.82,9,ASK
2018-12-17 09:45:52,INTC,47.81,39,BID
2018-12-17 09:45:53,INTC,47.82,13,ASK
2018-12-17 09:45:54,INTC,47.81,39,BID
2018-12-17 09:45:54,INTC,47.82,39,ASK
2018-12-17 09:45:54,INTC,47.8,37,BID
2018-12-17 09:45:54,INTC,47.81,34,ASK
2018-12-17 09:45:56,INTC,47.8,27,BID
2018-12-17 09:45:55,INTC,47.8,28,ASK
2018-12-17 09:45:57,INTC,47.81,40,BID
2018-12-17 09:45:54,INTC,47.82,40,ASK
2018-12-17 09:45:57,INTC,47.81,56,BID
2018-12-17 09:45:57,INTC,47.82,15,ASK
2018-12-17 09:45:59,INTC,47.82,11,BID
2018-12-17 09:45:59,INTC,47.83,51,ASK
2018-12-17 09:46:00,INTC,47.83,61,BID
2018-12-17 09:46:00,INTC,47.84,32,ASK
2018-12-17 09:46:00,INTC,47.82,27,BID
2018-12-17 09:46:00,INTC,47.83,25,ASK
2018-12-17 09:46:01,INTC,47.82,28,BID
2018-12-17 09:46:01,INTC,47.83,16,ASK
2018-12-17 09:46:01,INTC,47.82,30,BID
2018-12-17 09:46:03,INTC,47.83,22,ASK
2018-12-17 09:46:04,INTC,47.83,5,BID
2018-12-17 09:46:00,INTC,47.84,33,ASK
2018-12-17 09:46:04,INTC,47.83,5,BID
2018-12-17 09:46:00,INTC,47.84,33,ASK
2018-12-17 09:46:06,INTC,47.83,29,BID
2018-12-17 09:46:06,INTC,47.84,22,ASK
2018-12-17 09:46:07,INTC,47.83,34,BID
2018-12-17 09:46:07,INTC,47.84,22,ASK
2018-12-17 09:46:08,INTC,47.83,36,BID
2018-12-17 09:46:08,INTC,47.84,20,ASK
2018-12-17 09:46:08,INTC,47.83,40,BID
2018-12-17 09:46:09,INTC,47.84,17,ASK
2018-12-17 09:46:10,INTC,47.83,38,BID
2018-12-17 09:46:10,INTC,47.84,22,ASK
2018-12-17 09:46:03,INTC,47.82,41,BID
2018-12-17 09:46:11,INTC,47.83,10,ASK
2018-12-17 09:46:12,INTC,47.82,34,BID
2018-12-17 09:46:12,INTC,47.83,10,ASK
2018-12-17 09:45:58,INTC,47.81,60,BID
2018-12-17 09:46:13,INTC,47.82,44,ASK
2018-12-17 09:45:58,INTC,47.81,72,BID
2018-12-17 09:46:13,INTC,47.82,32,ASK
2018-12-17 09:46:15,INTC,47.83,34,BID
2018-12-17 09:46:15,INTC,47.84,24,ASK
2018-12-17 09:46:16,INTC,47.82,23,BID
2018-12-17 09:46:16,INTC,47.83,11,ASK
2018-12-17 09:46:17,INTC,47.8,43,BID
2018-12-17 09:46:17,INTC,47.81,55,ASK
2018-12-17 09:46:17,INTC,47.81,9,BID
2018-12-17 09:46:18,INTC,47.82,32,ASK
2018-12-17 09:46:19,INTC,47.81,18,BID
2018-12-17 09:46:19,INTC,47.82,26,ASK
2018-12-17 09:46:19,INTC,47.81,37,BID
2018-12-17 09:46:19,INTC,47.82,34,ASK
2018-12-17 09:46:19,INTC,47.81,37,BID
2018-12-17 09:46:19,INTC,47.82,34,ASK
2018-12-17 09:46:22,INTC,47.8,38,BID
2018-12-17 09:46:22,INTC,47.81,55,ASK
2018-12-17 09:46:22,INTC,47.81,20,BID
2018-12-17 09:46:19,INTC,47.82,25,ASK
2018-12-17 09:46:24,INTC,47.81,19,BID
2018-12-17 09:46:19,INTC,47.82,26,ASK
2018-12-17 09:46:22,INTC,47.8,36,BID
2018-12-17 09:46:25,INTC,47.81,27,ASK
2018-12-17 09:46:26,INTC,47.79,34,BID
2018-12-17 09:46:26,INTC,47.8,28,ASK
2018-12-17 09:46:27,INTC,47.8,8,BID
2018-12-17 09:46:27,INTC,47.81,25,ASK
2018-12-17 09:46:28,INTC,47.8,7,BID
2018-12-17 09:46:28,INTC,47.81,24,ASK
2018-12-17 09:46:29,INTC,47.8,15,BID
2018-12-17 09:46:29,INTC,47.81,26,ASK
2018-12-17 09:46:30,INTC,47.79,16,BID
2018-12-17 09:46:30,INTC,47.8,31,ASK
2018-12-17 09:46:30,INTC,47.79,14,BID
2018-12-17 09:46:30,INTC,47.8,33,ASK
2018-12-17 09:46:31,INTC,47.79,49,BID
2018-12-17 09:46:31,INTC,47.8,39,ASK
2018-12-17 09:46:32,INTC,47.8,73,BID
2018-12-17 09:46:19,INTC,47.82,37,ASK
2018-12-17 09:46:32,INTC,47.81,59,BID
2018-12-17 09:46:32,INTC,47.82,15,ASK
2018-12-17 09:46:32,INTC,47.81,29,BID
2018-12-17 09:46:32,INTC,47.82,47,ASK
2018-12-17 09:46:34,INTC,47.81,23,BID
2018-12-17 09:46:32,INTC,47.82,46,ASK
2018-12-17 09:46:37,INTC,47.81,21,BID
2018-12-17 09:46:36,INTC,47.82,38,ASK
2018-12-17 09:46:37,INTC,47.81,24,BID
2018-12-17 09:46:38,INTC,47.82,30,ASK
2018-12-17 09:46:37,INTC,47.81,19,BID
2018-12-17 09:46:38,INTC,47.82,32,ASK
2018-12-17 09:46:40,INTC,47.81,26,BID
2018-12-17 09:46:38,INTC,47.82,30,ASK
2018-12-17 09:46:41,INTC,47.8,39,BID
2018-12-17 09:46:41,INTC,47.81,29,ASK
2018-12-17 09:46:42,INTC,47.79,47,BID
2018-12-17 09:46:42,INTC,47.8,25,ASK
2018-12-17 09:46:42,INTC,47.79,49,BID
2018-12-17 09:46:42,INTC,47.8,24,ASK
2018-12-17 09:46:42,INTC,47.79,49,BID
2018-12-17 09:46:44,INTC,47.8,32,ASK
2018-12-17 09:46:45,INTC,47.8,54,BID
2018-12-17 09:46:44,INTC,47.81,28,ASK
2018-12-17 09:46:46,INTC,47.8,47,BID
2018-12-17 09:46:46,INTC,47.81,36,ASK
2018-12-17 09:46:47,INTC,47.8,52,BID
2018-12-17 09:46:46,INTC,47.81,31,ASK
2018-12-17 09:46:48,INTC,47.79,57,BID
2018-12-17 09:46:48,INTC,47.8,11,ASK
2018-12-17 09:46:49,INTC,47.8,36,BID
2018-12-17 09:46:46,INTC,47.81,38,ASK
2018-12-17 09:46:50,INTC,47.79,49,BID
2018-12-17 09:46:50,INTC,47.8,17,ASK
2018-12-17 09:46:51,INTC,47.79,46,BID
2018-12-17 09:46:50,INTC,47.8,21,ASK
2018-12-17 09:46:52,INTC,47.79,35,BID
2018-12-17 09:46:52,INTC,47.8,33,ASK
2018-12-17 09:46:53,INTC,47.79,22,BID
2018-12-17 09:46:52,INTC,47.8,31,ASK
2018-12-17 09:46:54,INTC,47.79,33,BID
2018-12-17 09:46:52,INTC,47.8,29,ASK
2018-12-17 09:46:54,INTC,47.79,22,BID
2018-12-17 09:46:52,INTC,47.8,31,ASK
2018-12-17 09:46:56,INTC,47.79,23,BID
2018-12-17 09:46:56,INTC,47.8,29,ASK
2018-12-17 09:46:57,INTC,47.79,37,BID
2018-12-17 09:46:57,INTC,47.8,30,ASK
2018-12-17 09:46:58,INTC,47.78,62,BID
2018-12-17 09:46:58,INTC,47.79,25,ASK
2018-12-17 09:46:58,INTC,47.78,61,BID
2018-12-17 09:46:59,INTC,47.79,21,ASK
2018-12-17 09:47:00,INTC,47.78,40,BID
2018-12-17 09:47:00,INTC,47.79,27,ASK
2018-12-17 09:47:01,INTC,47.78,33,BID
2018-12-17 09:47:01,INTC,47.79,32,ASK
2018-12-17 09:47:02,INTC,47.78,30,BID
2018-12-17 09:47:02,INTC,47.79,42,ASK
2018-12-17 09:47:03,INTC,47.78,43,BID
2018-12-17 09:47:03,INTC,47.79,25,ASK
2018-12-17 09:47:03,INTC,47.78,31,BID
2018-12-17 09:47:03,INTC,47.79,35,ASK
2018-12-17 09:47:05,INTC,47.77,30,BID
2018-12-17 09:47:03,INTC,47.78,22,ASK
2018-12-17 09:47:05,INTC,47.78,23,BID
2018-12-17 09:47:05,INTC,47.79,32,ASK
2018-12-17 09:47:07,INTC,47.77,28,BID
2018-12-17 09:47:07,INTC,47.78,58,ASK
2018-12-17 09:47:08,INTC,47.77,28,BID
2018-12-17 09:47:08,INTC,47.78,6,ASK
2018-12-17 09:47:09,INTC,47.76,44,BID
2018-12-17 09:47:09,INTC,47.77,31,ASK
2018-12-17 09:47:10,INTC,47.76,45,BID
2018-12-17 09:47:09,INTC,47.77,23,ASK
2018-12-17 09:47:11,INTC,47.76,8,BID
2018-12-17 09:47:11,INTC,47.77,24,ASK
2018-12-17 09:47:12,INTC,47.76,16,BID
2018-12-17 09:47:12,INTC,47.77,23,ASK
2018-12-17 09:47:11,INTC,47.76,16,BID
2018-12-17 09:47:11,INTC,47.77,34,ASK
2018-12-17 09:47:11,INTC,47.76,19,BID
2018-12-17 09:47:11,INTC,47.77,45,ASK
2018-12-17 09:47:15,INTC,47.76,16,BID
2018-12-17 09:47:11,INTC,47.77,38,ASK
2018-12-17 09:47:16,INTC,47.76,11,BID
2018-12-17 09:47:11,INTC,47.77,37,ASK
2018-12-17 09:47:17,INTC,47.75,10,BID
2018-12-17 09:47:17,INTC,47.76,83,ASK
2018-12-17 09:47:18,INTC,47.75,6,BID
2018-12-17 09:47:18,INTC,47.76,84,ASK
2018-12-17 09:47:19,INTC,47.75,37,BID
2018-12-17 09:47:18,INTC,47.76,82,ASK
2018-12-17 09:47:20,INTC,47.75,6,BID
2018-12-17 09:47:20,INTC,47.76,87,ASK
2018-12-17 09:47:21,INTC,47.74,16,BID
2018-12-17 09:47:21,INTC,47.75,84,ASK
2018-12-17 09:47:22,INTC,47.74,18,BID
2018-12-17 09:47:22,INTC,47.75,50,ASK
2018-12-17 09:47:23,INTC,47.74,19,BID
2018-12-17 09:47:23,INTC,47.75,46,ASK
2018-12-17 09:47:24,INTC,47.74,19,BID
2018-12-17 09:47:24,INTC,47.75,49,ASK
2018-12-17 09:47:25,INTC,47.74,21,BID
2018-12-17 09:47:24,INTC,47.75,51,ASK
2018-12-17 09:47:26,INTC,47.73,19,BID
2018-12-17 09:47:26,INTC,47.74,19,ASK
2018-12-17 09:47:27,INTC,47.73,12,BID
2018-12-17 09:47:26,INTC,47.74,19,ASK
2018-12-17 09:47:27,INTC,47.73,10,BID
2018-12-17 09:47:28,INTC,47.74,27,ASK
2018-12-17 09:47:29,INTC,47.73,45,BID
2018-12-17 09:47:29,INTC,47.74,92,ASK
2018-12-17 09:47:29,INTC,47.73,45,BID
2018-12-17 09:47:30,INTC,47.74,75,ASK
2018-12-17 09:47:31,INTC,47.73,29,BID
2018-12-17 09:47:31,INTC,47.74,66,ASK
2018-12-17 09:47:31,INTC,47.73,27,BID
2018-12-17 09:47:32,INTC,47.74,61,ASK
2018-12-17 09:47:31,INTC,47.73,27,BID
2018-12-17 09:47:32,INTC,47.74,61,ASK
2018-12-17 09:47:34,INTC,47.74,39,BID
2018-12-17 09:47:24,INTC,47.75,41,ASK
2018-12-17 09:47:35,INTC,47.74,27,BID
2018-12-17 09:47:24,INTC,47.75,33,ASK
2018-12-17 09:47:36,INTC,47.74,31,BID
2018-12-17 09:47:24,INTC,47.75,34,ASK
2018-12-17 09:47:37,INTC,47.73,31,BID
2018-12-17 09:47:37,INTC,47.74,18,ASK
2018-12-17 09:47:38,INTC,47.73,26,BID
2018-12-17 09:47:38,INTC,47.74,18,ASK
2018-12-17 09:47:38,INTC,47.73,26,BID
2018-12-17 09:47:39,INTC,47.74,18,ASK
2018-12-17 09:47:40,INTC,47.72,29,BID
2018-12-17 09:47:40,INTC,47.73,10,ASK
2018-12-17 09:47:40,INTC,47.72,32,BID
2018-12-17 09:47:41,INTC,47.73,34,ASK
2018-12-17 09:47:40,INTC,47.72,32,BID
2018-12-17 09:47:41,INTC,47.73,34,ASK
2018-12-17 09:47:43,INTC,47.7,47,BID
2018-12-17 09:47:43,INTC,47.71,53,ASK
2018-12-17 09:47:45,INTC,47.69,26,BID
2018-12-17 09:47:45,INTC,47.7,8,ASK
2018-12-17 09:47:45,INTC,47.7,31,BID
2018-12-17 09:47:45,INTC,47.71,31,ASK
2018-12-17 09:47:45,INTC,47.7,32,BID
2018-12-17 09:47:46,INTC,47.71,21,ASK
2018-12-17 09:47:45,INTC,47.7,32,BID
2018-12-17 09:47:46,INTC,47.71,21,ASK
2018-12-17 09:47:45,INTC,47.7,32,BID
2018-12-17 09:47:46,INTC,47.71,21,ASK
2018-12-17 09:47:49,INTC,47.71,41,BID
2018-12-17 09:47:49,INTC,47.72,44,ASK
2018-12-17 09:47:50,INTC,47.7,48,BID
2018-12-17 09:47:50,INTC,47.71,9,ASK
2018-12-17 09:47:51,INTC,47.7,47,BID
2018-12-17 09:47:50,INTC,47.71,11,ASK
2018-12-17 09:47:51,INTC,47.7,40,BID
2018-12-17 09:47:53,INTC,47.71,6,ASK
2018-12-17 09:47:51,INTC,47.7,48,BID
2018-12-17 09:47:53,INTC,47.71,13,ASK
2018-12-17 09:47:51,INTC,47.7,49,BID
2018-12-17 09:47:54,INTC,47.71,19,ASK
2018-12-17 09:47:51,INTC,47.7,47,BID
2018-12-17 09:47:55,INTC,47.71,22,ASK
2018-12-17 09:47:51,INTC,47.7,46,BID
2018-12-17 09:47:55,INTC,47.71,22,ASK
2018-12-17 09:47:51,INTC,47.7,28,BID
2018-12-17 09:47:57,INTC,47.71,43,ASK
2018-12-17 09:47:51,INTC,47.7,39,BID
2018-12-17 09:47:58,INTC,47.71,38,ASK
2018-12-17 09:47:51,INTC,47.7,52,BID
2018-12-17 09:47:59,INTC,47.71,23,ASK
2018-12-17 09:48:00,INTC,47.69,7,BID
2018-12-17 09:48:00,INTC,47.7,60,ASK
2018-12-17 09:48:01,INTC,47.69,25,BID
2018-12-17 09:48:00,INTC,47.7,57,ASK
2018-12-17 09:48:02,INTC,47.69,25,BID
2018-12-17 09:48:00,INTC,47.7,52,ASK
2018-12-17 09:48:03,INTC,47.7,33,BID
2018-12-17 09:48:04,INTC,47.71,46,ASK
2018-12-17 09:48:03,INTC,47.7,31,BID
2018-12-17 09:48:04,INTC,47.71,56,ASK
2018-12-17 09:48:03,INTC,47.7,31,BID
2018-12-17 09:48:04,INTC,47.71,46,ASK
2018-12-17 09:48:06,INTC,47.7,12,BID
2018-12-17 09:48:06,INTC,47.71,46,ASK
2018-12-17 09:48:06,INTC,47.7,12,BID
2018-12-17 09:48:06,INTC,47.71,47,ASK
2018-12-17 09:48:08,INTC,47.7,15,BID
2018-12-17 09:48:06,INTC,47.71,48,ASK
2018-12-17 09:48:08,INTC,47.7,15,BID
2018-12-17 09:48:06,INTC,47.71,49,ASK
2018-12-17 09:48:08,INTC,47.7,15,BID
2018-12-17 09:48:10,INTC,47.71,60,ASK
2018-12-17 09:48:08,INTC,47.7,14,BID
2018-12-17 09:48:12,INTC,47.71,83,ASK
2018-12-17 09:48:02,INTC,47.69,19,BID
2018-12-17 09:48:12,INTC,47.7,35,ASK
2018-12-17 09:48:12,INTC,47.69,19,BID
2018-12-17 09:48:14,INTC,47.7,36,ASK
2018-12-17 09:48:14,INTC,47.69,23,BID
2018-12-17 09:48:14,INTC,47.7,36,ASK
2018-12-17 09:48:16,INTC,47.68,33,BID
2018-12-17 09:48:16,INTC,47.69,32,ASK
2018-12-17 09:48:16,INTC,47.69,5,BID
2018-12-17 09:48:16,INTC,47.7,35,ASK
2018-12-17 09:48:17,INTC,47.69,11,BID
2018-12-17 09:48:17,INTC,47.69,27,ASK
2018-12-17 09:48:18,INTC,47.68,35,BID
2018-12-17 09:48:18,INTC,47.69,33,ASK
2018-12-17 09:48:19,INTC,47.68,35,BID
2018-12-17 09:48:19,INTC,47.69,22,ASK
2018-12-17 09:48:20,INTC,47.68,35,BID
2018-12-17 09:48:19,INTC,47.69,22,ASK
2018-12-17 09:48:21,INTC,47.68,35,BID
2018-12-17 09:48:21,INTC,47.69,29,ASK
2018-12-17 09:48:22,INTC,47.68,39,BID
2018-12-17 09:48:22,INTC,47.69,27,ASK
2018-12-17 09:48:23,INTC,47.68,34,BID
2018-12-17 09:48:23,INTC,47.69,37,ASK
2018-12-17 09:48:25,INTC,47.68,34,BID
2018-12-17 09:48:23,INTC,47.69,35,ASK
2018-12-17 09:48:26,INTC,47.67,21,BID
2018-12-17 09:48:26,INTC,47.68,57,ASK
2018-12-17 09:48:26,INTC,47.67,28,BID
2018-12-17 09:48:26,INTC,47.68,59,ASK
2018-12-17 09:48:28,INTC,47.67,24,BID
2018-12-17 09:48:28,INTC,47.68,60,ASK
2018-12-17 09:48:28,INTC,47.67,24,BID
2018-12-17 09:48:28,INTC,47.68,30,ASK
2018-12-17 09:48:30,INTC,47.67,19,BID
2018-12-17 09:48:30,INTC,47.68,48,ASK
2018-12-17 09:48:30,INTC,47.67,16,BID
2018-12-17 09:48:30,INTC,47.68,39,ASK
2018-12-17 09:48:30,INTC,47.67,16,BID
2018-12-17 09:48:31,INTC,47.68,48,ASK
2018-12-17 09:48:33,INTC,47.68,27,BID
2018-12-17 09:48:32,INTC,47.69,41,ASK
2018-12-17 09:48:33,INTC,47.68,29,BID
2018-12-17 09:48:32,INTC,47.69,41,ASK
2018-12-17 09:48:34,INTC,47.68,34,BID
2018-12-17 09:48:32,INTC,47.69,33,ASK
2018-12-17 09:48:34,INTC,47.68,34,BID
2018-12-17 09:48:32,INTC,47.69,33,ASK
2018-12-17 09:48:34,INTC,47.68,25,BID
2018-12-17 09:48:32,INTC,47.69,34,ASK
2018-12-17 09:48:34,INTC,47.68,25,BID
2018-12-17 09:48:32,INTC,47.69,35,ASK
2018-12-17 09:48:34,INTC,47.68,26,BID
2018-12-17 09:48:32,INTC,47.69,33,ASK
2018-12-17 09:48:34,INTC,47.68,26,BID
2018-12-17 09:48:32,INTC,47.69,33,ASK
2018-12-17 09:48:34,INTC,47.68,26,BID
2018-12-17 09:48:32,INTC,47.69,33,ASK
2018-12-17 09:48:34,INTC,47.68,26,BID
2018-12-17 09:48:32,INTC,47.69,32,ASK
2018-12-17 09:48:34,INTC,47.68,26,BID
2018-12-17 09:48:32,INTC,47.69,32,ASK
2018-12-17 09:48:43,INTC,47.69,27,BID
2018-12-17 09:48:43,INTC,47.7,15,ASK
2018-12-17 09:48:44,INTC,47.7,44,BID
2018-12-17 09:48:04,INTC,47.71,53,ASK
2018-12-17 09:48:45,INTC,47.7,75,BID
2018-12-17 09:48:45,INTC,47.71,13,ASK
2018-12-17 09:48:47,INTC,47.7,44,BID
2018-12-17 09:48:46,INTC,47.71,21,ASK
2018-12-17 09:48:47,INTC,47.7,40,BID
2018-12-17 09:48:46,INTC,47.71,22,ASK
2018-12-17 09:48:47,INTC,47.7,40,BID
2018-12-17 09:48:46,INTC,47.71,22,ASK
2018-12-17 09:48:49,INTC,47.69,33,BID
2018-12-17 09:48:50,INTC,47.7,19,ASK
2018-12-17 09:48:51,INTC,47.69,34,BID
2018-12-17 09:48:51,INTC,47.7,12,ASK
2018-12-17 09:48:51,INTC,47.69,27,BID
2018-12-17 09:48:52,INTC,47.7,24,ASK
2018-12-17 09:48:51,INTC,47.69,27,BID
2018-12-17 09:48:52,INTC,47.7,21,ASK
2018-12-17 09:48:54,INTC,47.69,26,BID
2018-12-17 09:48:52,INTC,47.7,21,ASK
2018-12-17 09:48:54,INTC,47.69,26,BID
2018-12-17 09:48:52,INTC,47.7,22,ASK
2018-12-17 09:48:55,INTC,47.69,26,BID
2018-12-17 09:48:52,INTC,47.7,21,ASK
2018-12-17 09:48:55,INTC,47.69,26,BID
2018-12-17 09:48:56,INTC,47.7,26,ASK
2018-12-17 09:48:57,INTC,47.69,24,BID
2018-12-17 09:48:56,INTC,47.7,29,ASK
2018-12-17 09:48:58,INTC,47.69,25,BID
2018-12-17 09:48:56,INTC,47.7,26,ASK
2018-12-17 09:49:00,INTC,47.69,25,BID
2018-12-17 09:48:56,INTC,47.7,26,ASK
2018-12-17 09:49:00,INTC,47.69,25,BID
2018-12-17 09:48:56,INTC,47.7,30,ASK
2018-12-17 09:49:01,INTC,47.7,32,BID
2018-12-17 09:48:49,INTC,47.71,32,ASK
2018-12-17 09:49:02,INTC,47.71,34,BID
2018-12-17 09:48:49,INTC,47.71,13,ASK
2018-12-17 09:49:02,INTC,47.71,14,BID
2018-12-17 09:47:59,INTC,47.72,52,ASK
2018-12-17 09:49:03,INTC,47.71,31,BID
2018-12-17 09:47:59,INTC,47.72,51,ASK
2018-12-17 09:49:04,INTC,47.72,64,BID
2018-12-17 09:47:43,INTC,47.73,42,ASK
2018-12-17 09:49:05,INTC,47.72,14,BID
2018-12-17 09:47:43,INTC,47.73,35,ASK
2018-12-17 09:49:06,INTC,47.72,26,BID
2018-12-17 09:49:06,INTC,47.73,22,ASK
2018-12-17 09:49:06,INTC,47.72,26,BID
2018-12-17 09:49:06,INTC,47.73,33,ASK
2018-12-17 09:49:06,INTC,47.72,26,BID
2018-12-17 09:49:06,INTC,47.73,33,ASK
2018-12-17 09:49:04,INTC,47.71,39,BID
2018-12-17 09:49:08,INTC,47.72,68,ASK
2018-12-17 09:49:09,INTC,47.71,30,BID
2018-12-17 09:49:09,INTC,47.72,76,ASK
2018-12-17 09:49:11,INTC,47.71,33,BID
2018-12-17 09:49:09,INTC,47.72,68,ASK
2018-12-17 09:49:01,INTC,47.69,27,BID
2018-12-17 09:49:12,INTC,47.7,18,ASK
2018-12-17 09:49:13,INTC,47.69,31,BID
2018-12-17 09:49:13,INTC,47.7,12,ASK
2018-12-17 09:49:15,INTC,47.69,38,BID
2018-12-17 09:49:13,INTC,47.7,13,ASK
2018-12-17 09:49:15,INTC,47.68,24,BID
2018-12-17 09:49:15,INTC,47.69,39,ASK
2018-12-17 09:49:15,INTC,47.68,35,BID
2018-12-17 09:49:15,INTC,47.69,36,ASK
2018-12-17 09:49:15,INTC,47.68,35,BID
2018-12-17 09:49:15,INTC,47.69,33,ASK
2018-12-17 09:49:15,INTC,47.68,30,BID
2018-12-17 09:49:19,INTC,47.69,24,ASK
2018-12-17 09:49:20,INTC,47.68,26,BID
2018-12-17 09:49:20,INTC,47.69,26,ASK
2018-12-17 09:48:32,INTC,47.67,32,BID
2018-12-17 09:49:20,INTC,47.68,9,ASK
2018-12-17 09:49:21,INTC,47.66,30,BID
2018-12-17 09:49:21,INTC,47.67,72,ASK
2018-12-17 09:49:22,INTC,47.65,53,BID
2018-12-17 09:49:22,INTC,47.66,10,ASK
2018-12-17 09:49:22,INTC,47.65,50,BID
2018-12-17 09:49:22,INTC,47.66,45,ASK
2018-12-17 09:49:23,INTC,47.65,50,BID
2018-12-17 09:49:22,INTC,47.66,45,ASK
2018-12-17 09:49:23,INTC,47.65,50,BID
2018-12-17 09:49:22,INTC,47.66,45,ASK
2018-12-17 09:49:24,INTC,47.65,50,BID
2018-12-17 09:49:22,INTC,47.66,45,ASK
2018-12-17 09:49:25,INTC,47.65,50,BID
2018-12-17 09:49:22,INTC,47.66,45,ASK
2018-12-17 09:49:26,INTC,47.65,50,BID
2018-12-17 09:49:26,INTC,47.66,16,ASK
2018-12-17 09:49:27,INTC,47.67,11,BID
2018-12-17 09:49:27,INTC,47.68,21,ASK
2018-12-17 09:49:27,INTC,47.68,16,BID
2018-12-17 09:49:20,INTC,47.69,35,ASK
2018-12-17 09:49:27,INTC,47.67,90,BID
2018-12-17 09:49:27,INTC,47.68,18,ASK
2018-12-17 09:49:28,INTC,47.66,33,BID
2018-12-17 09:49:28,INTC,47.67,57,ASK
2018-12-17 09:49:28,INTC,47.65,50,BID
2018-12-17 09:49:28,INTC,47.66,37,ASK
2018-12-17 09:49:28,INTC,47.65,47,BID
2018-12-17 09:49:28,INTC,47.66,36,ASK
2018-12-17 09:49:28,INTC,47.65,47,BID
2018-12-17 09:49:28,INTC,47.66,36,ASK
2018-12-17 09:49:30,INTC,47.64,30,BID
2018-12-17 09:49:30,INTC,47.65,81,ASK
2018-12-17 09:49:30,INTC,47.64,33,BID
2018-12-17 09:49:32,INTC,47.65,69,ASK
2018-12-17 09:49:30,INTC,47.64,48,BID
2018-12-17 09:49:33,INTC,47.65,67,ASK
2018-12-17 09:49:30,INTC,47.64,36,BID
2018-12-17 09:49:34,INTC,47.65,69,ASK
2018-12-17 09:49:30,INTC,47.64,34,BID
2018-12-17 09:49:35,INTC,47.65,68,ASK
2018-12-17 09:49:36,INTC,47.65,29,BID
2018-12-17 09:49:35,INTC,47.66,33,ASK
2018-12-17 09:49:36,INTC,47.65,34,BID
2018-12-17 09:49:35,INTC,47.66,23,ASK
2018-12-17 09:49:37,INTC,47.66,29,BID
2018-12-17 09:49:38,INTC,47.67,48,ASK
2018-12-17 09:49:40,INTC,47.67,13,BID
2018-12-17 09:49:28,INTC,47.68,32,ASK
2018-12-17 09:49:43,INTC,47.67,20,BID
2018-12-17 09:49:41,INTC,47.68,41,ASK
2018-12-17 09:49:45,INTC,47.67,28,BID
2018-12-17 09:49:45,INTC,47.68,30,ASK
2018-12-17 09:49:46,INTC,47.67,30,BID
2018-12-17 09:49:45,INTC,47.68,32,ASK
2018-12-17 09:49:48,INTC,47.67,33,BID
2018-12-17 09:49:45,INTC,47.68,31,ASK
2018-12-17 09:49:50,INTC,47.67,33,BID
2018-12-17 09:49:45,INTC,47.68,33,ASK
2018-12-17 09:49:51,INTC,47.68,42,BID
2018-12-17 09:49:51,INTC,47.69,41,ASK
2018-12-17 09:49:51,INTC,47.68,46,BID
2018-12-17 09:49:51,INTC,47.69,41,ASK
2018-12-17 09:49:51,INTC,47.68,50,BID
2018-12-17 09:49:51,INTC,47.69,40,ASK
2018-12-17 09:49:55,INTC,47.69,36,BID
2018-12-17 09:49:55,INTC,47.7,63,ASK
2018-12-17 09:49:55,INTC,47.69,22,BID
2018-12-17 09:49:55,INTC,47.7,31,ASK
2018-12-17 09:49:57,INTC,47.69,32,BID
2018-12-17 09:49:56,INTC,47.7,33,ASK
2018-12-17 09:49:58,INTC,47.69,32,BID
2018-12-17 09:49:56,INTC,47.7,33,ASK
2018-12-17 09:49:59,INTC,47.69,32,BID
2018-12-17 09:49:56,INTC,47.7,33,ASK
2018-12-17 09:50:00,INTC,47.69,32,BID
2018-12-17 09:49:56,INTC,47.7,36,ASK
2018-12-17 09:49:51,INTC,47.68,53,BID
2018-12-17 09:50:01,INTC,47.69,38,ASK
2018-12-17 09:49:51,INTC,47.68,44,BID
2018-12-17 09:50:01,INTC,47.69,36,ASK
2018-12-17 09:50:03,INTC,47.67,27,BID
2018-12-17 09:50:03,INTC,47.68,57,ASK
2018-12-17 09:50:04,INTC,47.67,25,BID
2018-12-17 09:50:03,INTC,47.68,43,ASK
2018-12-17 09:50:05,INTC,47.67,35,BID
2018-12-17 09:50:05,INTC,47.68,54,ASK
2018-12-17 09:50:05,INTC,47.67,33,BID
2018-12-17 09:50:05,INTC,47.68,33,ASK
2018-12-17 09:50:05,INTC,47.67,27,BID
2018-12-17 09:50:05,INTC,47.68,31,ASK
2018-12-17 09:50:08,INTC,47.67,22,BID
2018-12-17 09:50:07,INTC,47.68,77,ASK
2018-12-17 09:50:08,INTC,47.67,21,BID
2018-12-17 09:50:07,INTC,47.68,77,ASK
2018-12-17 09:49:37,INTC,47.66,41,BID
2018-12-17 09:50:10,INTC,47.67,68,ASK
2018-12-17 09:50:10,INTC,47.66,39,BID
2018-12-17 09:50:10,INTC,47.67,63,ASK
2018-12-17 09:50:10,INTC,47.66,41,BID
2018-12-17 09:50:10,INTC,47.67,61,ASK
2018-12-17 09:50:11,INTC,47.66,41,BID
2018-12-17 09:50:13,INTC,47.67,61,ASK
2018-12-17 09:50:14,INTC,47.67,74,BID
2018-12-17 09:50:10,INTC,47.68,48,ASK
2018-12-17 09:50:14,INTC,47.67,68,BID
2018-12-17 09:50:10,INTC,47.68,48,ASK
2018-12-17 09:50:15,INTC,47.67,68,BID
2018-12-17 09:50:10,INTC,47.68,48,ASK
2018-12-17 09:50:11,INTC,47.66,38,BID
2018-12-17 09:50:17,INTC,47.67,36,ASK
2018-12-17 09:50:18,INTC,47.67,17,BID
2018-12-17 09:50:10,INTC,47.68,48,ASK
2018-12-17 09:50:17,INTC,47.66,57,BID
2018-12-17 09:50:19,INTC,47.67,41,ASK
2018-12-17 09:50:17,INTC,47.66,39,BID
2018-12-17 09:50:20,INTC,47.67,31,ASK
2018-12-17 09:50:17,INTC,47.66,39,BID
2018-12-17 09:50:20,INTC,47.67,26,ASK
2018-12-17 09:50:17,INTC,47.66,49,BID
2018-12-17 09:50:22,INTC,47.67,9,ASK
2018-12-17 09:50:17,INTC,47.66,41,BID
2018-12-17 09:50:22,INTC,47.67,18,ASK
2018-12-17 09:50:17,INTC,47.66,41,BID
2018-12-17 09:50:23,INTC,47.67,28,ASK
2018-12-17 09:50:24,INTC,47.66,42,BID
2018-12-17 09:50:23,INTC,47.67,25,ASK
2018-12-17 09:50:24,INTC,47.66,43,BID
2018-12-17 09:50:23,INTC,47.67,25,ASK
2018-12-17 09:50:27,INTC,47.66,50,BID
2018-12-17 09:50:27,INTC,47.67,21,ASK
2018-12-17 09:50:27,INTC,47.66,50,BID
2018-12-17 09:50:27,INTC,47.67,21,ASK
2018-12-17 09:49:37,INTC,47.65,42,BID
2018-12-17 09:50:29,INTC,47.66,58,ASK
2018-12-17 09:49:37,INTC,47.65,36,BID
2018-12-17 09:50:29,INTC,47.66,57,ASK
2018-12-17 09:50:30,INTC,47.65,29,BID
2018-12-17 09:50:29,INTC,47.66,59,ASK
2018-12-17 09:50:32,INTC,47.65,33,BID
2018-12-17 09:50:29,INTC,47.66,71,ASK
2018-12-17 09:50:32,INTC,47.65,34,BID
2018-12-17 09:50:29,INTC,47.66,69,ASK
2018-12-17 09:50:33,INTC,47.65,25,BID
2018-12-17 09:50:29,INTC,47.66,69,ASK
2018-12-17 09:50:33,INTC,47.65,28,BID
2018-12-17 09:50:29,INTC,47.66,68,ASK
2018-12-17 09:49:35,INTC,47.64,45,BID
2018-12-17 09:50:36,INTC,47.65,40,ASK
2018-12-17 09:50:37,INTC,47.65,24,BID
2018-12-17 09:50:29,INTC,47.66,68,ASK
2018-12-17 09:50:38,INTC,47.65,29,BID
2018-12-17 09:50:29,INTC,47.66,68,ASK
2018-12-17 09:50:38,INTC,47.65,26,BID
2018-12-17 09:50:29,INTC,47.66,75,ASK
2018-12-17 09:50:38,INTC,47.65,23,BID
2018-12-17 09:50:29,INTC,47.66,75,ASK
2018-12-17 09:50:41,INTC,47.66,33,BID
2018-12-17 09:50:41,INTC,47.67,38,ASK
2018-12-17 09:50:41,INTC,47.66,32,BID
2018-12-17 09:50:41,INTC,47.67,33,ASK
2018-12-17 09:50:43,INTC,47.66,40,BID
2018-12-17 09:50:41,INTC,47.67,33,ASK
2018-12-17 09:50:43,INTC,47.66,44,BID
2018-12-17 09:50:41,INTC,47.67,30,ASK
2018-12-17 09:50:43,INTC,47.66,44,BID
2018-12-17 09:50:41,INTC,47.67,30,ASK
2018-12-17 09:50:46,INTC,47.67,30,BID
2018-12-17 09:50:10,INTC,47.68,51,ASK
2018-12-17 09:50:47,INTC,47.67,11,BID
2018-12-17 09:50:10,INTC,47.68,38,ASK
2018-12-17 09:50:48,INTC,47.67,12,BID
2018-12-17 09:50:48,INTC,47.68,35,ASK
2018-12-17 09:50:49,INTC,47.67,19,BID
2018-12-17 09:50:48,INTC,47.68,37,ASK
2018-12-17 09:50:50,INTC,47.67,20,BID
2018-12-17 09:50:50,INTC,47.68,49,ASK
2018-12-17 09:50:50,INTC,47.67,18,BID
2018-12-17 09:50:51,INTC,47.68,30,ASK
2018-12-17 09:50:52,INTC,47.68,34,BID
2018-12-17 09:50:02,INTC,47.69,46,ASK
2018-12-17 09:50:52,INTC,47.68,44,BID
2018-12-17 09:50:02,INTC,47.69,40,ASK
2018-12-17 09:50:54,INTC,47.68,23,BID
2018-12-17 09:50:53,INTC,47.69,38,ASK
2018-12-17 09:50:52,INTC,47.67,30,BID
2018-12-17 09:50:55,INTC,47.68,87,ASK
2018-12-17 09:50:52,INTC,47.67,30,BID
2018-12-17 09:50:55,INTC,47.68,87,ASK
2018-12-17 09:50:56,INTC,47.67,34,BID
2018-12-17 09:50:56,INTC,47.68,50,ASK
2018-12-17 09:50:58,INTC,47.68,16,BID
2018-12-17 09:50:53,INTC,47.69,39,ASK
2018-12-17 09:50:59,INTC,47.68,16,BID
2018-12-17 09:50:53,INTC,47.69,39,ASK
2018-12-17 09:51:00,INTC,47.68,9,BID
2018-12-17 09:50:53,INTC,47.69,40,ASK
2018-12-17 09:51:01,INTC,47.67,25,BID
2018-12-17 09:51:01,INTC,47.68,59,ASK
2018-12-17 09:51:02,INTC,47.67,16,BID
2018-12-17 09:51:02,INTC,47.68,50,ASK
2018-12-17 09:51:03,INTC,47.66,36,BID
2018-12-17 09:51:03,INTC,47.67,84,ASK
2018-12-17 09:51:03,INTC,47.66,36,BID
2018-12-17 09:51:04,INTC,47.67,84,ASK
2018-12-17 09:51:05,INTC,47.65,25,BID
2018-12-17 09:51:05,INTC,47.66,51,ASK
2018-12-17 09:51:06,INTC,47.64,36,BID
2018-12-17 09:51:06,INTC,47.65,43,ASK
2018-12-17 09:51:07,INTC,47.64,37,BID
2018-12-17 09:51:07,INTC,47.65,45,ASK
2018-12-17 09:51:08,INTC,47.64,43,BID
2018-12-17 09:51:07,INTC,47.65,42,ASK
2018-12-17 09:51:09,INTC,47.64,41,BID
2018-12-17 09:51:09,INTC,47.65,39,ASK
2018-12-17 09:51:10,INTC,47.63,27,BID
2018-12-17 09:51:10,INTC,47.64,29,ASK
2018-12-17 09:51:11,INTC,47.64,18,BID
2018-12-17 09:51:11,INTC,47.65,71,ASK
2018-12-17 09:51:12,INTC,47.64,5,BID
2018-12-17 09:51:11,INTC,47.65,40,ASK
2018-12-17 09:51:12,INTC,47.64,12,BID
2018-12-17 09:51:13,INTC,47.65,46,ASK
2018-12-17 09:51:14,INTC,47.65,23,BID
2018-12-17 09:51:05,INTC,47.66,43,ASK
2018-12-17 09:51:14,INTC,47.66,14,BID
2018-12-17 09:51:03,INTC,47.67,98,ASK
2018-12-17 09:51:15,INTC,47.66,8,BID
2018-12-17 09:51:15,INTC,47.67,95,ASK
2018-12-17 09:51:16,INTC,47.65,33,BID
2018-12-17 09:51:16,INTC,47.66,19,ASK
2018-12-17 09:51:16,INTC,47.65,31,BID
2018-12-17 09:51:16,INTC,47.66,22,ASK
2018-12-17 09:51:16,INTC,47.65,35,BID
2018-12-17 09:51:18,INTC,47.66,46,ASK
2018-12-17 09:51:16,INTC,47.65,34,BID
2018-12-17 09:51:18,INTC,47.66,54,ASK
2018-12-17 09:51:20,INTC,47.64,9,BID
2018-12-17 09:51:20,INTC,47.65,29,ASK
2018-12-17 09:51:21,INTC,47.64,12,BID
2018-12-17 09:51:20,INTC,47.65,39,ASK
2018-12-17 09:51:22,INTC,47.64,14,BID
2018-12-17 09:51:20,INTC,47.65,41,ASK
2018-12-17 09:51:24,INTC,47.63,25,BID
2018-12-17 09:51:24,INTC,47.64,29,ASK
2018-12-17 09:51:24,INTC,47.63,28,BID
2018-12-17 09:51:25,INTC,47.64,24,ASK
2018-12-17 09:51:26,INTC,47.64,11,BID
2018-12-17 09:51:20,INTC,47.65,39,ASK
2018-12-17 09:51:27,INTC,47.64,9,BID
2018-12-17 09:51:27,INTC,47.65,50,ASK
2018-12-17 09:51:28,INTC,47.64,20,BID
2018-12-17 09:51:27,INTC,47.65,46,ASK
2018-12-17 09:51:29,INTC,47.64,15,BID
2018-12-17 09:51:29,INTC,47.65,35,ASK
2018-12-17 09:51:30,INTC,47.64,19,BID
2018-12-17 09:51:29,INTC,47.65,23,ASK
2018-12-17 09:51:31,INTC,47.65,37,BID
2018-12-17 09:51:31,INTC,47.66,36,ASK
2018-12-17 09:51:31,INTC,47.66,21,BID
2018-12-17 09:51:31,INTC,47.67,82,ASK
2018-12-17 09:51:32,INTC,47.65,4,BID
2018-12-17 09:51:32,INTC,47.65,40,ASK
2018-12-17 09:51:33,INTC,47.65,62,BID
2018-12-17 09:51:32,INTC,47.66,41,ASK
2018-12-17 09:51:34,INTC,47.65,55,BID
2018-12-17 09:51:33,INTC,47.66,40,ASK
2018-12-17 09:51:36,INTC,47.65,57,BID
2018-12-17 09:51:33,INTC,47.66,38,ASK
2018-12-17 09:51:37,INTC,47.64,13,BID
2018-12-17 09:51:37,INTC,47.65,78,ASK
2018-12-17 09:51:24,INTC,47.63,30,BID
2018-12-17 09:51:38,INTC,47.64,44,ASK
2018-12-17 09:51:24,INTC,47.63,31,BID
2018-12-17 09:51:38,INTC,47.64,36,ASK
2018-12-17 09:51:40,INTC,47.63,25,BID
2018-12-17 09:51:40,INTC,47.64,31,ASK
2018-12-17 09:51:41,INTC,47.63,27,BID
2018-12-17 09:51:41,INTC,47.64,42,ASK
2018-12-17 09:51:42,INTC,47.64,10,BID
2018-12-17 09:51:42,INTC,47.65,76,ASK
2018-12-17 09:51:43,INTC,47.64,9,BID
2018-12-17 09:51:43,INTC,47.65,75,ASK
2018-12-17 09:51:43,INTC,47.64,9,BID
2018-12-17 09:51:44,INTC,47.65,80,ASK
2018-12-17 09:51:45,INTC,47.64,29,BID
2018-12-17 09:51:45,INTC,47.65,21,ASK
2018-12-17 09:51:45,INTC,47.64,29,BID
2018-12-17 09:51:45,INTC,47.65,21,ASK
2018-12-17 09:51:45,INTC,47.64,22,BID
2018-12-17 09:51:47,INTC,47.65,39,ASK
2018-12-17 09:51:45,INTC,47.64,25,BID
2018-12-17 09:51:48,INTC,47.65,34,ASK
2018-12-17 09:51:48,INTC,47.64,22,BID
2018-12-17 09:51:49,INTC,47.65,36,ASK
2018-12-17 09:51:48,INTC,47.64,19,BID
2018-12-17 09:51:49,INTC,47.65,36,ASK
2018-12-17 09:51:48,INTC,47.64,22,BID
2018-12-17 09:51:49,INTC,47.65,35,ASK
2018-12-17 09:51:43,INTC,47.63,45,BID
2018-12-17 09:51:52,INTC,47.64,41,ASK
2018-12-17 09:51:53,INTC,47.64,39,BID
2018-12-17 09:51:49,INTC,47.65,47,ASK
2018-12-17 09:51:53,INTC,47.64,32,BID
2018-12-17 09:51:49,INTC,47.65,47,ASK
2018-12-17 09:51:55,INTC,47.64,43,BID
2018-12-17 09:51:49,INTC,47.65,46,ASK
2018-12-17 09:51:56,INTC,47.64,43,BID
2018-12-17 09:51:56,INTC,47.65,41,ASK
2018-12-17 09:51:56,INTC,47.64,49,BID
2018-12-17 09:51:56,INTC,47.65,35,ASK
2018-12-17 09:51:58,INTC,47.64,35,BID
2018-12-17 09:51:56,INTC,47.65,36,ASK
2018-12-17 09:51:59,INTC,47.64,37,BID
2018-12-17 09:51:56,INTC,47.65,26,ASK
2018-12-17 09:51:59,INTC,47.64,33,BID
2018-12-17 09:51:56,INTC,47.65,26,ASK
2018-12-17 09:52:01,INTC,47.65,16,BID
2018-12-17 09:52:01,INTC,47.66,48,ASK
2018-12-17 09:51:59,INTC,47.64,46,BID
2018-12-17 09:52:01,INTC,47.65,15,ASK
2018-12-17 09:51:59,INTC,47.64,45,BID
2018-12-17 09:52:03,INTC,47.65,16,ASK
2018-12-17 09:51:59,INTC,47.64,36,BID
2018-12-17 09:52:03,INTC,47.65,28,ASK
2018-12-17 09:52:06,INTC,47.63,35,BID
2018-12-17 09:52:06,INTC,47.64,49,ASK
2018-12-17 09:52:06,INTC,47.63,40,BID
2018-12-17 09:52:06,INTC,47.64,29,ASK
2018-12-17 09:52:06,INTC,47.63,39,BID
2018-12-17 09:52:07,INTC,47.64,40,ASK
2018-12-17 09:52:08,INTC,47.63,35,BID
2018-12-17 09:52:07,INTC,47.64,39,ASK
2018-12-17 09:52:10,INTC,47.63,38,BID
2018-12-17 09:52:07,INTC,47.64,46,ASK
2018-12-17 09:52:10,INTC,47.63,21,BID
2018-12-17 09:52:07,INTC,47.64,43,ASK
2018-12-17 09:52:11,INTC,47.63,42,BID
2018-12-17 09:52:07,INTC,47.64,27,ASK
2018-12-17 09:52:12,INTC,47.63,42,BID
2018-12-17 09:52:07,INTC,47.64,39,ASK
2018-12-17 09:52:14,INTC,47.62,16,BID
2018-12-17 09:52:13,INTC,47.63,50,ASK
2018-12-17 09:52:14,INTC,47.62,52,BID
2018-12-17 09:52:14,INTC,47.63,32,ASK
2018-12-17 09:52:14,INTC,47.62,40,BID
2018-12-17 09:52:15,INTC,47.63,44,ASK
2018-12-17 09:52:16,INTC,47.61,29,BID
2018-12-17 09:52:16,INTC,47.62,29,ASK
2018-12-17 09:52:17,INTC,47.62,10,BID
2018-12-17 09:52:17,INTC,47.63,45,ASK
2018-12-17 09:52:16,INTC,47.61,28,BID
2018-12-17 09:52:18,INTC,47.62,10,ASK
2018-12-17 09:52:19,INTC,47.6,32,BID
2018-12-17 09:52:19,INTC,47.61,32,ASK
2018-12-17 09:52:19,INTC,47.6,34,BID
2018-12-17 09:52:20,INTC,47.61,27,ASK
2018-12-17 09:52:22,INTC,47.61,9,BID
2018-12-17 09:52:22,INTC,47.62,57,ASK
2018-12-17 09:52:19,INTC,47.6,58,BID
2018-12-17 09:52:23,INTC,47.61,29,ASK
2018-12-17 09:52:23,INTC,47.61,40,BID
2018-12-17 09:52:23,INTC,47.62,28,ASK
2018-12-17 09:52:23,INTC,47.61,40,BID
2018-12-17 09:52:25,INTC,47.62,23,ASK
2018-12-17 09:52:23,INTC,47.61,39,BID
2018-12-17 09:52:25,INTC,47.62,23,ASK
2018-12-17 09:52:23,INTC,47.61,33,BID
2018-12-17 09:52:26,INTC,47.62,21,ASK
2018-12-17 09:52:27,INTC,47.62,34,BID
2018-12-17 09:52:27,INTC,47.63,52,ASK
2018-12-17 09:52:28,INTC,47.63,53,BID
2018-12-17 09:52:13,INTC,47.64,47,ASK
2018-12-17 09:52:30,INTC,47.63,44,BID
2018-12-17 09:52:29,INTC,47.64,49,ASK
2018-12-17 09:52:31,INTC,47.62,54,BID
2018-12-17 09:52:31,INTC,47.63,35,ASK
2018-12-17 09:52:31,INTC,47.62,51,BID
2018-12-17 09:52:31,INTC,47.63,36,ASK
2018-12-17 09:52:31,INTC,47.62,58,BID
2018-12-17 09:52:33,INTC,47.63,25,ASK
2018-12-17 09:52:33,INTC,47.62,59,BID
2018-12-17 09:52:33,INTC,47.63,42,ASK
2018-12-17 09:52:33,INTC,47.62,59,BID
2018-12-17 09:52:33,INTC,47.63,37,ASK
2018-12-17 09:52:33,INTC,47.62,47,BID
2018-12-17 09:52:35,INTC,47.63,44,ASK
2018-12-17 09:52:36,INTC,47.62,38,BID
2018-12-17 09:52:36,INTC,47.63,33,ASK
2018-12-17 09:52:23,INTC,47.61,34,BID
2018-12-17 09:52:37,INTC,47.62,41,ASK
2018-12-17 09:52:23,INTC,47.61,34,BID
2018-12-17 09:52:37,INTC,47.62,61,ASK
2018-12-17 09:52:19,INTC,47.6,33,BID
2018-12-17 09:52:39,INTC,47.61,57,ASK
2018-12-17 09:52:19,INTC,47.6,32,BID
2018-12-17 09:52:39,INTC,47.61,46,ASK
2018-12-17 09:52:19,INTC,47.6,32,BID
2018-12-17 09:52:41,INTC,47.61,43,ASK
2018-12-17 09:52:42,INTC,47.61,43,BID
2018-12-17 09:52:37,INTC,47.62,52,ASK
2018-12-17 09:52:43,INTC,47.61,38,BID
2018-12-17 09:52:43,INTC,47.62,24,ASK
2018-12-17 09:52:45,INTC,47.62,54,BID
2018-12-17 09:52:45,INTC,47.63,37,ASK
2018-12-17 09:52:43,INTC,47.61,41,BID
2018-12-17 09:52:45,INTC,47.62,54,ASK
2018-12-17 09:52:43,INTC,47.61,49,BID
2018-12-17 09:52:45,INTC,47.62,52,ASK
2018-12-17 09:52:43,INTC,47.61,48,BID
2018-12-17 09:52:45,INTC,47.62,49,ASK
2018-12-17 09:52:49,INTC,47.63,13,BID
2018-12-17 09:52:29,INTC,47.64,48,ASK
2018-12-17 09:52:49,INTC,47.63,11,BID
2018-12-17 09:52:29,INTC,47.64,48,ASK
2018-12-17 09:52:50,INTC,47.63,60,BID
2018-12-17 09:52:50,INTC,47.64,36,ASK
2018-12-17 09:52:50,INTC,47.63,60,BID
2018-12-17 09:52:52,INTC,47.64,41,ASK
2018-12-17 09:52:50,INTC,47.63,59,BID
2018-12-17 09:52:52,INTC,47.64,37,ASK
2018-12-17 09:52:50,INTC,47.63,53,BID
2018-12-17 09:52:52,INTC,47.64,38,ASK
2018-12-17 09:52:50,INTC,47.63,51,BID
2018-12-17 09:52:52,INTC,47.64,39,ASK
2018-12-17 09:52:50,INTC,47.63,59,BID
2018-12-17 09:52:52,INTC,47.64,39,ASK
2018-12-17 09:52:50,INTC,47.63,56,BID
2018-12-17 09:52:52,INTC,47.64,36,ASK
2018-12-17 09:52:50,INTC,47.63,56,BID
2018-12-17 09:52:57,INTC,47.64,31,ASK
2018-12-17 09:52:50,INTC,47.63,58,BID
2018-12-17 09:52:57,INTC,47.64,39,ASK
2018-12-17 09:52:50,INTC,47.63,52,BID
2018-12-17 09:53:00,INTC,47.64,37,ASK
2018-12-17 09:53:01,INTC,47.64,60,BID
2018-12-17 09:52:03,INTC,47.65,24,ASK
2018-12-17 09:53:01,INTC,47.64,68,BID
2018-12-17 09:52:03,INTC,47.65,21,ASK
2018-12-17 09:53:01,INTC,47.64,69,BID
2018-12-17 09:52:03,INTC,47.65,21,ASK
2018-12-17 09:53:01,INTC,47.64,69,BID
2018-12-17 09:53:04,INTC,47.65,41,ASK
2018-12-17 09:53:01,INTC,47.64,68,BID
2018-12-17 09:53:04,INTC,47.65,41,ASK
2018-12-17 09:53:01,INTC,47.64,58,BID
2018-12-17 09:53:05,INTC,47.65,43,ASK
2018-12-17 09:53:01,INTC,47.64,59,BID
2018-12-17 09:53:06,INTC,47.65,51,ASK
2018-12-17 09:53:08,INTC,47.64,17,BID
2018-12-17 09:53:07,INTC,47.65,57,ASK
2018-12-17 09:53:08,INTC,47.64,18,BID
2018-12-17 09:53:08,INTC,47.65,62,ASK
2018-12-17 09:53:10,INTC,47.64,17,BID
2018-12-17 09:53:08,INTC,47.65,61,ASK
2018-12-17 09:53:10,INTC,47.64,21,BID
2018-12-17 09:53:08,INTC,47.65,57,ASK
2018-12-17 09:53:11,INTC,47.64,24,BID
2018-12-17 09:53:11,INTC,47.65,57,ASK
2018-12-17 09:53:13,INTC,47.65,83,BID
2018-12-17 09:53:13,INTC,47.66,46,ASK
2018-12-17 09:53:13,INTC,47.66,10,BID
2018-12-17 09:53:13,INTC,47.67,44,ASK
2018-12-17 09:53:14,INTC,47.66,32,BID
2018-12-17 09:53:13,INTC,47.67,39,ASK
2018-12-17 09:53:15,INTC,47.67,13,BID
2018-12-17 09:53:15,INTC,47.68,48,ASK
2018-12-17 09:53:15,INTC,47.67,20,BID
2018-12-17 09:53:15,INTC,47.68,41,ASK
2018-12-17 09:53:15,INTC,47.67,21,BID
2018-12-17 09:53:17,INTC,47.68,33,ASK
2018-12-17 09:53:18,INTC,47.68,30,BID
2018-12-17 09:49:56,INTC,47.7,39,ASK
2018-12-17 09:53:18,INTC,47.68,24,BID
2018-12-17 09:53:18,INTC,47.69,12,ASK
2018-12-17 09:53:18,INTC,47.68,21,BID
2018-12-17 09:53:18,INTC,47.69,40,ASK
2018-12-17 09:53:19,INTC,47.67,40,BID
2018-12-17 09:53:19,INTC,47.68,21,ASK
2018-12-17 09:53:21,INTC,47.67,31,BID
2018-12-17 09:53:21,INTC,47.68,15,ASK
2018-12-17 09:53:21,INTC,47.67,33,BID
2018-12-17 09:53:23,INTC,47.68,40,ASK
2018-12-17 09:53:25,INTC,47.67,40,BID
2018-12-17 09:53:25,INTC,47.68,45,ASK
2018-12-17 09:53:25,INTC,47.67,41,BID
2018-12-17 09:53:25,INTC,47.68,34,ASK
2018-12-17 09:53:25,INTC,47.67,39,BID
2018-12-17 09:53:26,INTC,47.68,33,ASK
2018-12-17 09:53:25,INTC,47.67,40,BID
2018-12-17 09:53:28,INTC,47.68,29,ASK
2018-12-17 09:53:29,INTC,47.67,39,BID
2018-12-17 09:53:28,INTC,47.68,26,ASK
2018-12-17 09:53:15,INTC,47.66,27,BID
2018-12-17 09:53:29,INTC,47.67,41,ASK
2018-12-17 09:53:30,INTC,47.67,6,BID
2018-12-17 09:53:28,INTC,47.68,33,ASK
2018-12-17 09:53:13,INTC,47.65,76,BID
2018-12-17 09:53:31,INTC,47.66,18,ASK
2018-12-17 09:53:13,INTC,47.65,67,BID
2018-12-17 09:53:32,INTC,47.66,23,ASK
2018-12-17 09:53:33,INTC,47.65,50,BID
2018-12-17 09:53:33,INTC,47.66,31,ASK
2018-12-17 09:53:34,INTC,47.66,18,BID
2018-12-17 09:53:31,INTC,47.67,60,ASK
2018-12-17 09:53:34,INTC,47.65,54,BID
2018-12-17 09:53:35,INTC,47.66,33,ASK
2018-12-17 09:53:35,INTC,47.64,20,BID
2018-12-17 09:53:35,INTC,47.65,29,ASK
2018-12-17 09:53:36,INTC,47.64,20,BID
2018-12-17 09:53:35,INTC,47.65,21,ASK
2018-12-17 09:53:37,INTC,47.64,37,BID
2018-12-17 09:53:35,INTC,47.65,19,ASK
2018-12-17 09:53:39,INTC,47.64,24,BID
2018-12-17 09:53:35,INTC,47.65,21,ASK
2018-12-17 09:53:40,INTC,47.64,24,BID
2018-12-17 09:53:39,INTC,47.65,22,ASK
2018-12-17 09:53:42,INTC,47.65,4,BID
2018-12-17 09:53:35,INTC,47.66,29,ASK
2018-12-17 09:53:43,INTC,47.65,15,BID
2018-12-17 09:53:35,INTC,47.66,29,ASK
2018-12-17 09:53:44,INTC,47.65,15,BID
2018-12-17 09:53:35,INTC,47.66,29,ASK
2018-12-17 09:53:44,INTC,47.65,21,BID
2018-12-17 09:53:45,INTC,47.66,20,ASK
2018-12-17 09:53:45,INTC,47.65,21,BID
2018-12-17 09:53:45,INTC,47.66,39,ASK
2018-12-17 09:53:45,INTC,47.65,22,BID
2018-12-17 09:53:45,INTC,47.66,38,ASK
2018-12-17 09:53:45,INTC,47.65,24,BID
2018-12-17 09:53:45,INTC,47.66,38,ASK
2018-12-17 09:53:45,INTC,47.65,23,BID
2018-12-17 09:53:49,INTC,47.66,34,ASK
2018-12-17 09:53:45,INTC,47.65,23,BID
2018-12-17 09:53:50,INTC,47.66,31,ASK
2018-12-17 09:53:45,INTC,47.65,24,BID
2018-12-17 09:53:50,INTC,47.66,30,ASK
2018-12-17 09:53:45,INTC,47.65,37,BID
2018-12-17 09:53:52,INTC,47.66,27,ASK
2018-12-17 09:53:52,INTC,47.66,15,BID
2018-12-17 09:53:52,INTC,47.67,17,ASK
2018-12-17 09:53:53,INTC,47.68,13,BID
2018-12-17 09:53:53,INTC,47.69,43,ASK
2018-12-17 09:53:54,INTC,47.68,21,BID
2018-12-17 09:53:54,INTC,47.69,26,ASK
2018-12-17 09:53:55,INTC,47.68,22,BID
2018-12-17 09:53:54,INTC,47.69,29,ASK
2018-12-17 09:53:56,INTC,47.68,26,BID
2018-12-17 09:53:54,INTC,47.69,28,ASK
2018-12-17 09:53:57,INTC,47.68,28,BID
2018-12-17 09:53:54,INTC,47.69,27,ASK
2018-12-17 09:53:57,INTC,47.68,27,BID
2018-12-17 09:53:54,INTC,47.69,26,ASK
2018-12-17 09:54:00,INTC,47.67,22,BID
2018-12-17 09:54:00,INTC,47.68,38,ASK
2018-12-17 09:54:01,INTC,47.67,13,BID
2018-12-17 09:54:00,INTC,47.68,34,ASK
2018-12-17 09:54:02,INTC,47.67,14,BID
2018-12-17 09:54:00,INTC,47.68,33,ASK
2018-12-17 09:54:03,INTC,47.68,13,BID
2018-12-17 09:54:00,INTC,47.69,53,ASK
2018-12-17 09:54:04,INTC,47.68,13,BID
2018-12-17 09:54:00,INTC,47.69,36,ASK
2018-12-17 09:54:05,INTC,47.68,13,BID
2018-12-17 09:54:00,INTC,47.69,36,ASK
2018-12-17 09:54:06,INTC,47.68,16,BID
2018-12-17 09:54:05,INTC,47.69,21,ASK
2018-12-17 09:54:07,INTC,47.69,24,BID
2018-12-17 09:54:07,INTC,47.7,32,ASK
2018-12-17 09:54:07,INTC,47.69,24,BID
2018-12-17 09:54:07,INTC,47.7,32,ASK
2018-12-17 09:54:07,INTC,47.69,31,BID
2018-12-17 09:54:08,INTC,47.7,23,ASK
2018-12-17 09:54:09,INTC,47.71,13,BID
2018-12-17 09:54:09,INTC,47.72,64,ASK
2018-12-17 09:54:09,INTC,47.71,14,BID
2018-12-17 09:54:09,INTC,47.72,26,ASK
2018-12-17 09:54:10,INTC,47.72,6,BID
2018-12-17 09:49:06,INTC,47.73,51,ASK
2018-12-17 09:54:11,INTC,47.71,18,BID
2018-12-17 09:54:10,INTC,47.72,28,ASK
2018-12-17 09:54:13,INTC,47.72,10,BID
2018-12-17 09:54:13,INTC,47.73,43,ASK
2018-12-17 09:54:14,INTC,47.72,28,BID
2018-12-17 09:54:14,INTC,47.73,44,ASK
2018-12-17 09:54:15,INTC,47.73,10,BID
2018-12-17 09:54:15,INTC,47.74,35,ASK
2018-12-17 09:54:16,INTC,47.73,9,BID
2018-12-17 09:54:15,INTC,47.74,28,ASK
2018-12-17 09:54:17,INTC,47.73,30,BID
2018-12-17 09:54:15,INTC,47.74,46,ASK
2018-12-17 09:54:17,INTC,47.73,41,BID
2018-12-17 09:54:15,INTC,47.74,38,ASK
2018-12-17 09:54:19,INTC,47.73,28,BID
2018-12-17 09:54:15,INTC,47.74,35,ASK
2018-12-17 09:54:14,INTC,47.72,35,BID
2018-12-17 09:54:21,INTC,47.73,56,ASK
2018-12-17 09:54:21,INTC,47.71,33,BID
2018-12-17 09:54:21,INTC,47.72,27,ASK
2018-12-17 09:54:23,INTC,47.72,9,BID
2018-12-17 09:54:23,INTC,47.73,51,ASK
2018-12-17 09:54:24,INTC,47.72,14,BID
2018-12-17 09:54:24,INTC,47.73,36,ASK
2018-12-17 09:54:25,INTC,47.73,13,BID
2018-12-17 09:54:15,INTC,47.74,35,ASK
2018-12-17 09:54:26,INTC,47.73,12,BID
2018-12-17 09:54:15,INTC,47.74,43,ASK
2018-12-17 09:54:27,INTC,47.72,30,BID
2018-12-17 09:54:27,INTC,47.73,39,ASK
2018-12-17 09:54:28,INTC,47.72,20,BID
2018-12-17 09:54:28,INTC,47.73,40,ASK
2018-12-17 09:54:28,INTC,47.72,19,BID
2018-12-17 09:54:28,INTC,47.73,25,ASK
2018-12-17 09:54:21,INTC,47.71,40,BID
2018-12-17 09:54:30,INTC,47.72,68,ASK
2018-12-17 09:54:21,INTC,47.71,40,BID
2018-12-17 09:54:30,INTC,47.72,77,ASK
2018-12-17 09:54:21,INTC,47.71,34,BID
2018-12-17 09:54:30,INTC,47.72,81,ASK
2018-12-17 09:54:33,INTC,47.7,20,BID
2018-12-17 09:54:33,INTC,47.71,58,ASK
2018-12-17 09:54:33,INTC,47.7,21,BID
2018-12-17 09:54:34,INTC,47.71,58,ASK
2018-12-17 09:54:33,INTC,47.7,19,BID
2018-12-17 09:54:35,INTC,47.71,24,ASK
2018-12-17 09:54:36,INTC,47.7,22,BID
2018-12-17 09:54:36,INTC,47.71,30,ASK
2018-12-17 09:54:37,INTC,47.7,23,BID
2018-12-17 09:54:37,INTC,47.71,34,ASK
2018-12-17 09:54:38,INTC,47.7,23,BID
2018-12-17 09:54:38,INTC,47.71,37,ASK
2018-12-17 09:54:07,INTC,47.69,30,BID
2018-12-17 09:54:39,INTC,47.7,79,ASK
2018-12-17 09:54:40,INTC,47.69,34,BID
2018-12-17 09:54:39,INTC,47.7,57,ASK
2018-12-17 09:54:41,INTC,47.69,28,BID
2018-12-17 09:54:39,INTC,47.7,52,ASK
2018-12-17 09:54:41,INTC,47.69,25,BID
2018-12-17 09:54:41,INTC,47.7,45,ASK
2018-12-17 09:54:41,INTC,47.69,33,BID
2018-12-17 09:54:42,INTC,47.7,22,ASK
2018-12-17 09:54:44,INTC,47.7,6,BID
2018-12-17 09:54:43,INTC,47.71,51,ASK
2018-12-17 09:54:45,INTC,47.7,6,BID
2018-12-17 09:54:43,INTC,47.71,48,ASK
2018-12-17 09:54:46,INTC,47.7,6,BID
2018-12-17 09:54:46,INTC,47.71,41,ASK
2018-12-17 09:54:47,INTC,47.7,12,BID
2018-12-17 09:54:47,INTC,47.71,32,ASK
2018-12-17 09:54:48,INTC,47.7,12,BID
2018-12-17 09:54:48,INTC,47.71,32,ASK
2018-12-17 09:54:49,INTC,47.7,22,BID
2018-12-17 09:54:49,INTC,47.71,32,ASK
2018-12-17 09:54:50,INTC,47.7,23,BID
2018-12-17 09:54:50,INTC,47.71,31,ASK
2018-12-17 09:54:50,INTC,47.7,22,BID
2018-12-17 09:54:51,INTC,47.71,39,ASK
2018-12-17 09:54:52,INTC,47.7,15,BID
2018-12-17 09:54:52,INTC,47.71,50,ASK
2018-12-17 09:54:52,INTC,47.7,21,BID
2018-12-17 09:54:52,INTC,47.71,49,ASK
2018-12-17 09:54:54,INTC,47.71,16,BID
2018-12-17 09:54:30,INTC,47.72,83,ASK
2018-12-17 09:54:55,INTC,47.71,15,BID
2018-12-17 09:54:55,INTC,47.72,52,ASK
2018-12-17 09:54:56,INTC,47.71,18,BID
2018-12-17 09:54:56,INTC,47.72,51,ASK
2018-12-17 09:54:57,INTC,47.71,18,BID
2018-12-17 09:54:57,INTC,47.72,51,ASK
2018-12-17 09:54:58,INTC,47.71,18,BID
2018-12-17 09:54:58,INTC,47.72,50,ASK
2018-12-17 09:54:59,INTC,47.71,17,BID
2018-12-17 09:54:58,INTC,47.72,50,ASK
2018-12-17 09:55:00,INTC,47.71,18,BID
2018-12-17 09:54:58,INTC,47.72,50,ASK
2018-12-17 09:55:01,INTC,47.72,36,BID
2018-12-17 09:54:30,INTC,47.73,34,ASK
2018-12-17 09:55:01,INTC,47.72,38,BID
2018-12-17 09:54:30,INTC,47.73,33,ASK
2018-12-17 09:55:01,INTC,47.71,21,BID
2018-12-17 09:55:01,INTC,47.72,29,ASK
2018-12-17 09:55:02,INTC,47.72,14,BID
2018-12-17 09:55:01,INTC,47.73,42,ASK
2018-12-17 09:55:03,INTC,47.72,46,BID
2018-12-17 09:55:01,INTC,47.73,39,ASK
2018-12-17 09:55:03,INTC,47.72,46,BID
2018-12-17 09:55:01,INTC,47.73,41,ASK
2018-12-17 09:55:04,INTC,47.73,58,BID
2018-12-17 09:54:15,INTC,47.74,35,ASK
2018-12-17 09:55:04,INTC,47.73,73,BID
2018-12-17 09:55:04,INTC,47.74,9,ASK
2018-12-17 09:55:04,INTC,47.73,71,BID
2018-12-17 09:55:05,INTC,47.74,34,ASK
2018-12-17 09:55:07,INTC,47.73,35,BID
2018-12-17 09:55:05,INTC,47.74,34,ASK
2018-12-17 09:55:09,INTC,47.73,44,BID
2018-12-17 09:55:05,INTC,47.74,32,ASK
2018-12-17 09:55:10,INTC,47.73,38,BID
2018-12-17 09:55:05,INTC,47.74,26,ASK
2018-12-17 09:55:12,INTC,47.73,44,BID
2018-12-17 09:55:05,INTC,47.74,27,ASK
2018-12-17 09:55:14,INTC,47.73,39,BID
2018-12-17 09:55:13,INTC,47.74,34,ASK
2018-12-17 09:55:15,INTC,47.73,48,BID
2018-12-17 09:55:15,INTC,47.74,33,ASK
2018-12-17 09:55:16,INTC,47.73,38,BID
2018-12-17 09:55:16,INTC,47.74,32,ASK
2018-12-17 09:55:17,INTC,47.72,45,BID
2018-12-17 09:55:17,INTC,47.73,27,ASK
2018-12-17 09:55:18,INTC,47.72,45,BID
2018-12-17 09:55:18,INTC,47.73,32,ASK
2018-12-17 09:55:19,INTC,47.72,17,BID
2018-12-17 09:55:19,INTC,47.73,65,ASK
2018-12-17 09:55:19,INTC,47.72,14,BID
2018-12-17 09:55:19,INTC,47.73,41,ASK
2018-12-17 09:55:19,INTC,47.72,14,BID
2018-12-17 09:55:19,INTC,47.73,40,ASK
2018-12-17 09:55:19,INTC,47.72,14,BID
2018-12-17 09:55:19,INTC,47.73,41,ASK
2018-12-17 09:55:19,INTC,47.72,14,BID
2018-12-17 09:55:19,INTC,47.73,40,ASK
2018-12-17 09:55:19,INTC,47.72,35,BID
2018-12-17 09:55:19,INTC,47.73,38,ASK
2018-12-17 09:55:25,INTC,47.72,42,BID
2018-12-17 09:55:19,INTC,47.73,40,ASK
2018-12-17 09:55:25,INTC,47.72,46,BID
2018-12-17 09:55:19,INTC,47.73,41,ASK
2018-12-17 09:55:27,INTC,47.73,35,BID
2018-12-17 09:55:16,INTC,47.74,39,ASK
2018-12-17 09:55:27,INTC,47.73,38,BID
2018-12-17 09:55:16,INTC,47.74,38,ASK
2018-12-17 09:55:27,INTC,47.73,38,BID
2018-12-17 09:55:16,INTC,47.74,38,ASK
2018-12-17 09:55:27,INTC,47.73,41,BID
2018-12-17 09:55:16,INTC,47.74,36,ASK
2018-12-17 09:55:27,INTC,47.73,41,BID
2018-12-17 09:55:16,INTC,47.74,36,ASK
2018-12-17 09:55:27,INTC,47.73,40,BID
2018-12-17 09:55:16,INTC,47.74,36,ASK
2018-12-17 09:55:27,INTC,47.73,40,BID
2018-12-17 09:55:16,INTC,47.74,36,ASK
2018-12-17 09:55:27,INTC,47.73,41,BID
2018-12-17 09:55:16,INTC,47.74,36,ASK
2018-12-17 09:55:27,INTC,47.73,40,BID
2018-12-17 09:55:16,INTC,47.74,37,ASK
2018-12-17 09:55:27,INTC,47.73,40,BID
2018-12-17 09:55:16,INTC,47.74,37,ASK
2018-12-17 09:55:27,INTC,47.73,35,BID
2018-12-17 09:55:16,INTC,47.74,36,ASK
2018-12-17 09:55:27,INTC,47.73,39,BID
2018-12-17 09:55:16,INTC,47.74,36,ASK
2018-12-17 09:55:27,INTC,47.73,39,BID
2018-12-17 09:55:39,INTC,47.74,46,ASK
2018-12-17 09:55:40,INTC,47.74,10,BID
2018-12-17 09:55:40,INTC,47.75,41,ASK
2018-12-17 09:55:41,INTC,47.74,6,BID
2018-12-17 09:55:40,INTC,47.75,43,ASK
2018-12-17 09:55:42,INTC,47.73,46,BID
2018-12-17 09:55:42,INTC,47.74,23,ASK
2018-12-17 09:55:42,INTC,47.73,50,BID
2018-12-17 09:55:43,INTC,47.74,17,ASK
2018-12-17 09:55:44,INTC,47.74,14,BID
2018-12-17 09:55:44,INTC,47.75,39,ASK
2018-12-17 09:55:45,INTC,47.74,11,BID
2018-12-17 09:55:44,INTC,47.75,46,ASK
2018-12-17 09:55:46,INTC,47.74,9,BID
2018-12-17 09:55:44,INTC,47.75,46,ASK
2018-12-17 09:55:42,INTC,47.73,42,BID
2018-12-17 09:55:48,INTC,47.74,14,ASK
2018-12-17 09:55:42,INTC,47.73,40,BID
2018-12-17 09:55:48,INTC,47.74,13,ASK
2018-12-17 09:55:42,INTC,47.73,42,BID
2018-12-17 09:55:49,INTC,47.74,9,ASK
2018-12-17 09:55:42,INTC,47.73,41,BID
2018-12-17 09:55:50,INTC,47.74,9,ASK
2018-12-17 09:55:51,INTC,47.71,22,BID
2018-12-17 09:55:51,INTC,47.72,51,ASK
2018-12-17 09:55:52,INTC,47.71,30,BID
2018-12-17 09:55:51,INTC,47.72,43,ASK
2018-12-17 09:55:53,INTC,47.71,23,BID
2018-12-17 09:55:53,INTC,47.72,39,ASK
2018-12-17 09:55:54,INTC,47.71,20,BID
2018-12-17 09:55:53,INTC,47.72,54,ASK
2018-12-17 09:55:55,INTC,47.71,32,BID
2018-12-17 09:55:53,INTC,47.72,37,ASK
2018-12-17 09:55:55,INTC,47.71,36,BID
2018-12-17 09:55:53,INTC,47.72,38,ASK
2018-12-17 09:55:55,INTC,47.71,38,BID
2018-12-17 09:55:53,INTC,47.72,39,ASK
2018-12-17 09:55:55,INTC,47.71,35,BID
2018-12-17 09:55:53,INTC,47.72,39,ASK
2018-12-17 09:56:00,INTC,47.71,29,BID
2018-12-17 09:55:53,INTC,47.72,40,ASK
2018-12-17 09:56:00,INTC,47.71,28,BID
2018-12-17 09:55:53,INTC,47.72,40,ASK
2018-12-17 09:56:01,INTC,47.7,34,BID
2018-12-17 09:56:01,INTC,47.71,37,ASK
2018-12-17 09:54:41,INTC,47.69,31,BID
2018-12-17 09:56:03,INTC,47.7,48,ASK
2018-12-17 09:56:03,INTC,47.69,36,BID
2018-12-17 09:56:03,INTC,47.7,43,ASK
2018-12-17 09:56:04,INTC,47.69,38,BID
2018-12-17 09:56:03,INTC,47.7,41,ASK
2018-12-17 09:56:04,INTC,47.69,38,BID
2018-12-17 09:56:03,INTC,47.7,41,ASK
2018-12-17 09:56:04,INTC,47.69,38,BID
2018-12-17 09:56:03,INTC,47.7,42,ASK
2018-12-17 09:56:07,INTC,47.7,24,BID
2018-12-17 09:56:03,INTC,47.7,30,ASK
2018-12-17 09:56:08,INTC,47.7,53,BID
2018-12-17 09:56:08,INTC,47.71,51,ASK
2018-12-17 09:56:08,INTC,47.69,53,BID
2018-12-17 09:56:09,INTC,47.7,27,ASK
2018-12-17 09:56:11,INTC,47.69,37,BID
2018-12-17 09:56:09,INTC,47.7,26,ASK
2018-12-17 09:56:11,INTC,47.69,41,BID
2018-12-17 09:56:11,INTC,47.7,23,ASK
2018-12-17 09:56:11,INTC,47.69,40,BID
2018-12-17 09:56:11,INTC,47.7,23,ASK
2018-12-17 09:56:13,INTC,47.7,24,BID
2018-12-17 09:56:08,INTC,47.71,60,ASK
2018-12-17 09:56:15,INTC,47.69,45,BID
2018-12-17 09:56:15,INTC,47.7,46,ASK
2018-12-17 09:56:16,INTC,47.69,37,BID
2018-12-17 09:56:15,INTC,47.7,45,ASK
2018-12-17 09:56:16,INTC,47.69,39,BID
2018-12-17 09:56:17,INTC,47.7,43,ASK
2018-12-17 09:56:17,INTC,47.69,38,BID
2018-12-17 09:56:17,INTC,47.7,44,ASK
2018-12-17 09:56:18,INTC,47.7,35,BID
2018-12-17 09:56:08,INTC,47.71,46,ASK
2018-12-17 09:56:19,INTC,47.7,8,BID
2018-12-17 09:56:08,INTC,47.71,52,ASK
2018-12-17 09:56:20,INTC,47.7,19,BID
2018-12-17 09:56:08,INTC,47.71,50,ASK
2018-12-17 09:56:20,INTC,47.7,19,BID
2018-12-17 09:56:08,INTC,47.71,50,ASK
2018-12-17 09:56:22,INTC,47.7,38,BID
2018-12-17 09:56:08,INTC,47.71,50,ASK
2018-12-17 09:56:22,INTC,47.7,40,BID
2018-12-17 09:56:08,INTC,47.71,39,ASK
2018-12-17 09:56:22,INTC,47.7,47,BID
2018-12-17 09:56:24,INTC,47.71,41,ASK
2018-12-17 09:56:22,INTC,47.7,47,BID
2018-12-17 09:56:24,INTC,47.71,39,ASK
2018-12-17 09:56:22,INTC,47.7,43,BID
2018-12-17 09:56:24,INTC,47.71,36,ASK
2018-12-17 09:56:27,INTC,47.72,44,BID
2018-12-17 09:55:51,INTC,47.73,57,ASK
2018-12-17 09:56:28,INTC,47.72,31,BID
2018-12-17 09:55:51,INTC,47.73,58,ASK
2018-12-17 09:56:29,INTC,47.72,27,BID
2018-12-17 09:55:51,INTC,47.73,57,ASK
2018-12-17 09:56:31,INTC,47.72,31,BID
2018-12-17 09:55:51,INTC,47.73,64,ASK
2018-12-17 09:56:22,INTC,47.7,46,BID
2018-12-17 09:56:31,INTC,47.71,21,ASK
2018-12-17 09:56:32,INTC,47.7,33,BID
2018-12-17 09:56:32,INTC,47.71,29,ASK
2018-12-17 09:56:32,INTC,47.7,28,BID
2018-12-17 09:56:34,INTC,47.71,37,ASK
2018-12-17 09:56:34,INTC,47.71,53,BID
2018-12-17 09:56:31,INTC,47.72,58,ASK
2018-12-17 09:56:34,INTC,47.71,23,BID
2018-12-17 09:56:31,INTC,47.72,52,ASK
2018-12-17 09:56:37,INTC,47.7,34,BID
2018-12-17 09:56:37,INTC,47.71,65,ASK
2018-12-17 09:56:37,INTC,47.7,30,BID
2018-12-17 09:56:37,INTC,47.71,75,ASK
2018-12-17 09:56:37,INTC,47.7,30,BID
2018-12-17 09:56:38,INTC,47.71,57,ASK
2018-12-17 09:56:37,INTC,47.7,31,BID
2018-12-17 09:56:38,INTC,47.71,56,ASK
2018-12-17 09:56:37,INTC,47.7,30,BID
2018-12-17 09:56:38,INTC,47.71,58,ASK
2018-12-17 09:56:37,INTC,47.7,30,BID
2018-12-17 09:56:38,INTC,47.71,57,ASK
2018-12-17 09:56:37,INTC,47.7,30,BID
2018-12-17 09:56:38,INTC,47.71,57,ASK
2018-12-17 09:56:37,INTC,47.7,31,BID
2018-12-17 09:56:38,INTC,47.71,56,ASK
2018-12-17 09:56:37,INTC,47.7,30,BID
2018-12-17 09:56:44,INTC,47.71,64,ASK
2018-12-17 09:56:45,INTC,47.71,23,BID
2018-12-17 09:56:45,INTC,47.72,44,ASK
2018-12-17 09:56:37,INTC,47.7,32,BID
2018-12-17 09:56:47,INTC,47.71,38,ASK
2018-12-17 09:56:48,INTC,47.69,39,BID
2018-12-17 09:56:48,INTC,47.7,67,ASK
2018-12-17 09:56:48,INTC,47.69,28,BID
2018-12-17 09:56:48,INTC,47.7,66,ASK
2018-12-17 09:56:48,INTC,47.69,28,BID
2018-12-17 09:56:48,INTC,47.7,66,ASK
2018-12-17 09:56:48,INTC,47.69,43,BID
2018-12-17 09:56:50,INTC,47.7,59,ASK
2018-12-17 09:56:48,INTC,47.69,41,BID
2018-12-17 09:56:50,INTC,47.7,62,ASK
2018-12-17 09:56:48,INTC,47.69,41,BID
2018-12-17 09:56:52,INTC,47.7,49,ASK
2018-12-17 09:56:48,INTC,47.69,41,BID
2018-12-17 09:56:52,INTC,47.7,36,ASK
2018-12-17 09:56:54,INTC,47.69,30,BID
2018-12-17 09:56:52,INTC,47.7,52,ASK
2018-12-17 09:56:54,INTC,47.69,30,BID
2018-12-17 09:56:52,INTC,47.7,52,ASK
2018-12-17 09:56:54,INTC,47.69,31,BID
2018-12-17 09:56:52,INTC,47.7,41,ASK
2018-12-17 09:56:54,INTC,47.69,41,BID
2018-12-17 09:56:57,INTC,47.7,36,ASK
2018-12-17 09:56:58,INTC,47.69,42,BID
2018-12-17 09:56:57,INTC,47.7,39,ASK
2018-12-17 09:56:59,INTC,47.7,48,BID
2018-12-17 09:56:59,INTC,47.71,38,ASK
2018-12-17 09:56:59,INTC,47.7,47,BID
2018-12-17 09:57:01,INTC,47.71,28,ASK
2018-12-17 09:57:01,INTC,47.7,60,BID
2018-12-17 09:57:01,INTC,47.71,28,ASK
2018-12-17 09:57:03,INTC,47.7,58,BID
2018-12-17 09:57:01,INTC,47.71,27,ASK
2018-12-17 09:56:58,INTC,47.69,50,BID
2018-12-17 09:57:04,INTC,47.7,29,ASK
2018-12-17 09:57:04,INTC,47.69,48,BID
2018-12-17 09:57:04,INTC,47.7,40,ASK
2018-12-17 09:57:05,INTC,47.69,40,BID
2018-12-17 09:57:04,INTC,47.7,39,ASK
2018-12-17 09:57:05,INTC,47.69,40,BID
2018-12-17 09:57:04,INTC,47.7,39,ASK
2018-12-17 09:57:08,INTC,47.68,15,BID
2018-12-17 09:57:07,INTC,47.69,18,ASK
2018-12-17 09:57:08,INTC,47.68,15,BID
2018-12-17 09:57:07,INTC,47.69,22,ASK
2018-12-17 09:57:08,INTC,47.68,15,BID
2018-12-17 09:57:07,INTC,47.69,28,ASK
2018-12-17 09:57:11,INTC,47.69,7,BID
2018-12-17 09:57:07,INTC,47.7,48,ASK
2018-12-17 09:57:11,INTC,47.69,15,BID
2018-12-17 09:57:07,INTC,47.7,50,ASK
2018-12-17 09:57:13,INTC,47.68,25,BID
2018-12-17 09:57:13,INTC,47.69,45,ASK
2018-12-17 09:57:14,INTC,47.68,23,BID
2018-12-17 09:57:14,INTC,47.69,65,ASK
2018-12-17 09:57:15,INTC,47.68,41,BID
2018-12-17 09:57:15,INTC,47.69,62,ASK
2018-12-17 09:57:15,INTC,47.68,39,BID
2018-12-17 09:57:16,INTC,47.69,62,ASK
2018-12-17 09:57:15,INTC,47.68,40,BID
2018-12-17 09:57:16,INTC,47.69,62,ASK
2018-12-17 09:57:15,INTC,47.68,44,BID
2018-12-17 09:57:17,INTC,47.69,62,ASK
2018-12-17 09:57:19,INTC,47.69,62,BID
2018-12-17 09:57:18,INTC,47.7,31,ASK
2018-12-17 09:57:20,INTC,47.69,61,BID
2018-12-17 09:57:18,INTC,47.7,32,ASK
2018-12-17 09:57:20,INTC,47.69,67,BID
2018-12-17 09:57:18,INTC,47.7,32,ASK
2018-12-17 09:57:20,INTC,47.69,52,BID
2018-12-17 09:57:18,INTC,47.7,32,ASK
2018-12-17 09:57:20,INTC,47.69,52,BID
2018-12-17 09:57:18,INTC,47.7,32,ASK
2018-12-17 09:57:24,INTC,47.69,50,BID
2018-12-17 09:57:24,INTC,47.7,30,ASK
2018-12-17 09:57:15,INTC,47.68,32,BID
2018-12-17 09:57:24,INTC,47.69,22,ASK
2018-12-17 09:57:25,INTC,47.68,31,BID
2018-12-17 09:57:25,INTC,47.69,26,ASK
2018-12-17 09:57:27,INTC,47.68,66,BID
2018-12-17 09:57:27,INTC,47.69,25,ASK
2018-12-17 09:57:27,INTC,47.71,29,BID
2018-12-17 09:56:45,INTC,47.72,55,ASK
2018-12-17 09:57:28,INTC,47.71,35,BID
2018-12-17 09:57:28,INTC,47.72,28,ASK
2018-12-17 09:57:29,INTC,47.72,21,BID
2018-12-17 09:57:30,INTC,47.73,63,ASK
2018-12-17 09:57:31,INTC,47.71,22,BID
2018-12-17 09:57:30,INTC,47.72,64,ASK
2018-12-17 09:57:31,INTC,47.71,37,BID
2018-12-17 09:57:32,INTC,47.72,7,ASK
2018-12-17 09:57:32,INTC,47.72,10,BID
2018-12-17 09:57:30,INTC,47.73,62,ASK
2018-12-17 09:57:34,INTC,47.72,36,BID
2018-12-17 09:57:30,INTC,47.73,57,ASK
2018-12-17 09:57:34,INTC,47.72,49,BID
2018-12-17 09:57:30,INTC,47.73,57,ASK
2018-12-17 09:57:34,INTC,47.72,49,BID
2018-12-17 09:57:30,INTC,47.73,59,ASK
2018-12-17 09:57:34,INTC,47.72,46,BID
2018-12-17 09:57:30,INTC,47.73,57,ASK
2018-12-17 09:57:34,INTC,47.72,45,BID
2018-12-17 09:57:30,INTC,47.73,57,ASK
2018-12-17 09:57:34,INTC,47.72,47,BID
2018-12-17 09:57:38,INTC,47.73,40,ASK
2018-12-17 09:57:40,INTC,47.73,24,BID
2018-12-17 09:57:40,INTC,47.74,12,ASK
2018-12-17 09:57:40,INTC,47.73,29,BID
2018-12-17 09:57:41,INTC,47.74,10,ASK
2018-12-17 09:57:42,INTC,47.74,16,BID
2018-12-17 09:57:42,INTC,47.75,42,ASK
2018-12-17 09:57:43,INTC,47.74,22,BID
2018-12-17 09:57:42,INTC,47.75,29,ASK
2018-12-17 09:57:44,INTC,47.74,36,BID
2018-12-17 09:57:44,INTC,47.75,22,ASK
2018-12-17 09:57:44,INTC,47.74,31,BID
2018-12-17 09:57:45,INTC,47.75,51,ASK
2018-12-17 09:57:46,INTC,47.76,32,BID
2018-12-17 09:57:46,INTC,47.77,30,ASK
2018-12-17 09:57:46,INTC,47.76,28,BID
2018-12-17 09:57:46,INTC,47.77,30,ASK
2018-12-17 09:57:47,INTC,47.76,25,BID
2018-12-17 09:57:46,INTC,47.77,31,ASK
2018-12-17 09:57:49,INTC,47.76,34,BID
2018-12-17 09:57:46,INTC,47.77,61,ASK
2018-12-17 09:57:50,INTC,47.76,83,BID
2018-12-17 09:57:46,INTC,47.77,35,ASK
2018-12-17 09:57:51,INTC,47.76,65,BID
2018-12-17 09:57:51,INTC,47.77,15,ASK
2018-12-17 09:57:51,INTC,47.76,65,BID
2018-12-17 09:57:51,INTC,47.77,16,ASK
2018-12-17 09:57:51,INTC,47.76,66,BID
2018-12-17 09:57:53,INTC,47.77,11,ASK
2018-12-17 09:57:51,INTC,47.76,66,BID
2018-12-17 09:57:53,INTC,47.77,11,ASK
2018-12-17 09:57:51,INTC,47.76,66,BID
2018-12-17 09:57:53,INTC,47.77,10,ASK
2018-12-17 09:57:51,INTC,47.76,64,BID
2018-12-17 09:57:56,INTC,47.77,18,ASK
2018-12-17 09:57:51,INTC,47.76,62,BID
2018-12-17 09:57:56,INTC,47.77,29,ASK
2018-12-17 09:57:58,INTC,47.76,69,BID
2018-12-17 09:57:56,INTC,47.77,27,ASK
2018-12-17 09:57:59,INTC,47.76,69,BID
2018-12-17 09:57:56,INTC,47.77,26,ASK
2018-12-17 09:58:00,INTC,47.77,59,BID
2018-12-17 09:58:00,INTC,47.78,21,ASK
2018-12-17 09:58:01,INTC,47.77,42,BID
2018-12-17 09:58:00,INTC,47.78,20,ASK
2018-12-17 09:58:01,INTC,47.77,48,BID
2018-12-17 09:58:00,INTC,47.78,22,ASK
2018-12-17 09:58:03,INTC,47.78,7,BID
2018-12-17 09:47:03,INTC,47.79,66,ASK
2018-12-17 09:58:01,INTC,47.77,31,BID
2018-12-17 09:58:04,INTC,47.78,22,ASK
2018-12-17 09:58:05,INTC,47.77,26,BID
2018-12-17 09:58:05,INTC,47.78,29,ASK
2018-12-17 09:58:06,INTC,47.77,32,BID
2018-12-17 09:58:06,INTC,47.78,29,ASK
2018-12-17 09:58:06,INTC,47.77,22,BID
2018-12-17 09:58:07,INTC,47.78,30,ASK
2018-12-17 09:58:06,INTC,47.77,35,BID
2018-12-17 09:58:08,INTC,47.78,25,ASK
2018-12-17 09:58:06,INTC,47.77,41,BID
2018-12-17 09:58:09,INTC,47.78,16,ASK
2018-12-17 09:58:06,INTC,47.77,29,BID
2018-12-17 09:58:10,INTC,47.78,16,ASK
2018-12-17 09:57:59,INTC,47.76,60,BID
2018-12-17 09:58:11,INTC,47.77,68,ASK
2018-12-17 09:57:59,INTC,47.76,59,BID
2018-12-17 09:58:11,INTC,47.77,46,ASK
2018-12-17 09:57:59,INTC,47.76,63,BID
2018-12-17 09:58:11,INTC,47.77,43,ASK
2018-12-17 09:57:59,INTC,47.76,63,BID
2018-12-17 09:58:11,INTC,47.77,46,ASK
2018-12-17 09:58:15,INTC,47.76,7,BID
2018-12-17 09:58:15,INTC,47.77,55,ASK
2018-12-17 09:58:16,INTC,47.76,7,BID
2018-12-17 09:58:16,INTC,47.77,49,ASK
2018-12-17 09:58:17,INTC,47.76,8,BID
2018-12-17 09:58:16,INTC,47.77,48,ASK
2018-12-17 09:58:18,INTC,47.76,16,BID
2018-12-17 09:58:16,INTC,47.77,54,ASK
2018-12-17 09:58:19,INTC,47.76,28,BID
2018-12-17 09:58:16,INTC,47.77,52,ASK
2018-12-17 09:58:20,INTC,47.77,21,BID
2018-12-17 09:58:20,INTC,47.77,38,ASK
2018-12-17 09:58:21,INTC,47.77,15,BID
2018-12-17 09:58:10,INTC,47.78,35,ASK
2018-12-17 09:58:21,INTC,47.77,15,BID
2018-12-17 09:58:22,INTC,47.78,35,ASK
2018-12-17 09:58:21,INTC,47.77,15,BID
2018-12-17 09:58:22,INTC,47.78,35,ASK
2018-12-17 09:58:24,INTC,47.77,19,BID
2018-12-17 09:58:24,INTC,47.78,36,ASK
2018-12-17 09:58:24,INTC,47.77,32,BID
2018-12-17 09:58:25,INTC,47.78,33,ASK
2018-12-17 09:58:25,INTC,47.78,49,BID
2018-12-17 09:47:03,INTC,47.79,87,ASK
2018-12-17 09:58:26,INTC,47.77,27,BID
2018-12-17 09:58:27,INTC,47.78,21,ASK
2018-12-17 09:58:26,INTC,47.77,37,BID
2018-12-17 09:58:28,INTC,47.78,33,ASK
2018-12-17 09:58:29,INTC,47.78,28,BID
2018-12-17 09:47:03,INTC,47.79,81,ASK
2018-12-17 09:58:29,INTC,47.78,33,BID
2018-12-17 09:47:03,INTC,47.79,79,ASK
2018-12-17 09:58:29,INTC,47.78,31,BID
2018-12-17 09:47:03,INTC,47.79,82,ASK
2018-12-17 09:58:29,INTC,47.78,31,BID
2018-12-17 09:47:03,INTC,47.79,83,ASK
2018-12-17 09:58:33,INTC,47.78,33,BID
2018-12-17 09:47:03,INTC,47.79,82,ASK
2018-12-17 09:58:33,INTC,47.78,35,BID
2018-12-17 09:47:03,INTC,47.79,81,ASK
2018-12-17 09:58:33,INTC,47.78,35,BID
2018-12-17 09:47:03,INTC,47.79,82,ASK
2018-12-17 09:58:33,INTC,47.78,37,BID
2018-12-17 09:47:03,INTC,47.79,80,ASK
2018-12-17 09:58:33,INTC,47.78,36,BID
2018-12-17 09:47:03,INTC,47.79,81,ASK
2018-12-17 09:58:33,INTC,47.78,36,BID
2018-12-17 09:47:03,INTC,47.79,80,ASK
2018-12-17 09:58:33,INTC,47.78,36,BID
2018-12-17 09:47:03,INTC,47.79,80,ASK
2018-12-17 09:58:33,INTC,47.78,36,BID
2018-12-17 09:47:03,INTC,47.79,80,ASK
2018-12-17 09:58:41,INTC,47.79,30,BID
2018-12-17 09:46:51,INTC,47.8,43,ASK
2018-12-17 09:58:42,INTC,47.79,10,BID
2018-12-17 09:46:51,INTC,47.8,42,ASK
2018-12-17 09:58:43,INTC,47.79,36,BID
2018-12-17 09:46:51,INTC,47.8,36,ASK
2018-12-17 09:58:44,INTC,47.79,36,BID
2018-12-17 09:46:51,INTC,47.8,37,ASK
2018-12-17 09:58:44,INTC,47.79,42,BID
2018-12-17 09:46:51,INTC,47.8,37,ASK
2018-12-17 09:58:45,INTC,47.79,52,BID
2018-12-17 09:46:51,INTC,47.8,37,ASK
2018-12-17 09:58:47,INTC,47.79,51,BID
2018-12-17 09:46:51,INTC,47.8,39,ASK
2018-12-17 09:58:47,INTC,47.79,47,BID
2018-12-17 09:46:51,INTC,47.8,39,ASK
2018-12-17 09:58:47,INTC,47.79,47,BID
2018-12-17 09:46:51,INTC,47.8,39,ASK
2018-12-17 09:58:47,INTC,47.79,50,BID
2018-12-17 09:46:51,INTC,47.8,44,ASK
2018-12-17 09:58:47,INTC,47.79,52,BID
2018-12-17 09:46:51,INTC,47.8,44,ASK
2018-12-17 09:58:47,INTC,47.79,48,BID
2018-12-17 09:46:51,INTC,47.8,44,ASK
2018-12-17 09:58:53,INTC,47.79,38,BID
2018-12-17 09:46:51,INTC,47.8,45,ASK
2018-12-17 09:58:54,INTC,47.79,48,BID
2018-12-17 09:46:51,INTC,47.8,44,ASK
2018-12-17 09:58:54,INTC,47.79,48,BID
2018-12-17 09:46:51,INTC,47.8,45,ASK
2018-12-17 09:58:54,INTC,47.79,45,BID
2018-12-17 09:46:51,INTC,47.8,45,ASK
2018-12-17 09:58:56,INTC,47.79,40,BID
2018-12-17 09:46:51,INTC,47.8,44,ASK
2018-12-17 09:58:56,INTC,47.79,74,BID
2018-12-17 09:46:51,INTC,47.8,38,ASK
2018-12-17 09:58:56,INTC,47.79,42,BID
2018-12-17 09:46:51,INTC,47.8,36,ASK
2018-12-17 09:58:56,INTC,47.79,44,BID
2018-12-17 09:46:51,INTC,47.8,34,ASK
2018-12-17 09:59:01,INTC,47.8,43,BID
2018-12-17 09:59:01,INTC,47.81,59,ASK
2018-12-17 09:59:02,INTC,47.78,48,BID
2018-12-17 09:59:02,INTC,47.79,4,ASK
2018-12-17 09:59:03,INTC,47.79,52,BID
2018-12-17 09:59:02,INTC,47.8,30,ASK
2018-12-17 09:59:02,INTC,47.78,49,BID
2018-12-17 09:59:04,INTC,47.79,50,ASK
2018-12-17 09:59:02,INTC,47.78,49,BID
2018-12-17 09:59:04,INTC,47.79,50,ASK
2018-12-17 09:59:02,INTC,47.78,49,BID
2018-12-17 09:59:06,INTC,47.79,38,ASK
2018-12-17 09:58:28,INTC,47.77,32,BID
2018-12-17 09:59:07,INTC,47.78,98,ASK
2018-12-17 09:59:08,INTC,47.78,30,BID
2018-12-17 09:59:07,INTC,47.79,27,ASK
2018-12-17 09:59:08,INTC,47.78,49,BID
2018-12-17 09:59:09,INTC,47.79,25,ASK
2018-12-17 09:59:08,INTC,47.78,49,BID
2018-12-17 09:59:09,INTC,47.79,25,ASK
2018-12-17 09:59:08,INTC,47.78,49,BID
2018-12-17 09:59:09,INTC,47.79,24,ASK
2018-12-17 09:59:08,INTC,47.78,49,BID
2018-12-17 09:59:09,INTC,47.79,25,ASK
2018-12-17 09:59:08,INTC,47.78,47,BID
2018-12-17 09:59:09,INTC,47.79,24,ASK
2018-12-17 09:59:14,INTC,47.78,46,BID
2018-12-17 09:59:09,INTC,47.79,22,ASK
2018-12-17 09:59:13,INTC,47.78,45,BID
2018-12-17 09:59:09,INTC,47.79,22,ASK
2018-12-17 09:59:13,INTC,47.78,45,BID
2018-12-17 09:59:16,INTC,47.79,33,ASK
2018-12-17 09:59:13,INTC,47.78,51,BID
2018-12-17 09:59:16,INTC,47.79,36,ASK
2018-12-17 09:59:18,INTC,47.78,47,BID
2018-12-17 09:59:16,INTC,47.79,33,ASK
2018-12-17 09:59:19,INTC,47.78,54,BID
2018-12-17 09:59:16,INTC,47.79,32,ASK
2018-12-17 09:59:20,INTC,47.78,44,BID
2018-12-17 09:59:16,INTC,47.79,34,ASK
2018-12-17 09:59:21,INTC,47.78,46,BID
2018-12-17 09:59:16,INTC,47.79,33,ASK
2018-12-17 09:59:22,INTC,47.77,27,BID
2018-12-17 09:59:22,INTC,47.78,30,ASK
2018-12-17 09:59:23,INTC,47.77,26,BID
2018-12-17 09:59:22,INTC,47.78,41,ASK
2018-12-17 09:59:24,INTC,47.77,32,BID
2018-12-17 09:59:22,INTC,47.78,28,ASK
2018-12-17 09:59:25,INTC,47.77,32,BID
2018-12-17 09:59:22,INTC,47.78,27,ASK
2018-12-17 09:59:26,INTC,47.77,49,BID
2018-12-17 09:59:26,INTC,47.78,20,ASK
2018-12-17 09:59:27,INTC,47.77,49,BID
2018-12-17 09:59:27,INTC,47.78,12,ASK
2018-12-17 09:59:28,INTC,47.77,49,BID
2018-12-17 09:59:28,INTC,47.78,28,ASK
2018-12-17 09:59:29,INTC,47.77,48,BID
2018-12-17 09:59:28,INTC,47.78,29,ASK
2018-12-17 09:59:30,INTC,47.77,46,BID
2018-12-17 09:59:30,INTC,47.77,10,ASK
2018-12-17 09:59:31,INTC,47.76,51,BID
2018-12-17 09:59:31,INTC,47.77,82,ASK
2018-12-17 09:59:32,INTC,47.77,36,BID
2018-12-17 09:59:32,INTC,47.78,29,ASK
2018-12-17 09:59:33,INTC,47.77,21,BID
2018-12-17 09:59:32,INTC,47.78,28,ASK
2018-12-17 09:59:34,INTC,47.77,24,BID
2018-12-17 09:59:32,INTC,47.78,22,ASK
2018-12-17 09:59:35,INTC,47.77,30,BID
2018-12-17 09:59:35,INTC,47.78,28,ASK
2018-12-17 09:59:36,INTC,47.78,60,BID
2018-12-17 09:59:16,INTC,47.79,35,ASK
2018-12-17 09:59:36,INTC,47.79,63,BID
2018-12-17 09:59:36,INTC,47.8,38,ASK
2018-12-17 09:59:37,INTC,47.79,29,BID
2018-12-17 09:59:37,INTC,47.8,28,ASK
2018-12-17 09:59:38,INTC,47.79,32,BID
2018-12-17 09:59:37,INTC,47.8,42,ASK
2018-12-17 09:59:38,INTC,47.79,49,BID
2018-12-17 09:59:37,INTC,47.8,39,ASK
2018-12-17 09:59:41,INTC,47.79,46,BID
2018-12-17 09:59:37,INTC,47.8,39,ASK
2018-12-17 09:59:41,INTC,47.79,31,BID
2018-12-17 09:59:37,INTC,47.8,47,ASK
2018-12-17 09:59:43,INTC,47.78,14,BID
2018-12-17 09:59:43,INTC,47.79,15,ASK
2018-12-17 09:59:35,INTC,47.77,37,BID
2018-12-17 09:59:45,INTC,47.78,15,ASK
2018-12-17 09:59:35,INTC,47.77,37,BID
2018-12-17 09:59:45,INTC,47.78,14,ASK
2018-12-17 09:59:35,INTC,47.77,36,BID
2018-12-17 09:59:46,INTC,47.78,11,ASK
2018-12-17 09:59:47,INTC,47.79,9,BID
2018-12-17 09:59:37,INTC,47.8,45,ASK
2018-12-17 09:59:47,INTC,47.79,8,BID
2018-12-17 09:59:37,INTC,47.8,41,ASK
2018-12-17 09:59:47,INTC,47.79,9,BID
2018-12-17 09:59:37,INTC,47.8,46,ASK
2018-12-17 09:59:50,INTC,47.8,43,BID
2018-12-17 09:46:50,INTC,47.81,27,ASK
2018-12-17 09:59:51,INTC,47.81,18,BID
2018-12-17 09:59:51,INTC,47.82,27,ASK
2018-12-17 09:59:52,INTC,47.81,19,BID
2018-12-17 09:59:52,INTC,47.82,6,ASK
2018-12-17 09:59:53,INTC,47.81,16,BID
2018-12-17 09:59:52,INTC,47.82,16,ASK
2018-12-17 09:59:54,INTC,47.81,5,BID
2018-12-17 09:59:52,INTC,47.82,11,ASK
2018-12-17 09:59:54,INTC,47.8,22,BID
2018-12-17 09:59:55,INTC,47.81,12,ASK
2018-12-17 09:59:55,INTC,47.8,12,BID
2018-12-17 09:59:55,INTC,47.81,10,ASK
2018-12-17 09:59:56,INTC,47.8,12,BID
2018-12-17 09:59:56,INTC,47.81,11,ASK
2018-12-17 09:59:58,INTC,47.8,5,BID
2018-12-17 09:59:56,INTC,47.81,19,ASK
2018-12-17 09:59:50,INTC,47.79,26,BID
2018-12-17 09:59:59,INTC,47.8,13,ASK
2018-12-17 09:59:50,INTC,47.79,27,BID
2018-12-17 10:00:00,INTC,47.8,12,ASK
2018-12-17 10:00:00,INTC,47.78,10,BID
2018-12-17 10:00:00,INTC,47.79,22,ASK
2018-12-17 10:00:00,INTC,47.77,27,BID
2018-12-17 10:00:01,INTC,47.78,29,ASK
2018-12-17 10:00:02,INTC,47.77,7,BID
2018-12-17 10:00:02,INTC,47.78,17,ASK
2018-12-17 10:00:02,INTC,47.77,13,BID
2018-12-17 10:00:02,INTC,47.78,9,ASK
2018-12-17 10:00:03,INTC,47.77,13,BID
2018-12-17 10:00:03,INTC,47.78,8,ASK
2018-12-17 10:00:04,INTC,47.77,20,BID
2018-12-17 10:00:04,INTC,47.78,12,ASK
2018-12-17 10:00:05,INTC,47.79,32,BID
2018-12-17 10:00:05,INTC,47.8,12,ASK
2018-12-17 10:00:07,INTC,47.79,25,BID
2018-12-17 10:00:07,INTC,47.79,3,ASK
2018-12-17 10:00:04,INTC,47.77,20,BID
2018-12-17 10:00:07,INTC,47.78,8,ASK
2018-12-17 10:00:08,INTC,47.79,30,BID
2018-12-17 10:00:06,INTC,47.8,12,ASK
2018-12-17 10:00:08,INTC,47.79,4,BID
2018-12-17 10:00:08,INTC,47.8,14,ASK
2018-12-17 10:00:09,INTC,47.78,34,BID
2018-12-17 10:00:09,INTC,47.79,12,ASK
2018-12-17 10:00:09,INTC,47.78,11,BID
2018-12-17 10:00:09,INTC,47.78,19,ASK
2018-12-17 10:00:10,INTC,47.77,2,BID
2018-12-17 10:00:10,INTC,47.77,9,ASK
2018-12-17 10:00:12,INTC,47.77,41,BID
2018-12-17 10:00:12,INTC,47.78,17,ASK
2018-12-17 10:00:14,INTC,47.77,17,BID
2018-12-17 10:00:14,INTC,47.78,17,ASK
2018-12-17 10:00:15,INTC,47.78,10,BID
2018-12-17 10:00:15,INTC,47.79,5,ASK
2018-12-17 10:00:15,INTC,47.79,15,BID
2018-12-17 10:00:08,INTC,47.8,9,ASK
2018-12-17 10:00:17,INTC,47.79,16,BID
2018-12-17 10:00:08,INTC,47.8,11,ASK
2018-12-17 10:00:17,INTC,47.79,15,BID
2018-12-17 10:00:08,INTC,47.8,11,ASK
2018-12-17 10:00:21,INTC,47.79,16,BID
2018-12-17 10:00:08,INTC,47.8,11,ASK
2018-12-17 10:00:22,INTC,47.79,33,BID
2018-12-17 10:00:08,INTC,47.8,16,ASK
2018-12-17 10:00:23,INTC,47.79,27,BID
2018-12-17 10:00:23,INTC,47.8,14,ASK
2018-12-17 10:00:23,INTC,47.79,27,BID
2018-12-17 10:00:25,INTC,47.8,11,ASK
2018-12-17 10:00:25,INTC,47.78,23,BID
2018-12-17 10:00:25,INTC,47.79,14,ASK
2018-12-17 10:00:14,INTC,47.77,18,BID
2018-12-17 10:00:26,INTC,47.78,12,ASK
2018-12-17 10:00:14,INTC,47.77,12,BID
2018-12-17 10:00:27,INTC,47.78,23,ASK
2018-12-17 10:00:27,INTC,47.77,19,BID
2018-12-17 10:00:27,INTC,47.78,18,ASK
2018-12-17 10:00:29,INTC,47.77,23,BID
2018-12-17 10:00:29,INTC,47.78,26,ASK
2018-12-17 10:00:30,INTC,47.78,90,BID
2018-12-17 10:00:30,INTC,47.79,25,ASK
2018-12-17 10:00:32,INTC,47.78,49,BID
2018-12-17 10:00:30,INTC,47.79,24,ASK
2018-12-17 10:00:32,INTC,47.78,49,BID
2018-12-17 10:00:30,INTC,47.79,22,ASK
2018-12-17 10:00:34,INTC,47.78,47,BID
2018-12-17 10:00:30,INTC,47.79,24,ASK
2018-12-17 10:00:35,INTC,47.78,39,BID
2018-12-17 10:00:30,INTC,47.79,29,ASK
2018-12-17 10:00:29,INTC,47.77,26,BID
2018-12-17 10:00:36,INTC,47.78,5,ASK
2018-12-17 10:00:37,INTC,47.78,28,BID
2018-12-17 10:00:30,INTC,47.79,29,ASK
2018-12-17 10:00:37,INTC,47.78,27,BID
2018-12-17 10:00:30,INTC,47.79,32,ASK
2018-12-17 10:00:38,INTC,47.78,43,BID
2018-12-17 10:00:30,INTC,47.79,32,ASK
2018-12-17 10:00:38,INTC,47.78,43,BID
2018-12-17 10:00:30,INTC,47.79,31,ASK
2018-12-17 10:00:38,INTC,47.78,43,BID
2018-12-17 10:00:30,INTC,47.79,31,ASK
2018-12-17 10:00:38,INTC,47.78,44,BID
2018-12-17 10:00:30,INTC,47.79,31,ASK
2018-12-17 10:00:43,INTC,47.79,104,BID
2018-12-17 10:00:42,INTC,47.8,21,ASK
2018-12-17 10:00:44,INTC,47.79,63,BID
2018-12-17 10:00:42,INTC,47.8,24,ASK
2018-12-17 10:00:44,INTC,47.79,55,BID
2018-12-17 10:00:42,INTC,47.8,23,ASK
2018-12-17 10:00:44,INTC,47.79,55,BID
2018-12-17 10:00:42,INTC,47.8,23,ASK
2018-12-17 10:00:44,INTC,47.79,66,BID
2018-12-17 10:00:42,INTC,47.8,22,ASK
2018-12-17 10:00:47,INTC,47.8,48,BID
2018-12-17 10:00:47,INTC,47.81,17,ASK
2018-12-17 10:00:48,INTC,47.81,43,BID
2018-12-17 10:00:48,INTC,47.82,38,ASK
2018-12-17 10:00:50,INTC,47.81,35,BID
2018-12-17 10:00:49,INTC,47.82,22,ASK
2018-12-17 10:00:51,INTC,47.81,35,BID
2018-12-17 10:00:50,INTC,47.82,28,ASK
2018-12-17 10:00:52,INTC,47.81,33,BID
2018-12-17 10:00:52,INTC,47.82,28,ASK
2018-12-17 10:00:52,INTC,47.81,34,BID
2018-12-17 10:00:53,INTC,47.82,28,ASK
2018-12-17 10:00:52,INTC,47.81,74,BID
2018-12-17 10:00:53,INTC,47.82,21,ASK
2018-12-17 10:00:54,INTC,47.82,69,BID
2018-12-17 10:00:54,INTC,47.83,24,ASK
2018-12-17 10:00:55,INTC,47.84,17,BID
2018-12-17 09:45:33,INTC,47.85,43,ASK
2018-12-17 10:00:56,INTC,47.84,13,BID
2018-12-17 10:00:55,INTC,47.85,36,ASK
2018-12-17 10:00:57,INTC,47.84,14,BID
2018-12-17 10:00:56,INTC,47.85,32,ASK
2018-12-17 10:00:57,INTC,47.84,25,BID
2018-12-17 10:00:56,INTC,47.85,30,ASK
2018-12-17 10:00:57,INTC,47.84,24,BID
2018-12-17 10:00:56,INTC,47.85,31,ASK
2018-12-17 10:00:57,INTC,47.84,23,BID
2018-12-17 10:01:00,INTC,47.85,31,ASK
2018-12-17 10:00:57,INTC,47.84,20,BID
2018-12-17 10:01:02,INTC,47.85,37,ASK
2018-12-17 10:00:55,INTC,47.83,59,BID
2018-12-17 10:01:03,INTC,47.84,16,ASK
2018-12-17 10:00:55,INTC,47.83,55,BID
2018-12-17 10:01:04,INTC,47.84,82,ASK
2018-12-17 10:00:55,INTC,47.83,50,BID
2018-12-17 10:01:04,INTC,47.84,39,ASK
2018-12-17 10:00:55,INTC,47.83,50,BID
2018-12-17 10:01:04,INTC,47.84,28,ASK
2018-12-17 10:00:55,INTC,47.83,52,BID
2018-12-17 10:01:04,INTC,47.84,30,ASK
2018-12-17 10:00:55,INTC,47.83,52,BID
2018-12-17 10:01:04,INTC,47.84,27,ASK
2018-12-17 10:01:09,INTC,47.84,26,BID
2018-12-17 10:01:03,INTC,47.85,66,ASK
2018-12-17 10:01:10,INTC,47.84,17,BID
2018-12-17 10:01:03,INTC,47.85,59,ASK
2018-12-17 10:01:11,INTC,47.84,18,BID
2018-12-17 10:01:03,INTC,47.85,57,ASK
2018-12-17 10:01:12,INTC,47.84,24,BID
2018-12-17 10:01:03,INTC,47.85,42,ASK
2018-12-17 10:01:12,INTC,47.85,61,BID
2018-12-17 09:45:25,INTC,47.86,23,ASK
2018-12-17 10:01:14,INTC,47.85,65,BID
2018-12-17 10:01:13,INTC,47.86,42,ASK
2018-12-17 10:01:14,INTC,47.85,36,BID
2018-12-17 10:01:14,INTC,47.86,39,ASK
2018-12-17 10:01:16,INTC,47.85,39,BID
2018-12-17 10:01:14,INTC,47.86,38,ASK
2018-12-17 10:01:16,INTC,47.85,41,BID
2018-12-17 10:01:14,INTC,47.86,38,ASK
2018-12-17 10:01:16,INTC,47.85,42,BID
2018-12-17 10:01:14,INTC,47.86,36,ASK
2018-12-17 10:01:16,INTC,47.85,43,BID
2018-12-17 10:01:14,INTC,47.86,34,ASK
2018-12-17 10:01:16,INTC,47.85,46,BID
2018-12-17 10:01:14,INTC,47.86,37,ASK
2018-12-17 10:01:16,INTC,47.85,46,BID
2018-12-17 10:01:21,INTC,47.86,31,ASK
2018-12-17 10:01:16,INTC,47.85,45,BID
2018-12-17 10:01:21,INTC,47.86,33,ASK
2018-12-17 10:01:16,INTC,47.85,47,BID
2018-12-17 10:01:21,INTC,47.86,31,ASK
2018-12-17 10:01:16,INTC,47.85,56,BID
2018-12-17 10:01:21,INTC,47.86,29,ASK
2018-12-17 10:01:24,INTC,47.86,41,BID
2018-12-17 10:01:24,INTC,47.87,37,ASK
2018-12-17 10:01:25,INTC,47.86,40,BID
2018-12-17 10:01:25,INTC,47.87,33,ASK
2018-12-17 10:01:27,INTC,47.86,41,BID
2018-12-17 10:01:26,INTC,47.87,32,ASK
2018-12-17 10:01:27,INTC,47.86,37,BID
2018-12-17 10:01:26,INTC,47.87,38,ASK
2018-12-17 10:01:28,INTC,47.86,37,BID
2018-12-17 10:01:26,INTC,47.87,36,ASK
2018-12-17 10:01:28,INTC,47.86,36,BID
2018-12-17 10:01:26,INTC,47.87,35,ASK
2018-12-17 10:01:28,INTC,47.86,36,BID
2018-12-17 10:01:26,INTC,47.87,35,ASK
2018-12-17 10:01:28,INTC,47.86,38,BID
2018-12-17 10:01:26,INTC,47.87,35,ASK
2018-12-17 10:01:32,INTC,47.87,65,BID
2018-12-17 10:01:33,INTC,47.88,26,ASK
2018-12-17 10:01:32,INTC,47.87,64,BID
2018-12-17 10:01:34,INTC,47.88,29,ASK
2018-12-17 10:01:34,INTC,47.87,48,BID
2018-12-17 10:01:34,INTC,47.88,30,ASK
2018-12-17 10:01:34,INTC,47.87,47,BID
2018-12-17 10:01:34,INTC,47.88,30,ASK
2018-12-17 10:01:36,INTC,47.87,50,BID
2018-12-17 10:01:37,INTC,47.88,26,ASK
2018-12-17 10:01:37,INTC,47.87,56,BID
2018-12-17 10:01:37,INTC,47.88,24,ASK
2018-12-17 10:01:38,INTC,47.88,5,BID
2018-12-17 10:01:38,INTC,47.89,32,ASK
2018-12-17 10:01:40,INTC,47.88,16,BID
2018-12-17 10:01:40,INTC,47.88,25,ASK
2018-12-17 10:01:37,INTC,47.87,34,BID
2018-12-17 10:01:40,INTC,47.88,32,ASK
2018-12-17 10:01:37,INTC,47.87,37,BID
2018-12-17 10:01:42,INTC,47.88,36,ASK
2018-12-17 10:01:37,INTC,47.87,39,BID
2018-12-17 10:01:42,INTC,47.88,41,ASK
2018-12-17 10:01:37,INTC,47.87,37,BID
2018-12-17 10:01:42,INTC,47.88,42,ASK
2018-12-17 10:01:37,INTC,47.87,49,BID
2018-12-17 10:01:42,INTC,47.88,41,ASK
2018-12-17 10:01:37,INTC,47.87,49,BID
2018-12-17 10:01:42,INTC,47.88,42,ASK
2018-12-17 10:01:37,INTC,47.87,41,BID
2018-12-17 10:01:47,INTC,47.88,42,ASK
2018-12-17 10:01:37,INTC,47.87,42,BID
2018-12-17 10:01:47,INTC,47.88,42,ASK
2018-12-17 10:01:37,INTC,47.87,57,BID
2018-12-17 10:01:47,INTC,47.88,35,ASK
2018-12-17 10:01:37,INTC,47.87,56,BID
2018-12-17 10:01:50,INTC,47.88,32,ASK
2018-12-17 10:01:37,INTC,47.87,44,BID
2018-12-17 10:01:50,INTC,47.88,25,ASK
2018-12-17 10:01:37,INTC,47.87,45,BID
2018-12-17 10:01:51,INTC,47.88,28,ASK
2018-12-17 10:01:37,INTC,47.87,46,BID
2018-12-17 10:01:51,INTC,47.88,31,ASK
2018-12-17 10:01:37,INTC,47.87,41,BID
2018-12-17 10:01:54,INTC,47.88,32,ASK
2018-12-17 10:01:37,INTC,47.87,29,BID
2018-12-17 10:01:54,INTC,47.88,61,ASK
2018-12-17 10:01:55,INTC,47.87,135,BID
2018-12-17 10:01:54,INTC,47.88,48,ASK
2018-12-17 10:01:56,INTC,47.88,52,BID
2018-12-17 10:01:55,INTC,47.89,44,ASK
2018-12-17 10:01:56,INTC,47.88,52,BID
2018-12-17 10:01:55,INTC,47.89,42,ASK
2018-12-17 10:01:56,INTC,47.88,56,BID
2018-12-17 10:01:55,INTC,47.89,43,ASK
2018-12-17 10:02:00,INTC,47.89,25,BID
2018-12-17 09:41:10,INTC,47.9,34,ASK
2018-12-17 10:02:00,INTC,47.89,23,BID
2018-12-17 09:41:10,INTC,47.9,35,ASK
2018-12-17 10:02:02,INTC,47.89,35,BID
2018-12-17 10:02:02,INTC,47.9,31,ASK
2018-12-17 10:02:03,INTC,47.89,40,BID
2018-12-17 10:02:03,INTC,47.9,33,ASK
2018-12-17 10:01:56,INTC,47.88,50,BID
2018-12-17 10:02:04,INTC,47.89,16,ASK
2018-12-17 10:02:04,INTC,47.88,52,BID
2018-12-17 10:02:04,INTC,47.89,24,ASK
2018-12-17 10:02:06,INTC,47.87,62,BID
2018-12-17 10:02:06,INTC,47.88,23,ASK
2018-12-17 10:02:07,INTC,47.87,76,BID
2018-12-17 10:02:06,INTC,47.88,15,ASK
2018-12-17 10:02:08,INTC,47.89,39,BID
2018-12-17 10:02:04,INTC,47.9,31,ASK
2018-12-17 10:02:08,INTC,47.89,38,BID
2018-12-17 10:02:04,INTC,47.9,33,ASK
2018-12-17 10:02:10,INTC,47.88,41,BID
2018-12-17 10:02:10,INTC,47.89,25,ASK
2018-12-17 10:02:11,INTC,47.87,53,BID
2018-12-17 10:02:11,INTC,47.88,14,ASK
2018-12-17 10:02:11,INTC,47.87,50,BID
2018-12-17 10:02:12,INTC,47.88,20,ASK
2018-12-17 10:02:11,INTC,47.87,50,BID
2018-12-17 10:02:12,INTC,47.88,20,ASK
2018-12-17 10:02:11,INTC,47.87,50,BID
2018-12-17 10:02:12,INTC,47.88,19,ASK
2018-12-17 10:02:11,INTC,47.87,51,BID
2018-12-17 10:02:15,INTC,47.88,20,ASK
2018-12-17 10:02:16,INTC,47.87,37,BID
2018-12-17 10:02:16,INTC,47.87,3,ASK
2018-12-17 10:02:16,INTC,47.86,48,BID
2018-12-17 10:02:16,INTC,47.87,15,ASK
2018-12-17 10:02:17,INTC,47.87,40,BID
2018-12-17 10:02:17,INTC,47.88,25,ASK
2018-12-17 10:02:17,INTC,47.87,40,BID
2018-12-17 10:02:17,INTC,47.88,25,ASK
2018-12-17 10:02:19,INTC,47.87,63,BID
2018-12-17 10:02:19,INTC,47.88,30,ASK
2018-12-17 10:02:20,INTC,47.88,66,BID
2018-12-17 10:02:21,INTC,47.89,23,ASK
2018-12-17 10:02:22,INTC,47.88,73,BID
2018-12-17 10:02:22,INTC,47.89,22,ASK
2018-12-17 10:02:22,INTC,47.88,73,BID
2018-12-17 10:02:22,INTC,47.89,20,ASK
2018-12-17 10:02:23,INTC,47.88,56,BID
2018-12-17 10:02:24,INTC,47.89,17,ASK
2018-12-17 10:02:25,INTC,47.88,57,BID
2018-12-17 10:02:25,INTC,47.89,24,ASK
2018-12-17 10:02:25,INTC,47.88,53,BID
2018-12-17 10:02:25,INTC,47.89,22,ASK
2018-12-17 10:02:25,INTC,47.88,56,BID
2018-12-17 10:02:25,INTC,47.89,25,ASK
2018-12-17 10:02:28,INTC,47.88,55,BID
2018-12-17 10:02:28,INTC,47.89,28,ASK
2018-12-17 10:02:28,INTC,47.87,52,BID
2018-12-17 10:02:28,INTC,47.88,66,ASK
2018-12-17 10:02:30,INTC,47.88,9,BID
2018-12-17 10:02:28,INTC,47.89,34,ASK
2018-12-17 10:02:29,INTC,47.87,53,BID
2018-12-17 10:02:31,INTC,47.88,9,ASK
2018-12-17 10:02:32,INTC,47.87,42,BID
2018-12-17 10:02:32,INTC,47.88,7,ASK
2018-12-17 10:02:33,INTC,47.87,42,BID
2018-12-17 10:02:33,INTC,47.88,6,ASK
2018-12-17 10:02:34,INTC,47.88,4,BID
2018-12-17 10:02:28,INTC,47.89,38,ASK
2018-12-17 10:02:35,INTC,47.88,75,BID
2018-12-17 10:02:28,INTC,47.89,30,ASK
2018-12-17 10:02:35,INTC,47.89,41,BID
2018-12-17 10:02:35,INTC,47.9,36,ASK
2018-12-17 10:02:35,INTC,47.88,62,BID
2018-12-17 10:02:37,INTC,47.89,16,ASK
2018-12-17 10:02:35,INTC,47.88,63,BID
2018-12-17 10:02:37,INTC,47.89,15,ASK
2018-12-17 10:02:35,INTC,47.88,59,BID
2018-12-17 10:02:38,INTC,47.89,23,ASK
2018-12-17 10:02:40,INTC,47.88,59,BID
2018-12-17 10:02:40,INTC,47.89,41,ASK
2018-12-17 10:02:33,INTC,47.87,31,BID
2018-12-17 10:02:40,INTC,47.88,31,ASK
