timestamp,ticker,price,volume,bid_ask
2018-12-17 09:40:35,JNJ,128.07,5,BID
2018-12-17 09:40:36,JNJ,128.14,3,ASK
2018-12-17 09:40:36,JNJ,128.12,2,BID
2018-12-17 09:40:36,JNJ,128.14,3,ASK
2018-12-17 09:40:37,JNJ,128.13,2,BID
2018-12-17 09:40:37,JNJ,128.19,4,ASK
2018-12-17 09:40:38,JNJ,128.13,2,BID
2018-12-17 09:40:38,JNJ,128.19,4,ASK
2018-12-17 09:40:40,JNJ,128.27,6,BID
2018-12-17 09:40:40,JNJ,128.35,4,ASK
2018-12-17 09:40:40,JNJ,128.29,3,BID
2018-12-17 09:40:40,JNJ,128.42,1,ASK
2018-12-17 09:40:41,JNJ,128.3,2,BID
2018-12-17 09:40:41,JNJ,128.42,2,ASK
2018-12-17 09:40:42,JNJ,128.3,4,BID
2018-12-17 09:40:42,JNJ,128.42,2,ASK
2018-12-17 09:40:43,JNJ,128.32,2,BID
2018-12-17 09:40:43,JNJ,128.46,4,ASK
2018-12-17 09:40:45,JNJ,128.14,6,BID
2018-12-17 09:40:45,JNJ,128.34,10,ASK
2018-12-17 09:40:46,JNJ,128.17,1,BID
2018-12-17 09:40:46,JNJ,128.32,3,ASK
2018-12-17 09:40:47,JNJ,128.23,2,BID
2018-12-17 09:40:47,JNJ,128.27,1,ASK
2018-12-17 09:40:47,JNJ,128.24,5,BID
2018-12-17 09:40:47,JNJ,128.27,3,ASK
2018-12-17 09:40:48,JNJ,128.17,16,BID
2018-12-17 09:40:48,JNJ,128.26,5,ASK
2018-12-17 09:40:49,JNJ,128.1,3,BID
2018-12-17 09:40:49,JNJ,128.21,6,ASK
2018-12-17 09:40:49,JNJ,128.1,3,BID
2018-12-17 09:40:50,JNJ,128.2,2,ASK
2018-12-17 09:40:51,JNJ,128.11,2,BID
2018-12-17 09:40:51,JNJ,128.16,1,ASK
2018-12-17 09:40:52,JNJ,128.11,1,BID
2018-12-17 09:40:52,JNJ,128.16,2,ASK
2018-12-17 09:40:49,JNJ,128.1,3,BID
2018-12-17 09:40:53,JNJ,128.16,4,ASK
2018-12-17 09:40:55,JNJ,128.11,4,BID
2018-12-17 09:40:55,JNJ,128.19,2,ASK
2018-12-17 09:40:56,JNJ,128.14,3,BID
2018-12-17 09:40:56,JNJ,128.19,4,ASK
2018-12-17 09:40:56,JNJ,128.14,10,BID
2018-12-17 09:40:57,JNJ,128.2,2,ASK
2018-12-17 09:40:58,JNJ,128.19,4,BID
2018-12-17 09:40:58,JNJ,128.34,12,ASK
2018-12-17 09:40:59,JNJ,128.35,2,BID
2018-12-17 09:40:59,JNJ,128.39,2,ASK
2018-12-17 09:41:00,JNJ,128.35,3,BID
2018-12-17 09:40:59,JNJ,128.39,2,ASK
2018-12-17 09:41:01,JNJ,128.26,2,BID
2018-12-17 09:41:01,JNJ,128.35,1,ASK
2018-12-17 09:41:01,JNJ,128.25,6,BID
2018-12-17 09:41:01,JNJ,128.3,1,ASK
2018-12-17 09:41:02,JNJ,128.25,8,BID
2018-12-17 09:41:02,JNJ,128.3,1,ASK
2018-12-17 09:41:04,JNJ,128.25,7,BID
2018-12-17 09:41:04,JNJ,128.3,3,ASK
2018-12-17 09:41:04,JNJ,128.25,7,BID
2018-12-17 09:41:04,JNJ,128.3,3,ASK
2018-12-17 09:41:05,JNJ,128.15,3,BID
2018-12-17 09:41:05,JNJ,128.22,1,ASK
2018-12-17 09:41:06,JNJ,128.09,8,BID
2018-12-17 09:41:06,JNJ,128.18,2,ASK
2018-12-17 09:41:08,JNJ,128.13,3,BID
2018-12-17 09:41:08,JNJ,128.22,1,ASK
2018-12-17 09:41:08,JNJ,128.12,5,BID
2018-12-17 09:41:08,JNJ,128.21,4,ASK
2018-12-17 09:41:09,JNJ,128.09,8,BID
2018-12-17 09:41:09,JNJ,128.17,1,ASK
2018-12-17 09:41:10,JNJ,128.09,8,BID
2018-12-17 09:41:10,JNJ,128.15,3,ASK
2018-12-17 09:41:11,JNJ,128.07,6,BID
2018-12-17 09:41:11,JNJ,128.14,2,ASK
2018-12-17 09:41:12,JNJ,128.03,3,BID
2018-12-17 09:41:12,JNJ,128.13,3,ASK
2018-12-17 09:41:13,JNJ,127.98,2,BID
2018-12-17 09:41:13,JNJ,128.04,3,ASK
2018-12-17 09:41:14,JNJ,127.95,2,BID
2018-12-17 09:41:14,JNJ,127.98,3,ASK
2018-12-17 09:41:15,JNJ,127.97,1,BID
2018-12-17 09:41:15,JNJ,128.03,5,ASK
2018-12-17 09:41:16,JNJ,127.94,4,BID
2018-12-17 09:41:16,JNJ,128.0,3,ASK
2018-12-17 09:41:17,JNJ,127.9,10,BID
2018-12-17 09:41:17,JNJ,127.94,2,ASK
2018-12-17 09:39:58,JNJ,127.87,5,BID
2018-12-17 09:41:18,JNJ,127.9,9,ASK
2018-12-17 09:41:20,JNJ,127.85,5,BID
2018-12-17 09:41:20,JNJ,127.9,8,ASK
2018-12-17 09:41:21,JNJ,127.85,7,BID
2018-12-17 09:41:20,JNJ,127.9,8,ASK
2018-12-17 09:41:22,JNJ,127.85,12,BID
2018-12-17 09:41:22,JNJ,127.89,4,ASK
2018-12-17 09:41:23,JNJ,127.85,12,BID
2018-12-17 09:41:23,JNJ,127.89,9,ASK
2018-12-17 09:41:23,JNJ,127.85,12,BID
2018-12-17 09:41:23,JNJ,127.87,5,ASK
2018-12-17 09:41:25,JNJ,127.85,13,BID
2018-12-17 09:41:24,JNJ,127.87,3,ASK
2018-12-17 09:41:25,JNJ,127.85,23,BID
2018-12-17 09:41:24,JNJ,127.87,4,ASK
2018-12-17 09:41:27,JNJ,127.97,5,BID
2018-12-17 09:41:16,JNJ,128.0,5,ASK
2018-12-17 09:41:28,JNJ,128.02,1,BID
2018-12-17 09:41:28,JNJ,128.15,2,ASK
2018-12-17 09:41:29,JNJ,128.0,2,BID
2018-12-17 09:41:29,JNJ,128.14,4,ASK
2018-12-17 09:41:30,JNJ,128.0,5,BID
2018-12-17 09:41:30,JNJ,128.14,4,ASK
2018-12-17 09:41:30,JNJ,128.01,9,BID
2018-12-17 09:41:30,JNJ,128.14,6,ASK
2018-12-17 09:41:31,JNJ,128.01,9,BID
2018-12-17 09:41:30,JNJ,128.14,6,ASK
2018-12-17 09:41:32,JNJ,128.14,4,BID
2018-12-17 09:41:32,JNJ,128.22,3,ASK
2018-12-17 09:41:34,JNJ,128.11,6,BID
2018-12-17 09:41:34,JNJ,128.21,3,ASK
2018-12-17 09:41:34,JNJ,128.11,7,BID
2018-12-17 09:41:35,JNJ,128.17,2,ASK
2018-12-17 09:41:36,JNJ,128.01,6,BID
2018-12-17 09:41:36,JNJ,128.11,4,ASK
2018-12-17 09:41:37,JNJ,128.03,4,BID
2018-12-17 09:41:37,JNJ,128.14,3,ASK
2018-12-17 09:41:38,JNJ,128.03,23,BID
2018-12-17 09:41:38,JNJ,128.14,6,ASK
2018-12-17 09:41:38,JNJ,128.04,4,BID
2018-12-17 09:41:38,JNJ,128.12,1,ASK
2018-12-17 09:41:40,JNJ,128.05,3,BID
2018-12-17 09:41:40,JNJ,128.11,2,ASK
2018-12-17 09:41:41,JNJ,128.05,5,BID
2018-12-17 09:41:41,JNJ,128.13,1,ASK
2018-12-17 09:41:42,JNJ,128.12,1,BID
2018-12-17 09:41:42,JNJ,128.17,2,ASK
2018-12-17 09:41:43,JNJ,128.21,13,BID
2018-12-17 09:41:42,JNJ,128.3,16,ASK
2018-12-17 09:41:44,JNJ,128.23,2,BID
2018-12-17 09:41:43,JNJ,128.3,16,ASK
2018-12-17 09:41:42,JNJ,128.17,3,BID
2018-12-17 09:41:45,JNJ,128.23,3,ASK
2018-12-17 09:41:42,JNJ,128.17,5,BID
2018-12-17 09:41:46,JNJ,128.23,2,ASK
2018-12-17 09:41:47,JNJ,128.21,2,BID
2018-12-17 09:41:47,JNJ,128.27,1,ASK
2018-12-17 09:41:48,JNJ,128.21,1,BID
2018-12-17 09:41:48,JNJ,128.29,4,ASK
2018-12-17 09:41:49,JNJ,128.25,20,BID
2018-12-17 09:41:49,JNJ,128.29,4,ASK
2018-12-17 09:41:49,JNJ,128.2,2,BID
2018-12-17 09:41:49,JNJ,128.25,1,ASK
2018-12-17 09:41:51,JNJ,128.1,7,BID
2018-12-17 09:41:51,JNJ,128.2,5,ASK
2018-12-17 09:41:52,JNJ,128.19,3,BID
2018-12-17 09:41:52,JNJ,128.24,3,ASK
2018-12-17 09:41:52,JNJ,128.19,3,BID
2018-12-17 09:41:52,JNJ,128.24,3,ASK
2018-12-17 09:41:53,JNJ,128.19,4,BID
2018-12-17 09:41:53,JNJ,128.24,3,ASK
2018-12-17 09:41:53,JNJ,128.22,3,BID
2018-12-17 09:41:53,JNJ,128.25,1,ASK
2018-12-17 09:41:54,JNJ,128.46,6,BID
2018-12-17 09:41:54,JNJ,128.55,11,ASK
2018-12-17 09:41:56,JNJ,128.4,10,BID
2018-12-17 09:41:56,JNJ,128.49,8,ASK
2018-12-17 09:41:57,JNJ,128.42,2,BID
2018-12-17 09:41:57,JNJ,128.48,5,ASK
2018-12-17 09:41:58,JNJ,128.32,1,BID
2018-12-17 09:41:58,JNJ,128.33,4,ASK
2018-12-17 09:41:59,JNJ,128.42,2,BID
2018-12-17 09:41:59,JNJ,128.46,1,ASK
2018-12-17 09:42:01,JNJ,128.31,6,BID
2018-12-17 09:42:01,JNJ,128.33,1,ASK
2018-12-17 09:42:02,JNJ,128.25,3,BID
2018-12-17 09:42:02,JNJ,128.32,1,ASK
2018-12-17 09:42:03,JNJ,128.25,4,BID
2018-12-17 09:42:03,JNJ,128.28,1,ASK
2018-12-17 09:42:04,JNJ,128.25,4,BID
2018-12-17 09:42:04,JNJ,128.3,2,ASK
2018-12-17 09:42:05,JNJ,128.26,2,BID
2018-12-17 09:42:04,JNJ,128.3,4,ASK
2018-12-17 09:42:06,JNJ,128.26,3,BID
2018-12-17 09:42:05,JNJ,128.3,6,ASK
2018-12-17 09:42:06,JNJ,128.26,4,BID
2018-12-17 09:42:05,JNJ,128.3,6,ASK
2018-12-17 09:42:08,JNJ,128.26,2,BID
2018-12-17 09:42:08,JNJ,128.28,1,ASK
2018-12-17 09:42:09,JNJ,128.27,3,BID
2018-12-17 09:42:09,JNJ,128.3,8,ASK
2018-12-17 09:42:10,JNJ,128.27,3,BID
2018-12-17 09:42:09,JNJ,128.3,10,ASK
2018-12-17 09:42:11,JNJ,128.38,1,BID
2018-12-17 09:42:11,JNJ,128.43,4,ASK
2018-12-17 09:42:12,JNJ,128.5,1,BID
2018-12-17 09:42:12,JNJ,128.55,6,ASK
2018-12-17 09:42:13,JNJ,128.47,2,BID
2018-12-17 09:42:13,JNJ,128.48,3,ASK
2018-12-17 09:42:13,JNJ,128.48,3,BID
2018-12-17 09:42:13,JNJ,128.55,5,ASK
2018-12-17 09:42:13,JNJ,128.48,3,BID
2018-12-17 09:42:13,JNJ,128.55,5,ASK
2018-12-17 09:42:16,JNJ,128.34,3,BID
2018-12-17 09:42:16,JNJ,128.41,2,ASK
2018-12-17 09:42:17,JNJ,128.34,2,BID
2018-12-17 09:42:17,JNJ,128.43,2,ASK
2018-12-17 09:42:18,JNJ,128.34,2,BID
2018-12-17 09:42:18,JNJ,128.39,1,ASK
2018-12-17 09:42:19,JNJ,128.34,1,BID
2018-12-17 09:42:19,JNJ,128.37,2,ASK
2018-12-17 09:42:19,JNJ,128.34,1,BID
2018-12-17 09:42:19,JNJ,128.37,2,ASK
2018-12-17 09:42:20,JNJ,128.34,6,BID
2018-12-17 09:42:20,JNJ,128.39,3,ASK
2018-12-17 09:42:22,JNJ,128.34,8,BID
2018-12-17 09:42:22,JNJ,128.39,4,ASK
2018-12-17 09:42:23,JNJ,128.34,9,BID
2018-12-17 09:42:23,JNJ,128.39,3,ASK
2018-12-17 09:42:24,JNJ,128.34,9,BID
2018-12-17 09:42:24,JNJ,128.39,3,ASK
2018-12-17 09:42:25,JNJ,128.37,1,BID
2018-12-17 09:42:25,JNJ,128.41,2,ASK
2018-12-17 09:42:26,JNJ,128.4,12,BID
2018-12-17 09:42:26,JNJ,128.47,5,ASK
2018-12-17 09:42:26,JNJ,128.42,2,BID
2018-12-17 09:42:26,JNJ,128.47,5,ASK
2018-12-17 09:42:28,JNJ,128.42,2,BID
2018-12-17 09:42:28,JNJ,128.48,5,ASK
2018-12-17 09:42:29,JNJ,128.65,3,BID
2018-12-17 09:42:29,JNJ,128.71,2,ASK
2018-12-17 09:42:30,JNJ,128.56,3,BID
2018-12-17 09:42:30,JNJ,128.69,6,ASK
2018-12-17 09:42:31,JNJ,128.53,5,BID
2018-12-17 09:42:31,JNJ,128.64,3,ASK
2018-12-17 09:42:32,JNJ,128.55,6,BID
2018-12-17 09:42:32,JNJ,128.67,3,ASK
2018-12-17 09:42:33,JNJ,128.57,2,BID
2018-12-17 09:42:33,JNJ,128.64,1,ASK
2018-12-17 09:42:34,JNJ,128.56,2,BID
2018-12-17 09:42:34,JNJ,128.64,3,ASK
2018-12-17 09:42:35,JNJ,128.56,3,BID
2018-12-17 09:42:35,JNJ,128.64,5,ASK
2018-12-17 09:42:35,JNJ,128.57,5,BID
2018-12-17 09:42:35,JNJ,128.64,5,ASK
2018-12-17 09:42:35,JNJ,128.57,5,BID
2018-12-17 09:42:35,JNJ,128.64,5,ASK
2018-12-17 09:42:38,JNJ,128.6,3,BID
2018-12-17 09:42:38,JNJ,128.65,1,ASK
2018-12-17 09:42:39,JNJ,128.73,1,BID
2018-12-17 09:42:39,JNJ,128.74,6,ASK
2018-12-17 09:42:40,JNJ,128.72,1,BID
2018-12-17 09:42:40,JNJ,128.74,9,ASK
2018-12-17 09:42:40,JNJ,128.7,1,BID
2018-12-17 09:42:40,JNJ,128.74,7,ASK
2018-12-17 09:42:38,JNJ,128.65,5,BID
2018-12-17 09:42:41,JNJ,128.7,1,ASK
2018-12-17 09:42:43,JNJ,128.58,4,BID
2018-12-17 09:42:43,JNJ,128.65,3,ASK
2018-12-17 09:42:44,JNJ,128.6,2,BID
2018-12-17 09:42:44,JNJ,128.65,1,ASK
2018-12-17 09:42:45,JNJ,128.6,2,BID
2018-12-17 09:42:45,JNJ,128.65,3,ASK
2018-12-17 09:42:46,JNJ,128.61,3,BID
2018-12-17 09:42:45,JNJ,128.65,3,ASK
2018-12-17 09:42:47,JNJ,128.66,1,BID
2018-12-17 09:42:47,JNJ,128.68,1,ASK
2018-12-17 09:42:48,JNJ,128.69,2,BID
2018-12-17 09:42:41,JNJ,128.74,7,ASK
2018-12-17 09:42:49,JNJ,128.69,5,BID
2018-12-17 09:42:49,JNJ,128.74,1,ASK
2018-12-17 09:42:50,JNJ,128.69,6,BID
2018-12-17 09:42:50,JNJ,128.74,2,ASK
2018-12-17 09:42:51,JNJ,128.65,5,BID
2018-12-17 09:42:51,JNJ,128.71,1,ASK
2018-12-17 09:42:52,JNJ,128.66,1,BID
2018-12-17 09:42:52,JNJ,128.68,2,ASK
2018-12-17 09:42:53,JNJ,128.59,3,BID
2018-12-17 09:42:53,JNJ,128.65,3,ASK
2018-12-17 09:42:43,JNJ,128.58,6,BID
2018-12-17 09:42:54,JNJ,128.65,5,ASK
2018-12-17 09:42:43,JNJ,128.58,6,BID
2018-12-17 09:42:54,JNJ,128.64,3,ASK
2018-12-17 09:42:56,JNJ,128.55,4,BID
2018-12-17 09:42:56,JNJ,128.61,7,ASK
2018-12-17 09:42:57,JNJ,128.59,3,BID
2018-12-17 09:42:54,JNJ,128.65,4,ASK
2018-12-17 09:42:58,JNJ,128.6,4,BID
2018-12-17 09:42:58,JNJ,128.65,6,ASK
2018-12-17 09:42:59,JNJ,128.61,1,BID
2018-12-17 09:42:58,JNJ,128.65,7,ASK
2018-12-17 09:43:00,JNJ,128.61,2,BID
2018-12-17 09:43:00,JNJ,128.65,9,ASK
2018-12-17 09:43:01,JNJ,128.76,3,BID
2018-12-17 09:43:01,JNJ,128.81,8,ASK
2018-12-17 09:43:02,JNJ,128.87,3,BID
2018-12-17 09:43:02,JNJ,128.88,5,ASK
2018-12-17 09:43:03,JNJ,128.71,1,BID
2018-12-17 09:43:03,JNJ,128.79,2,ASK
2018-12-17 09:43:04,JNJ,128.84,2,BID
2018-12-17 09:43:04,JNJ,128.88,3,ASK
2018-12-17 09:43:05,JNJ,128.76,5,BID
2018-12-17 09:43:05,JNJ,128.83,1,ASK
2018-12-17 09:43:06,JNJ,128.76,4,BID
2018-12-17 09:43:06,JNJ,128.8,3,ASK
2018-12-17 09:43:07,JNJ,128.79,3,BID
2018-12-17 09:43:07,JNJ,128.83,1,ASK
2018-12-17 09:43:08,JNJ,128.93,3,BID
2018-12-17 09:43:08,JNJ,128.98,4,ASK
2018-12-17 09:43:09,JNJ,128.91,5,BID
2018-12-17 09:43:09,JNJ,128.99,11,ASK
2018-12-17 09:43:10,JNJ,128.91,1,BID
2018-12-17 09:43:10,JNJ,128.98,1,ASK
2018-12-17 09:43:11,JNJ,128.91,3,BID
2018-12-17 09:43:11,JNJ,128.99,6,ASK
2018-12-17 09:43:11,JNJ,128.91,4,BID
2018-12-17 09:34:29,JNJ,128.99,6,ASK
2018-12-17 09:43:13,JNJ,128.92,6,BID
2018-12-17 09:43:13,JNJ,128.95,2,ASK
2018-12-17 09:43:14,JNJ,128.87,4,BID
2018-12-17 09:43:14,JNJ,128.92,2,ASK
2018-12-17 09:43:08,JNJ,128.81,12,BID
2018-12-17 09:43:15,JNJ,128.9,2,ASK
2018-12-17 09:43:08,JNJ,128.81,12,BID
2018-12-17 09:43:16,JNJ,128.82,1,ASK
2018-12-17 09:43:17,JNJ,128.84,1,BID
2018-12-17 09:43:17,JNJ,128.88,5,ASK
2018-12-17 09:43:17,JNJ,128.84,1,BID
2018-12-17 09:43:17,JNJ,128.88,5,ASK
2018-12-17 09:43:08,JNJ,128.81,11,BID
2018-12-17 09:43:19,JNJ,128.84,4,ASK
2018-12-17 09:43:08,JNJ,128.81,7,BID
2018-12-17 09:43:19,JNJ,128.84,4,ASK
2018-12-17 09:43:08,JNJ,128.81,7,BID
2018-12-17 09:43:19,JNJ,128.84,4,ASK
2018-12-17 09:43:05,JNJ,128.76,5,BID
2018-12-17 09:43:20,JNJ,128.8,2,ASK
2018-12-17 09:43:05,JNJ,128.76,5,BID
2018-12-17 09:43:20,JNJ,128.8,2,ASK
2018-12-17 09:43:05,JNJ,128.76,5,BID
2018-12-17 09:43:21,JNJ,128.83,4,ASK
2018-12-17 09:43:05,JNJ,128.76,5,BID
2018-12-17 09:43:21,JNJ,128.83,4,ASK
2018-12-17 09:43:05,JNJ,128.76,5,BID
2018-12-17 09:43:22,JNJ,128.83,4,ASK
2018-12-17 09:43:05,JNJ,128.76,4,BID
2018-12-17 09:43:22,JNJ,128.83,5,ASK
2018-12-17 09:43:05,JNJ,128.76,6,BID
2018-12-17 09:43:23,JNJ,128.86,3,ASK
2018-12-17 09:43:24,JNJ,128.79,2,BID
2018-12-17 09:43:24,JNJ,128.86,7,ASK
2018-12-17 09:43:25,JNJ,128.78,1,BID
2018-12-17 09:43:25,JNJ,128.85,1,ASK
2018-12-17 09:43:26,JNJ,128.81,3,BID
2018-12-17 09:43:26,JNJ,128.86,9,ASK
2018-12-17 09:43:28,JNJ,128.86,1,BID
2018-12-17 09:43:28,JNJ,128.9,5,ASK
2018-12-17 09:43:29,JNJ,128.84,1,BID
2018-12-17 09:43:29,JNJ,128.86,3,ASK
2018-12-17 09:43:30,JNJ,128.84,2,BID
2018-12-17 09:43:29,JNJ,128.9,6,ASK
2018-12-17 09:43:31,JNJ,128.84,4,BID
2018-12-17 09:43:29,JNJ,128.9,6,ASK
2018-12-17 09:43:32,JNJ,128.92,1,BID
2018-12-17 09:43:32,JNJ,128.97,2,ASK
2018-12-17 09:43:34,JNJ,128.93,1,BID
2018-12-17 09:43:34,JNJ,128.98,7,ASK
2018-12-17 09:43:36,JNJ,128.92,5,BID
2018-12-17 09:43:36,JNJ,128.99,10,ASK
2018-12-17 09:43:37,JNJ,128.93,1,BID
2018-12-17 09:43:37,JNJ,128.98,1,ASK
2018-12-17 09:43:38,JNJ,128.87,3,BID
2018-12-17 09:43:38,JNJ,128.92,4,ASK
2018-12-17 09:43:39,JNJ,128.87,3,BID
2018-12-17 09:43:39,JNJ,128.92,4,ASK
2018-12-17 09:43:39,JNJ,128.87,3,BID
2018-12-17 09:43:39,JNJ,128.92,2,ASK
2018-12-17 09:43:41,JNJ,128.91,1,BID
2018-12-17 09:43:41,JNJ,128.94,1,ASK
2018-12-17 09:43:41,JNJ,128.9,3,BID
2018-12-17 09:43:41,JNJ,128.95,6,ASK
2018-12-17 09:43:43,JNJ,128.83,4,BID
2018-12-17 09:43:43,JNJ,128.9,3,ASK
2018-12-17 09:43:46,JNJ,128.83,4,BID
2018-12-17 09:43:46,JNJ,128.84,3,ASK
2018-12-17 09:43:47,JNJ,128.83,3,BID
2018-12-17 09:43:47,JNJ,128.9,6,ASK
2018-12-17 09:43:48,JNJ,128.85,1,BID
2018-12-17 09:43:48,JNJ,128.91,8,ASK
2018-12-17 09:43:49,JNJ,128.89,1,BID
2018-12-17 09:43:49,JNJ,128.97,1,ASK
2018-12-17 09:43:50,JNJ,128.84,3,BID
2018-12-17 09:43:50,JNJ,128.94,1,ASK
2018-12-17 09:43:51,JNJ,128.86,1,BID
2018-12-17 09:43:51,JNJ,128.94,8,ASK
2018-12-17 09:43:52,JNJ,128.85,4,BID
2018-12-17 09:43:52,JNJ,128.93,1,ASK
2018-12-17 09:43:53,JNJ,128.81,6,BID
2018-12-17 09:43:53,JNJ,128.86,3,ASK
2018-12-17 09:43:54,JNJ,128.77,1,BID
2018-12-17 09:43:54,JNJ,128.83,7,ASK
2018-12-17 09:43:56,JNJ,128.77,1,BID
2018-12-17 09:43:56,JNJ,128.81,4,ASK
2018-12-17 09:43:56,JNJ,128.78,2,BID
2018-12-17 09:43:56,JNJ,128.85,1,ASK
2018-12-17 09:43:57,JNJ,128.83,1,BID
2018-12-17 09:43:57,JNJ,128.92,5,ASK
2018-12-17 09:43:58,JNJ,128.83,2,BID
2018-12-17 09:43:58,JNJ,128.92,5,ASK
2018-12-17 09:44:00,JNJ,128.87,1,BID
2018-12-17 09:44:00,JNJ,128.9,1,ASK
2018-12-17 09:44:00,JNJ,128.82,7,BID
2018-12-17 09:44:00,JNJ,128.87,2,ASK
2018-12-17 09:44:01,JNJ,128.78,3,BID
2018-12-17 09:44:01,JNJ,128.83,1,ASK
2018-12-17 09:44:02,JNJ,128.78,3,BID
2018-12-17 09:44:02,JNJ,128.83,4,ASK
2018-12-17 09:44:03,JNJ,128.78,3,BID
2018-12-17 09:44:03,JNJ,128.82,4,ASK
2018-12-17 09:44:04,JNJ,128.8,10,BID
2018-12-17 09:44:04,JNJ,128.81,1,ASK
2018-12-17 09:44:05,JNJ,128.8,10,BID
2018-12-17 09:44:05,JNJ,128.84,2,ASK
2018-12-17 09:44:06,JNJ,128.81,2,BID
2018-12-17 09:44:06,JNJ,128.85,1,ASK
2018-12-17 09:44:06,JNJ,128.84,3,BID
2018-12-17 09:44:06,JNJ,128.88,6,ASK
2018-12-17 09:44:07,JNJ,128.84,4,BID
2018-12-17 09:44:07,JNJ,128.88,4,ASK
2018-12-17 09:44:08,JNJ,128.88,5,BID
2018-12-17 09:44:08,JNJ,128.95,1,ASK
2018-12-17 09:44:09,JNJ,128.91,1,BID
2018-12-17 09:44:09,JNJ,128.98,7,ASK
2018-12-17 09:44:10,JNJ,128.92,3,BID
2018-12-17 09:43:36,JNJ,128.99,9,ASK
2018-12-17 09:44:11,JNJ,128.92,4,BID
2018-12-17 09:34:29,JNJ,128.99,8,ASK
2018-12-17 09:44:12,JNJ,128.92,6,BID
2018-12-17 09:34:29,JNJ,128.99,6,ASK
2018-12-17 09:44:14,JNJ,128.89,3,BID
2018-12-17 09:44:14,JNJ,128.96,1,ASK
2018-12-17 09:44:15,JNJ,128.92,3,BID
2018-12-17 09:44:15,JNJ,128.97,3,ASK
2018-12-17 09:44:16,JNJ,128.93,5,BID
2018-12-17 09:34:29,JNJ,128.99,8,ASK
2018-12-17 09:44:18,JNJ,128.94,2,BID
2018-12-17 09:44:17,JNJ,129.07,5,ASK
2018-12-17 09:44:19,JNJ,128.96,2,BID
2018-12-17 09:44:19,JNJ,129.07,10,ASK
2018-12-17 09:44:20,JNJ,129.07,1,BID
2018-12-17 09:34:16,JNJ,129.18,4,ASK
2018-12-17 09:44:21,JNJ,129.22,7,BID
2018-12-17 09:44:21,JNJ,129.3,2,ASK
2018-12-17 09:44:21,JNJ,129.29,6,BID
2018-12-17 09:44:21,JNJ,129.43,1,ASK
2018-12-17 09:44:22,JNJ,129.35,2,BID
2018-12-17 09:44:22,JNJ,129.45,8,ASK
2018-12-17 09:44:24,JNJ,129.38,6,BID
2018-12-17 09:44:24,JNJ,129.47,4,ASK
2018-12-17 09:44:25,JNJ,129.34,4,BID
2018-12-17 09:44:25,JNJ,129.47,2,ASK
2018-12-17 09:44:25,JNJ,129.38,5,BID
2018-12-17 09:44:25,JNJ,129.45,3,ASK
2018-12-17 09:44:27,JNJ,129.39,5,BID
2018-12-17 09:44:27,JNJ,129.46,1,ASK
2018-12-17 09:44:27,JNJ,129.41,7,BID
2018-12-17 09:44:27,JNJ,129.47,1,ASK
2018-12-17 09:44:29,JNJ,129.33,5,BID
2018-12-17 09:44:29,JNJ,129.41,1,ASK
2018-12-17 09:44:30,JNJ,129.33,4,BID
2018-12-17 09:44:30,JNJ,129.41,4,ASK
2018-12-17 09:44:30,JNJ,129.49,1,BID
2018-12-17 09:44:30,JNJ,129.54,11,ASK
2018-12-17 09:44:32,JNJ,129.53,5,BID
2018-12-17 09:44:32,JNJ,129.57,3,ASK
2018-12-17 09:44:32,JNJ,129.7,4,BID
2018-12-17 09:44:32,JNJ,129.77,3,ASK
2018-12-17 09:44:34,JNJ,129.7,7,BID
2018-12-17 09:44:34,JNJ,129.79,2,ASK
2018-12-17 09:44:35,JNJ,129.65,1,BID
2018-12-17 09:44:34,JNJ,129.7,4,ASK
2018-12-17 09:44:35,JNJ,129.67,1,BID
2018-12-17 09:44:35,JNJ,129.75,10,ASK
2018-12-17 09:44:36,JNJ,129.57,7,BID
2018-12-17 09:44:36,JNJ,129.69,4,ASK
2018-12-17 09:44:37,JNJ,129.58,3,BID
2018-12-17 09:44:37,JNJ,129.67,5,ASK
2018-12-17 09:44:39,JNJ,129.58,6,BID
2018-12-17 09:44:39,JNJ,129.67,5,ASK
2018-12-17 09:44:40,JNJ,129.6,4,BID
2018-12-17 09:44:40,JNJ,129.61,1,ASK
2018-12-17 09:44:40,JNJ,129.49,6,BID
2018-12-17 09:44:40,JNJ,129.58,3,ASK
2018-12-17 09:44:41,JNJ,129.4,5,BID
2018-12-17 09:44:41,JNJ,129.47,3,ASK
2018-12-17 09:44:42,JNJ,129.41,7,BID
2018-12-17 09:44:42,JNJ,129.45,5,ASK
2018-12-17 09:44:43,JNJ,129.35,6,BID
2018-12-17 09:44:43,JNJ,129.4,10,ASK
2018-12-17 09:44:44,JNJ,129.21,3,BID
2018-12-17 09:44:44,JNJ,129.3,3,ASK
2018-12-17 09:44:46,JNJ,129.23,2,BID
2018-12-17 09:44:46,JNJ,129.29,7,ASK
2018-12-17 09:44:46,JNJ,129.28,2,BID
2018-12-17 09:44:46,JNJ,129.35,1,ASK
2018-12-17 09:44:48,JNJ,129.34,3,BID
2018-12-17 09:44:48,JNJ,129.41,2,ASK
2018-12-17 09:44:48,JNJ,129.31,2,BID
2018-12-17 09:44:48,JNJ,129.4,5,ASK
2018-12-17 09:44:49,JNJ,129.31,2,BID
2018-12-17 09:44:49,JNJ,129.37,1,ASK
2018-12-17 09:44:50,JNJ,129.35,1,BID
2018-12-17 09:44:49,JNJ,129.39,3,ASK
2018-12-17 09:44:51,JNJ,129.37,1,BID
2018-12-17 09:44:43,JNJ,129.45,5,ASK
2018-12-17 09:44:53,JNJ,129.41,4,BID
2018-12-17 09:44:53,JNJ,129.57,2,ASK
2018-12-17 09:44:54,JNJ,129.24,3,BID
2018-12-17 09:44:54,JNJ,129.28,4,ASK
2018-12-17 09:44:55,JNJ,129.26,2,BID
2018-12-17 09:44:54,JNJ,129.4,5,ASK
2018-12-17 09:44:55,JNJ,129.26,3,BID
2018-12-17 09:44:54,JNJ,129.4,5,ASK
2018-12-17 09:44:57,JNJ,129.32,3,BID
2018-12-17 09:44:54,JNJ,129.4,8,ASK
2018-12-17 09:44:57,JNJ,129.32,3,BID
2018-12-17 09:44:54,JNJ,129.4,8,ASK
2018-12-17 09:44:59,JNJ,129.32,5,BID
2018-12-17 09:44:54,JNJ,129.4,10,ASK
2018-12-17 09:45:00,JNJ,129.32,5,BID
2018-12-17 09:44:54,JNJ,129.4,10,ASK
2018-12-17 09:45:00,JNJ,129.32,11,BID
2018-12-17 09:45:00,JNJ,129.35,1,ASK
2018-12-17 09:45:01,JNJ,129.3,10,BID
2018-12-17 09:45:01,JNJ,129.39,4,ASK
2018-12-17 09:45:01,JNJ,129.3,10,BID
2018-12-17 09:44:54,JNJ,129.4,10,ASK
2018-12-17 09:45:01,JNJ,129.3,10,BID
2018-12-17 09:44:54,JNJ,129.4,10,ASK
2018-12-17 09:45:04,JNJ,129.3,7,BID
2018-12-17 09:45:04,JNJ,129.34,3,ASK
2018-12-17 09:45:05,JNJ,129.3,6,BID
2018-12-17 09:45:04,JNJ,129.34,6,ASK
2018-12-17 09:45:07,JNJ,129.35,2,BID
2018-12-17 09:45:07,JNJ,129.38,2,ASK
2018-12-17 09:45:07,JNJ,129.3,5,BID
2018-12-17 09:45:07,JNJ,129.36,3,ASK
2018-12-17 09:45:07,JNJ,129.3,5,BID
2018-12-17 09:45:07,JNJ,129.36,3,ASK
2018-12-17 09:45:09,JNJ,129.3,6,BID
2018-12-17 09:45:09,JNJ,129.36,6,ASK
2018-12-17 09:45:11,JNJ,129.3,7,BID
2018-12-17 09:45:11,JNJ,129.34,5,ASK
2018-12-17 09:45:11,JNJ,129.3,7,BID
2018-12-17 09:45:11,JNJ,129.34,5,ASK
2018-12-17 09:45:12,JNJ,129.25,4,BID
2018-12-17 09:45:12,JNJ,129.31,3,ASK
2018-12-17 09:45:13,JNJ,129.26,3,BID
2018-12-17 09:45:13,JNJ,129.31,6,ASK
2018-12-17 09:45:14,JNJ,129.26,9,BID
2018-12-17 09:45:15,JNJ,129.38,3,ASK
2018-12-17 09:45:16,JNJ,129.26,8,BID
2018-12-17 09:45:16,JNJ,129.38,8,ASK
2018-12-17 09:45:16,JNJ,129.26,8,BID
2018-12-17 09:45:16,JNJ,129.37,2,ASK
2018-12-17 09:44:54,JNJ,129.24,3,BID
2018-12-17 09:45:17,JNJ,129.25,11,ASK
2018-12-17 09:44:54,JNJ,129.24,3,BID
2018-12-17 09:45:18,JNJ,129.35,6,ASK
2018-12-17 09:45:19,JNJ,129.24,5,BID
2018-12-17 09:45:19,JNJ,129.34,1,ASK
2018-12-17 09:44:53,JNJ,129.21,6,BID
2018-12-17 09:45:20,JNJ,129.29,1,ASK
2018-12-17 09:45:20,JNJ,129.21,4,BID
2018-12-17 09:45:21,JNJ,129.29,1,ASK
2018-12-17 09:45:21,JNJ,129.1,1,BID
2018-12-17 09:45:21,JNJ,129.15,1,ASK
2018-12-17 09:45:22,JNJ,129.08,3,BID
2018-12-17 09:45:22,JNJ,129.17,1,ASK
2018-12-17 09:45:22,JNJ,129.08,3,BID
2018-12-17 09:45:22,JNJ,129.17,1,ASK
2018-12-17 09:45:24,JNJ,129.35,6,BID
2018-12-17 09:45:24,JNJ,129.42,4,ASK
2018-12-17 09:45:25,JNJ,129.35,6,BID
2018-12-17 09:45:25,JNJ,129.42,5,ASK
2018-12-17 09:45:26,JNJ,129.35,4,BID
2018-12-17 09:45:26,JNJ,129.4,5,ASK
2018-12-17 09:45:28,JNJ,129.35,3,BID
2018-12-17 09:45:28,JNJ,129.39,5,ASK
2018-12-17 09:45:30,JNJ,129.35,3,BID
2018-12-17 09:45:30,JNJ,129.39,5,ASK
2018-12-17 09:45:31,JNJ,129.35,9,BID
2018-12-17 09:45:31,JNJ,129.36,1,ASK
2018-12-17 09:45:32,JNJ,129.36,4,BID
2018-12-17 09:45:32,JNJ,129.44,2,ASK
2018-12-17 09:45:33,JNJ,129.37,1,BID
2018-12-17 09:45:32,JNJ,129.44,4,ASK
2018-12-17 09:45:34,JNJ,129.37,5,BID
2018-12-17 09:45:34,JNJ,129.44,5,ASK
2018-12-17 09:45:34,JNJ,129.41,2,BID
2018-12-17 09:45:34,JNJ,129.49,4,ASK
2018-12-17 09:45:35,JNJ,129.49,3,BID
2018-12-17 09:45:35,JNJ,129.58,9,ASK
2018-12-17 09:45:36,JNJ,129.62,2,BID
2018-12-17 09:45:36,JNJ,129.69,13,ASK
2018-12-17 09:45:38,JNJ,129.61,4,BID
2018-12-17 09:45:38,JNJ,129.67,2,ASK
2018-12-17 09:45:39,JNJ,129.5,2,BID
2018-12-17 09:45:39,JNJ,129.6,3,ASK
2018-12-17 09:45:40,JNJ,129.5,8,BID
2018-12-17 09:45:40,JNJ,129.59,2,ASK
2018-12-17 09:45:40,JNJ,129.5,7,BID
2018-12-17 09:45:41,JNJ,129.59,3,ASK
2018-12-17 09:45:39,JNJ,129.49,9,BID
2018-12-17 09:45:42,JNJ,129.58,2,ASK
2018-12-17 09:45:43,JNJ,129.43,1,BID
2018-12-17 09:45:43,JNJ,129.49,3,ASK
2018-12-17 09:45:43,JNJ,129.42,3,BID
2018-12-17 09:45:44,JNJ,129.49,3,ASK
2018-12-17 09:45:43,JNJ,129.42,3,BID
2018-12-17 09:45:44,JNJ,129.49,3,ASK
2018-12-17 09:45:46,JNJ,129.4,1,BID
2018-12-17 09:45:46,JNJ,129.46,3,ASK
2018-12-17 09:45:47,JNJ,129.46,1,BID
2018-12-17 09:45:47,JNJ,129.55,1,ASK
2018-12-17 09:45:48,JNJ,129.44,3,BID
2018-12-17 09:45:48,JNJ,129.56,1,ASK
2018-12-17 09:45:49,JNJ,129.47,2,BID
2018-12-17 09:45:49,JNJ,129.6,2,ASK
2018-12-17 09:45:50,JNJ,129.47,2,BID
2018-12-17 09:45:50,JNJ,129.6,3,ASK
2018-12-17 09:45:51,JNJ,129.47,3,BID
2018-12-17 09:45:51,JNJ,129.6,3,ASK
2018-12-17 09:45:52,JNJ,129.53,1,BID
2018-12-17 09:45:52,JNJ,129.6,3,ASK
2018-12-17 09:45:53,JNJ,129.41,4,BID
2018-12-17 09:45:53,JNJ,129.47,3,ASK
2018-12-17 09:45:54,JNJ,129.41,4,BID
2018-12-17 09:45:54,JNJ,129.55,7,ASK
2018-12-17 09:45:55,JNJ,129.42,1,BID
2018-12-17 09:45:55,JNJ,129.55,1,ASK
2018-12-17 09:45:56,JNJ,129.44,3,BID
2018-12-17 09:45:56,JNJ,129.56,5,ASK
2018-12-17 09:45:57,JNJ,129.55,2,BID
2018-12-17 09:45:57,JNJ,129.6,5,ASK
2018-12-17 09:45:58,JNJ,129.5,20,BID
2018-12-17 09:45:58,JNJ,129.59,20,ASK
2018-12-17 09:45:59,JNJ,129.47,3,BID
2018-12-17 09:45:59,JNJ,129.58,1,ASK
2018-12-17 09:46:00,JNJ,129.47,3,BID
2018-12-17 09:46:00,JNJ,129.57,1,ASK
2018-12-17 09:46:01,JNJ,129.47,4,BID
2018-12-17 09:46:01,JNJ,129.57,1,ASK
2018-12-17 09:46:01,JNJ,129.47,4,BID
2018-12-17 09:46:02,JNJ,129.56,3,ASK
2018-12-17 09:46:01,JNJ,129.47,5,BID
2018-12-17 09:46:02,JNJ,129.54,2,ASK
2018-12-17 09:46:04,JNJ,129.43,4,BID
2018-12-17 09:46:04,JNJ,129.5,2,ASK
2018-12-17 09:46:05,JNJ,129.41,9,BID
2018-12-17 09:46:05,JNJ,129.47,2,ASK
2018-12-17 09:46:05,JNJ,129.41,9,BID
2018-12-17 09:46:06,JNJ,129.47,2,ASK
2018-12-17 09:46:05,JNJ,129.41,9,BID
2018-12-17 09:46:07,JNJ,129.47,13,ASK
2018-12-17 09:46:08,JNJ,129.47,1,BID
2018-12-17 09:46:08,JNJ,129.52,1,ASK
2018-12-17 09:46:09,JNJ,129.37,5,BID
2018-12-17 09:46:09,JNJ,129.49,2,ASK
2018-12-17 09:46:09,JNJ,129.37,5,BID
2018-12-17 09:46:10,JNJ,129.49,8,ASK
2018-12-17 09:46:09,JNJ,129.37,5,BID
2018-12-17 09:46:11,JNJ,129.49,8,ASK
2018-12-17 09:46:12,JNJ,129.4,2,BID
2018-12-17 09:46:12,JNJ,129.49,7,ASK
2018-12-17 09:46:12,JNJ,129.4,2,BID
2018-12-17 09:46:10,JNJ,129.49,7,ASK
2018-12-17 09:46:14,JNJ,129.4,2,BID
2018-12-17 09:46:10,JNJ,129.49,8,ASK
2018-12-17 09:46:15,JNJ,129.4,2,BID
2018-12-17 09:46:10,JNJ,129.49,8,ASK
2018-12-17 09:46:16,JNJ,129.41,3,BID
2018-12-17 09:46:10,JNJ,129.49,8,ASK
2018-12-17 09:46:17,JNJ,129.4,5,BID
2018-12-17 09:46:10,JNJ,129.49,8,ASK
2018-12-17 09:46:18,JNJ,129.4,4,BID
2018-12-17 09:46:10,JNJ,129.49,8,ASK
2018-12-17 09:46:18,JNJ,129.4,21,BID
2018-12-17 09:46:10,JNJ,129.49,8,ASK
2018-12-17 09:45:32,JNJ,129.36,4,BID
2018-12-17 09:46:20,JNJ,129.41,2,ASK
2018-12-17 09:46:21,JNJ,129.34,7,BID
2018-12-17 09:46:21,JNJ,129.4,2,ASK
2018-12-17 09:46:21,JNJ,129.19,4,BID
2018-12-17 09:46:21,JNJ,129.33,3,ASK
2018-12-17 09:46:23,JNJ,129.19,4,BID
2018-12-17 09:46:23,JNJ,129.32,2,ASK
2018-12-17 09:46:24,JNJ,129.19,4,BID
2018-12-17 09:46:24,JNJ,129.33,3,ASK
2018-12-17 09:46:25,JNJ,129.22,3,BID
2018-12-17 09:46:25,JNJ,129.33,3,ASK
2018-12-17 09:46:25,JNJ,129.23,2,BID
2018-12-17 09:46:25,JNJ,129.33,3,ASK
2018-12-17 09:46:27,JNJ,129.23,2,BID
2018-12-17 09:46:27,JNJ,129.33,4,ASK
2018-12-17 09:46:28,JNJ,129.23,2,BID
2018-12-17 09:46:28,JNJ,129.32,3,ASK
2018-12-17 09:46:29,JNJ,129.23,2,BID
2018-12-17 09:46:29,JNJ,129.25,1,ASK
2018-12-17 09:46:30,JNJ,129.18,5,BID
2018-12-17 09:46:30,JNJ,129.25,7,ASK
2018-12-17 09:46:31,JNJ,129.18,8,BID
2018-12-17 09:46:31,JNJ,129.25,7,ASK
2018-12-17 09:46:31,JNJ,129.21,1,BID
2018-12-17 09:46:31,JNJ,129.29,1,ASK
2018-12-17 09:46:32,JNJ,129.25,2,BID
2018-12-17 09:46:32,JNJ,129.32,3,ASK
2018-12-17 09:46:32,JNJ,129.21,1,BID
2018-12-17 09:46:32,JNJ,129.32,3,ASK
2018-12-17 09:46:33,JNJ,129.21,3,BID
2018-12-17 09:46:32,JNJ,129.32,3,ASK
2018-12-17 09:46:35,JNJ,129.28,2,BID
2018-12-17 09:46:35,JNJ,129.31,1,ASK
2018-12-17 09:46:37,JNJ,129.22,1,BID
2018-12-17 09:46:37,JNJ,129.33,9,ASK
2018-12-17 09:46:37,JNJ,129.22,4,BID
2018-12-17 09:46:38,JNJ,129.33,9,ASK
2018-12-17 09:46:38,JNJ,129.22,5,BID
2018-12-17 09:46:38,JNJ,129.33,9,ASK
2018-12-17 09:46:40,JNJ,129.22,5,BID
2018-12-17 09:46:40,JNJ,129.33,9,ASK
2018-12-17 09:46:41,JNJ,129.23,3,BID
2018-12-17 09:46:41,JNJ,129.33,9,ASK
2018-12-17 09:46:42,JNJ,129.24,3,BID
2018-12-17 09:46:42,JNJ,129.31,1,ASK
2018-12-17 09:46:43,JNJ,129.25,3,BID
2018-12-17 09:46:43,JNJ,129.31,1,ASK
2018-12-17 09:46:44,JNJ,129.19,4,BID
2018-12-17 09:46:44,JNJ,129.29,3,ASK
2018-12-17 09:46:45,JNJ,129.21,1,BID
2018-12-17 09:46:45,JNJ,129.31,4,ASK
2018-12-17 09:46:46,JNJ,129.2,6,BID
2018-12-17 09:46:45,JNJ,129.31,5,ASK
2018-12-17 09:46:46,JNJ,129.2,6,BID
2018-12-17 09:46:45,JNJ,129.31,5,ASK
2018-12-17 09:46:47,JNJ,129.21,1,BID
2018-12-17 09:46:47,JNJ,129.31,7,ASK
2018-12-17 09:46:49,JNJ,129.22,3,BID
2018-12-17 09:46:49,JNJ,129.31,12,ASK
2018-12-17 09:46:50,JNJ,129.2,4,BID
2018-12-17 09:46:50,JNJ,129.3,3,ASK
2018-12-17 09:46:50,JNJ,129.2,5,BID
2018-12-17 09:46:51,JNJ,129.3,6,ASK
2018-12-17 09:46:52,JNJ,129.22,1,BID
2018-12-17 09:46:52,JNJ,129.3,6,ASK
2018-12-17 09:46:53,JNJ,129.19,1,BID
2018-12-17 09:46:53,JNJ,129.25,5,ASK
2018-12-17 09:46:53,JNJ,129.19,1,BID
2018-12-17 09:46:53,JNJ,129.25,5,ASK
2018-12-17 09:46:55,JNJ,129.19,2,BID
2018-12-17 09:46:55,JNJ,129.25,6,ASK
2018-12-17 09:46:56,JNJ,129.2,3,BID
2018-12-17 09:46:56,JNJ,129.25,7,ASK
2018-12-17 09:46:57,JNJ,129.23,1,BID
2018-12-17 09:46:53,JNJ,129.3,7,ASK
2018-12-17 09:46:58,JNJ,129.23,2,BID
2018-12-17 09:46:58,JNJ,129.3,8,ASK
2018-12-17 09:46:59,JNJ,129.24,1,BID
2018-12-17 09:46:59,JNJ,129.26,3,ASK
2018-12-17 09:47:00,JNJ,129.24,1,BID
2018-12-17 09:47:00,JNJ,129.28,1,ASK
2018-12-17 09:47:01,JNJ,129.23,6,BID
2018-12-17 09:47:01,JNJ,129.28,2,ASK
2018-12-17 09:47:02,JNJ,129.23,6,BID
2018-12-17 09:47:02,JNJ,129.28,3,ASK
2018-12-17 09:47:03,JNJ,129.23,8,BID
2018-12-17 09:47:03,JNJ,129.34,2,ASK
2018-12-17 09:47:03,JNJ,129.23,7,BID
2018-12-17 09:47:03,JNJ,129.3,10,ASK
2018-12-17 09:47:03,JNJ,129.23,10,BID
2018-12-17 09:47:05,JNJ,129.3,10,ASK
2018-12-17 09:47:06,JNJ,129.13,4,BID
2018-12-17 09:47:06,JNJ,129.22,6,ASK
2018-12-17 09:47:07,JNJ,129.13,6,BID
2018-12-17 09:47:07,JNJ,129.19,10,ASK
2018-12-17 09:47:08,JNJ,129.13,6,BID
2018-12-17 09:47:08,JNJ,129.19,10,ASK
2018-12-17 09:47:08,JNJ,129.13,6,BID
2018-12-17 09:47:08,JNJ,129.19,10,ASK
2018-12-17 09:47:10,JNJ,129.13,6,BID
2018-12-17 09:47:10,JNJ,129.18,8,ASK
2018-12-17 09:47:11,JNJ,129.15,2,BID
2018-12-17 09:47:11,JNJ,129.19,10,ASK
2018-12-17 09:47:12,JNJ,129.28,5,BID
2018-12-17 09:47:12,JNJ,129.32,2,ASK
2018-12-17 09:47:13,JNJ,129.28,5,BID
2018-12-17 09:47:12,JNJ,129.32,7,ASK
2018-12-17 09:47:13,JNJ,129.28,5,BID
2018-12-17 09:47:12,JNJ,129.32,7,ASK
2018-12-17 09:47:15,JNJ,129.28,5,BID
2018-12-17 09:47:15,JNJ,129.29,5,ASK
2018-12-17 09:47:16,JNJ,129.28,5,BID
2018-12-17 09:47:12,JNJ,129.32,4,ASK
2018-12-17 09:47:17,JNJ,129.28,5,BID
2018-12-17 09:47:17,JNJ,129.29,5,ASK
2018-12-17 09:47:18,JNJ,129.28,5,BID
2018-12-17 09:47:18,JNJ,129.29,6,ASK
2018-12-17 09:47:19,JNJ,129.28,5,BID
2018-12-17 09:47:17,JNJ,129.32,7,ASK
2018-12-17 09:47:20,JNJ,129.28,5,BID
2018-12-17 09:47:20,JNJ,129.32,8,ASK
2018-12-17 09:47:21,JNJ,129.28,5,BID
2018-12-17 09:47:21,JNJ,129.3,7,ASK
2018-12-17 09:47:22,JNJ,129.28,14,BID
2018-12-17 09:47:22,JNJ,129.29,5,ASK
2018-12-17 09:47:23,JNJ,129.28,14,BID
2018-12-17 09:47:23,JNJ,129.29,4,ASK
2018-12-17 09:47:24,JNJ,129.28,9,BID
2018-12-17 09:47:23,JNJ,129.29,14,ASK
2018-12-17 09:47:25,JNJ,129.28,8,BID
2018-12-17 09:47:23,JNJ,129.29,14,ASK
2018-12-17 09:47:26,JNJ,129.28,6,BID
2018-12-17 09:47:23,JNJ,129.29,14,ASK
2018-12-17 09:47:26,JNJ,129.28,6,BID
2018-12-17 09:47:23,JNJ,129.29,14,ASK
2018-12-17 09:47:28,JNJ,129.28,6,BID
2018-12-17 09:47:23,JNJ,129.29,27,ASK
2018-12-17 09:47:29,JNJ,129.29,3,BID
2018-12-17 09:47:29,JNJ,129.34,4,ASK
2018-12-17 09:47:29,JNJ,129.29,4,BID
2018-12-17 09:47:30,JNJ,129.34,4,ASK
2018-12-17 09:47:31,JNJ,129.25,3,BID
2018-12-17 09:47:31,JNJ,129.31,1,ASK
2018-12-17 09:47:32,JNJ,129.2,6,BID
2018-12-17 09:47:32,JNJ,129.28,5,ASK
2018-12-17 09:47:33,JNJ,129.2,6,BID
2018-12-17 09:47:33,JNJ,129.28,5,ASK
2018-12-17 09:47:34,JNJ,129.2,6,BID
2018-12-17 09:47:34,JNJ,129.28,5,ASK
2018-12-17 09:47:35,JNJ,129.22,6,BID
2018-12-17 09:47:35,JNJ,129.28,12,ASK
2018-12-17 09:47:35,JNJ,129.22,6,BID
2018-12-17 09:47:35,JNJ,129.28,12,ASK
2018-12-17 09:47:37,JNJ,129.22,6,BID
2018-12-17 09:47:37,JNJ,129.28,11,ASK
2018-12-17 09:47:38,JNJ,129.22,2,BID
2018-12-17 09:47:38,JNJ,129.28,11,ASK
2018-12-17 09:47:39,JNJ,129.22,2,BID
2018-12-17 09:47:39,JNJ,129.26,4,ASK
2018-12-17 09:47:40,JNJ,129.23,1,BID
2018-12-17 09:47:40,JNJ,129.26,5,ASK
2018-12-17 09:47:41,JNJ,129.23,3,BID
2018-12-17 09:47:41,JNJ,129.27,6,ASK
2018-12-17 09:47:42,JNJ,129.23,3,BID
2018-12-17 09:47:42,JNJ,129.26,2,ASK
2018-12-17 09:47:43,JNJ,129.23,3,BID
2018-12-17 09:47:43,JNJ,129.25,1,ASK
2018-12-17 09:47:43,JNJ,129.19,6,BID
2018-12-17 09:47:43,JNJ,129.24,1,ASK
2018-12-17 09:47:45,JNJ,129.19,6,BID
2018-12-17 09:47:45,JNJ,129.24,3,ASK
2018-12-17 09:47:46,JNJ,129.19,8,BID
2018-12-17 09:47:46,JNJ,129.24,4,ASK
2018-12-17 09:47:47,JNJ,129.18,3,BID
2018-12-17 09:47:47,JNJ,129.24,4,ASK
2018-12-17 09:47:48,JNJ,129.18,3,BID
2018-12-17 09:47:48,JNJ,129.24,4,ASK
2018-12-17 09:47:49,JNJ,129.19,1,BID
2018-12-17 09:47:49,JNJ,129.24,4,ASK
2018-12-17 09:47:50,JNJ,129.18,6,BID
2018-12-17 09:47:50,JNJ,129.22,2,ASK
2018-12-17 09:47:50,JNJ,129.18,6,BID
2018-12-17 09:47:51,JNJ,129.22,1,ASK
2018-12-17 09:47:52,JNJ,129.05,1,BID
2018-12-17 09:47:52,JNJ,129.16,5,ASK
2018-12-17 09:47:53,JNJ,129.05,11,BID
2018-12-17 09:47:52,JNJ,129.16,7,ASK
2018-12-17 09:47:54,JNJ,129.05,9,BID
2018-12-17 09:47:54,JNJ,129.15,4,ASK
2018-12-17 09:47:55,JNJ,129.1,2,BID
2018-12-17 09:47:55,JNJ,129.15,7,ASK
2018-12-17 09:47:56,JNJ,129.1,2,BID
2018-12-17 09:47:56,JNJ,129.15,7,ASK
2018-12-17 09:47:58,JNJ,129.12,4,BID
2018-12-17 09:47:58,JNJ,129.19,6,ASK
2018-12-17 09:47:58,JNJ,129.07,3,BID
2018-12-17 09:47:58,JNJ,129.18,3,ASK
2018-12-17 09:47:59,JNJ,129.08,3,BID
2018-12-17 09:47:59,JNJ,129.21,2,ASK
2018-12-17 09:48:00,JNJ,129.08,3,BID
2018-12-17 09:48:00,JNJ,129.2,1,ASK
2018-12-17 09:48:01,JNJ,129.08,3,BID
2018-12-17 09:48:01,JNJ,129.2,5,ASK
2018-12-17 09:48:02,JNJ,129.05,9,BID
2018-12-17 09:48:02,JNJ,129.15,4,ASK
2018-12-17 09:48:03,JNJ,129.08,3,BID
2018-12-17 09:48:03,JNJ,129.2,8,ASK
2018-12-17 09:48:04,JNJ,129.08,3,BID
2018-12-17 09:48:05,JNJ,129.18,1,ASK
2018-12-17 09:48:06,JNJ,129.05,9,BID
2018-12-17 09:48:06,JNJ,129.16,1,ASK
2018-12-17 09:48:06,JNJ,129.06,3,BID
2018-12-17 09:48:06,JNJ,129.17,10,ASK
2018-12-17 09:48:06,JNJ,129.06,4,BID
2018-12-17 09:48:07,JNJ,129.16,4,ASK
2018-12-17 09:48:06,JNJ,129.06,4,BID
2018-12-17 09:48:08,JNJ,129.16,4,ASK
2018-12-17 09:48:06,JNJ,129.06,4,BID
2018-12-17 09:48:09,JNJ,129.16,5,ASK
2018-12-17 09:48:10,JNJ,129.06,2,BID
2018-12-17 09:48:10,JNJ,129.13,3,ASK
2018-12-17 09:48:10,JNJ,129.06,2,BID
2018-12-17 09:48:11,JNJ,129.13,3,ASK
2018-12-17 09:48:13,JNJ,128.96,4,BID
2018-12-17 09:48:13,JNJ,129.05,3,ASK
2018-12-17 09:48:13,JNJ,128.85,5,BID
2018-12-17 09:48:13,JNJ,128.99,4,ASK
2018-12-17 09:48:14,JNJ,128.86,2,BID
2018-12-17 09:48:14,JNJ,128.96,2,ASK
2018-12-17 09:48:15,JNJ,128.81,3,BID
2018-12-17 09:48:15,JNJ,128.95,2,ASK
2018-12-17 09:48:17,JNJ,128.8,41,BID
2018-12-17 09:48:17,JNJ,128.89,3,ASK
2018-12-17 09:48:17,JNJ,128.81,5,BID
2018-12-17 09:48:17,JNJ,128.89,4,ASK
2018-12-17 09:48:19,JNJ,128.82,1,BID
2018-12-17 09:48:19,JNJ,128.87,3,ASK
2018-12-17 09:48:19,JNJ,128.8,41,BID
2018-12-17 09:48:19,JNJ,128.94,3,ASK
2018-12-17 09:48:20,JNJ,128.82,4,BID
2018-12-17 09:48:20,JNJ,128.92,3,ASK
2018-12-17 09:48:21,JNJ,128.82,28,BID
2018-12-17 09:48:21,JNJ,128.92,4,ASK
2018-12-17 09:48:22,JNJ,128.83,14,BID
2018-12-17 09:48:22,JNJ,128.92,7,ASK
2018-12-17 09:48:24,JNJ,128.87,10,BID
2018-12-17 09:48:23,JNJ,128.92,7,ASK
2018-12-17 09:48:24,JNJ,128.87,10,BID
2018-12-17 09:48:24,JNJ,128.92,17,ASK
2018-12-17 09:48:26,JNJ,128.82,18,BID
2018-12-17 09:48:26,JNJ,128.95,2,ASK
2018-12-17 09:48:27,JNJ,128.83,1,BID
2018-12-17 09:48:27,JNJ,128.95,5,ASK
2018-12-17 09:48:28,JNJ,128.82,7,BID
2018-12-17 09:48:28,JNJ,128.91,2,ASK
2018-12-17 09:48:28,JNJ,128.82,7,BID
2018-12-17 09:48:28,JNJ,128.91,2,ASK
2018-12-17 09:48:30,JNJ,128.82,7,BID
2018-12-17 09:48:30,JNJ,128.91,2,ASK
2018-12-17 09:48:30,JNJ,128.83,5,BID
2018-12-17 09:48:30,JNJ,128.91,2,ASK
2018-12-17 09:48:32,JNJ,128.83,3,BID
2018-12-17 09:48:32,JNJ,128.91,3,ASK
2018-12-17 09:48:32,JNJ,128.89,6,BID
2018-12-17 09:48:32,JNJ,128.92,1,ASK
2018-12-17 09:48:34,JNJ,128.91,2,BID
2018-12-17 09:48:34,JNJ,129.0,2,ASK
2018-12-17 09:48:34,JNJ,128.91,2,BID
2018-12-17 09:48:35,JNJ,128.99,1,ASK
2018-12-17 09:48:35,JNJ,128.91,2,BID
2018-12-17 09:48:35,JNJ,128.99,5,ASK
2018-12-17 09:48:37,JNJ,128.91,4,BID
2018-12-17 09:48:37,JNJ,128.98,4,ASK
2018-12-17 09:48:37,JNJ,128.92,2,BID
2018-12-17 09:48:37,JNJ,128.98,4,ASK
2018-12-17 09:48:37,JNJ,128.92,2,BID
2018-12-17 09:48:37,JNJ,128.98,4,ASK
2018-12-17 09:48:40,JNJ,129.05,3,BID
2018-12-17 09:48:40,JNJ,129.1,3,ASK
2018-12-17 09:48:41,JNJ,129.07,1,BID
2018-12-17 09:48:41,JNJ,129.15,4,ASK
2018-12-17 09:48:42,JNJ,128.98,4,BID
2018-12-17 09:48:42,JNJ,129.05,1,ASK
2018-12-17 09:48:43,JNJ,128.98,4,BID
2018-12-17 09:48:43,JNJ,129.03,2,ASK
2018-12-17 09:48:43,JNJ,128.98,4,BID
2018-12-17 09:48:43,JNJ,129.03,2,ASK
2018-12-17 09:48:44,JNJ,129.02,2,BID
2018-12-17 09:48:44,JNJ,129.15,9,ASK
2018-12-17 09:48:45,JNJ,129.02,2,BID
2018-12-17 09:48:45,JNJ,129.15,9,ASK
2018-12-17 09:48:47,JNJ,129.03,1,BID
2018-12-17 09:48:47,JNJ,129.11,1,ASK
2018-12-17 09:48:47,JNJ,129.03,3,BID
2018-12-17 09:48:47,JNJ,129.12,6,ASK
2018-12-17 09:48:47,JNJ,129.03,3,BID
2018-12-17 09:48:48,JNJ,129.09,1,ASK
2018-12-17 09:48:49,JNJ,129.03,4,BID
2018-12-17 09:48:49,JNJ,129.09,1,ASK
2018-12-17 09:48:50,JNJ,129.03,8,BID
2018-12-17 09:48:51,JNJ,129.08,3,ASK
2018-12-17 09:48:50,JNJ,129.03,8,BID
2018-12-17 09:48:51,JNJ,129.08,3,ASK
2018-12-17 09:48:52,JNJ,129.06,1,BID
2018-12-17 09:48:52,JNJ,129.11,5,ASK
2018-12-17 09:48:54,JNJ,129.06,4,BID
2018-12-17 09:48:54,JNJ,129.1,1,ASK
2018-12-17 09:48:54,JNJ,129.06,4,BID
2018-12-17 09:48:54,JNJ,129.1,2,ASK
2018-12-17 09:48:54,JNJ,129.06,4,BID
2018-12-17 09:48:54,JNJ,129.1,2,ASK
2018-12-17 09:48:54,JNJ,129.06,4,BID
2018-12-17 09:48:54,JNJ,129.1,2,ASK
2018-12-17 09:48:54,JNJ,129.06,4,BID
2018-12-17 09:48:54,JNJ,129.1,2,ASK
2018-12-17 09:48:59,JNJ,129.09,1,BID
2018-12-17 09:48:59,JNJ,129.11,1,ASK
2018-12-17 09:49:00,JNJ,129.09,4,BID
2018-12-17 09:49:00,JNJ,129.14,13,ASK
2018-12-17 09:49:01,JNJ,129.12,2,BID
2018-12-17 09:49:01,JNJ,129.14,12,ASK
2018-12-17 09:49:01,JNJ,129.14,6,BID
2018-12-17 09:49:01,JNJ,129.2,8,ASK
2018-12-17 09:49:02,JNJ,129.23,1,BID
2018-12-17 09:49:02,JNJ,129.24,6,ASK
2018-12-17 09:49:03,JNJ,129.18,4,BID
2018-12-17 09:49:03,JNJ,129.25,3,ASK
2018-12-17 09:49:03,JNJ,129.19,1,BID
2018-12-17 09:49:03,JNJ,129.28,11,ASK
2018-12-17 09:49:04,JNJ,129.24,5,BID
2018-12-17 09:49:04,JNJ,129.37,1,ASK
2018-12-17 09:49:04,JNJ,129.29,3,BID
2018-12-17 09:49:04,JNJ,129.36,2,ASK
2018-12-17 09:49:06,JNJ,129.39,2,BID
2018-12-17 09:46:20,JNJ,129.45,7,ASK
2018-12-17 09:49:07,JNJ,129.45,5,BID
2018-12-17 09:46:10,JNJ,129.49,6,ASK
2018-12-17 09:49:07,JNJ,129.45,3,BID
2018-12-17 09:49:07,JNJ,129.49,9,ASK
2018-12-17 09:49:09,JNJ,129.44,6,BID
2018-12-17 09:49:08,JNJ,129.49,13,ASK
2018-12-17 09:49:10,JNJ,129.44,24,BID
2018-12-17 09:49:09,JNJ,129.49,9,ASK
2018-12-17 09:49:11,JNJ,129.45,2,BID
2018-12-17 09:49:11,JNJ,129.51,2,ASK
2018-12-17 09:49:12,JNJ,129.64,7,BID
2018-12-17 09:49:12,JNJ,129.73,2,ASK
2018-12-17 09:49:14,JNJ,129.64,7,BID
2018-12-17 09:49:14,JNJ,129.68,2,ASK
2018-12-17 09:49:15,JNJ,129.64,7,BID
2018-12-17 09:49:15,JNJ,129.68,5,ASK
2018-12-17 09:49:15,JNJ,129.64,9,BID
2018-12-17 09:49:16,JNJ,129.68,5,ASK
2018-12-17 09:49:15,JNJ,129.64,10,BID
2018-12-17 09:49:18,JNJ,129.67,5,ASK
2018-12-17 09:49:18,JNJ,129.63,3,BID
2018-12-17 09:49:18,JNJ,129.7,1,ASK
2018-12-17 09:49:19,JNJ,129.63,1,BID
2018-12-17 09:49:19,JNJ,129.73,1,ASK
2018-12-17 09:49:20,JNJ,129.63,6,BID
2018-12-17 09:49:20,JNJ,129.73,3,ASK
2018-12-17 09:49:20,JNJ,129.63,5,BID
2018-12-17 09:49:20,JNJ,129.73,6,ASK
2018-12-17 09:49:21,JNJ,129.63,7,BID
2018-12-17 09:49:21,JNJ,129.73,6,ASK
2018-12-17 09:49:21,JNJ,129.63,7,BID
2018-12-17 09:49:21,JNJ,129.73,6,ASK
2018-12-17 09:49:22,JNJ,129.63,14,BID
2018-12-17 09:49:22,JNJ,129.7,5,ASK
2018-12-17 09:49:22,JNJ,129.63,14,BID
2018-12-17 09:49:23,JNJ,129.7,5,ASK
2018-12-17 09:49:22,JNJ,129.63,14,BID
2018-12-17 09:49:23,JNJ,129.7,5,ASK
2018-12-17 09:49:22,JNJ,129.63,14,BID
2018-12-17 09:49:24,JNJ,129.67,1,ASK
2018-12-17 09:49:26,JNJ,129.5,1,BID
2018-12-17 09:49:26,JNJ,129.54,1,ASK
2018-12-17 09:49:26,JNJ,129.5,4,BID
2018-12-17 09:49:26,JNJ,129.59,1,ASK
2018-12-17 09:49:26,JNJ,129.51,3,BID
2018-12-17 09:49:26,JNJ,129.55,3,ASK
2018-12-17 09:49:27,JNJ,129.51,6,BID
2018-12-17 09:49:27,JNJ,129.55,3,ASK
2018-12-17 09:49:26,JNJ,129.5,6,BID
2018-12-17 09:49:27,JNJ,129.51,3,ASK
2018-12-17 09:49:26,JNJ,129.5,6,BID
2018-12-17 09:49:28,JNJ,129.54,1,ASK
2018-12-17 09:49:26,JNJ,129.5,6,BID
2018-12-17 09:49:27,JNJ,129.55,3,ASK
2018-12-17 09:49:26,JNJ,129.5,6,BID
2018-12-17 09:49:27,JNJ,129.55,4,ASK
2018-12-17 09:49:29,JNJ,129.51,2,BID
2018-12-17 09:49:28,JNJ,129.55,7,ASK
2018-12-17 09:49:30,JNJ,129.42,3,BID
2018-12-17 09:49:30,JNJ,129.51,3,ASK
2018-12-17 09:49:31,JNJ,129.45,4,BID
2018-12-17 09:49:32,JNJ,129.5,10,ASK
2018-12-17 09:49:33,JNJ,129.8,1,BID
2018-12-17 09:49:33,JNJ,129.9,2,ASK
2018-12-17 09:49:34,JNJ,129.49,7,BID
2018-12-17 09:49:34,JNJ,129.65,2,ASK
2018-12-17 09:49:35,JNJ,129.5,3,BID
2018-12-17 09:49:35,JNJ,129.66,4,ASK
2018-12-17 09:49:35,JNJ,129.5,1,BID
2018-12-17 09:49:35,JNJ,129.65,2,ASK
2018-12-17 09:49:37,JNJ,129.52,1,BID
2018-12-17 09:49:37,JNJ,129.71,4,ASK
2018-12-17 09:49:39,JNJ,129.52,1,BID
2018-12-17 09:49:38,JNJ,129.65,7,ASK
2018-12-17 09:49:41,JNJ,129.54,1,BID
2018-12-17 09:49:41,JNJ,129.6,1,ASK
2018-12-17 09:49:43,JNJ,129.67,1,BID
2018-12-17 09:49:43,JNJ,129.75,11,ASK
2018-12-17 09:49:45,JNJ,129.76,5,BID
2018-12-17 09:49:45,JNJ,129.95,6,ASK
2018-12-17 09:49:46,JNJ,129.83,2,BID
2018-12-17 09:49:46,JNJ,129.91,2,ASK
2018-12-17 09:49:48,JNJ,129.85,2,BID
2018-12-17 09:49:48,JNJ,129.94,1,ASK
2018-12-17 09:49:50,JNJ,129.98,1,BID
2018-12-17 09:49:50,JNJ,130.0,220,ASK
2018-12-17 09:49:51,JNJ,130.17,1,BID
2018-12-17 09:49:51,JNJ,130.24,3,ASK
2018-12-17 09:49:52,JNJ,130.01,7,BID
2018-12-17 09:49:52,JNJ,130.15,1,ASK
2018-12-17 09:49:53,JNJ,129.88,1,BID
2018-12-17 09:49:53,JNJ,129.96,2,ASK
2018-12-17 09:49:54,JNJ,129.91,1,BID
2018-12-17 09:49:54,JNJ,130.02,2,ASK
2018-12-17 09:49:55,JNJ,130.0,6,BID
2018-12-17 09:49:55,JNJ,130.02,2,ASK
2018-12-17 09:49:57,JNJ,130.04,2,BID
2018-12-17 09:49:57,JNJ,130.15,5,ASK
2018-12-17 09:49:58,JNJ,130.15,4,BID
2018-12-17 09:49:58,JNJ,130.23,5,ASK
2018-12-17 09:49:59,JNJ,130.26,1,BID
2018-12-17 09:49:59,JNJ,130.35,10,ASK
2018-12-17 09:50:00,JNJ,130.25,5,BID
2018-12-17 09:50:00,JNJ,130.35,7,ASK
2018-12-17 09:50:01,JNJ,130.23,1,BID
2018-12-17 09:50:01,JNJ,130.34,4,ASK
2018-12-17 09:50:02,JNJ,130.24,3,BID
2018-12-17 09:50:02,JNJ,130.34,4,ASK
2018-12-17 09:50:03,JNJ,130.24,5,BID
2018-12-17 09:50:03,JNJ,130.34,5,ASK
2018-12-17 09:50:04,JNJ,130.26,6,BID
2018-12-17 09:50:04,JNJ,130.34,11,ASK
2018-12-17 09:50:05,JNJ,130.21,1,BID
2018-12-17 09:50:05,JNJ,130.31,5,ASK
2018-12-17 09:50:06,JNJ,130.21,4,BID
2018-12-17 09:50:06,JNJ,130.27,4,ASK
2018-12-17 09:50:07,JNJ,130.21,4,BID
2018-12-17 09:50:07,JNJ,130.23,3,ASK
2018-12-17 09:50:08,JNJ,130.18,6,BID
2018-12-17 09:50:08,JNJ,130.22,4,ASK
2018-12-17 09:50:09,JNJ,130.13,1,BID
2018-12-17 09:50:08,JNJ,130.22,6,ASK
2018-12-17 09:50:09,JNJ,130.11,5,BID
2018-12-17 09:50:10,JNJ,130.21,3,ASK
2018-12-17 09:50:10,JNJ,130.04,5,BID
2018-12-17 09:50:11,JNJ,130.2,2,ASK
2018-12-17 09:50:12,JNJ,130.05,4,BID
2018-12-17 09:50:12,JNJ,130.18,1,ASK
2018-12-17 09:50:12,JNJ,130.06,5,BID
2018-12-17 09:50:13,JNJ,130.19,1,ASK
2018-12-17 09:50:12,JNJ,130.06,4,BID
2018-12-17 09:50:14,JNJ,130.19,1,ASK
2018-12-17 09:50:15,JNJ,130.03,1,BID
2018-12-17 09:50:15,JNJ,130.06,1,ASK
2018-12-17 09:50:16,JNJ,130.04,2,BID
2018-12-17 09:50:16,JNJ,130.16,1,ASK
2018-12-17 09:50:17,JNJ,130.06,1,BID
2018-12-17 09:50:17,JNJ,130.16,2,ASK
2018-12-17 09:50:18,JNJ,130.06,2,BID
2018-12-17 09:50:18,JNJ,130.16,2,ASK
2018-12-17 09:50:19,JNJ,130.06,3,BID
2018-12-17 09:50:19,JNJ,130.16,3,ASK
2018-12-17 09:50:20,JNJ,130.06,3,BID
2018-12-17 09:50:20,JNJ,130.16,2,ASK
2018-12-17 09:50:21,JNJ,130.06,4,BID
2018-12-17 09:50:21,JNJ,130.16,4,ASK
2018-12-17 09:50:21,JNJ,130.06,4,BID
2018-12-17 09:50:22,JNJ,130.16,4,ASK
2018-12-17 09:50:23,JNJ,130.08,1,BID
2018-12-17 09:50:23,JNJ,130.18,6,ASK
2018-12-17 09:50:24,JNJ,130.1,4,BID
2018-12-17 09:50:24,JNJ,130.18,6,ASK
2018-12-17 09:50:25,JNJ,130.1,2,BID
2018-12-17 09:50:25,JNJ,130.16,1,ASK
2018-12-17 09:50:26,JNJ,130.1,2,BID
2018-12-17 09:50:26,JNJ,130.15,1,ASK
2018-12-17 09:50:27,JNJ,130.14,3,BID
2018-12-17 09:50:27,JNJ,130.18,6,ASK
2018-12-17 09:50:28,JNJ,130.14,6,BID
2018-12-17 09:50:28,JNJ,130.18,5,ASK
2018-12-17 09:50:29,JNJ,130.14,4,BID
2018-12-17 09:50:29,JNJ,130.2,29,ASK
2018-12-17 09:50:30,JNJ,130.13,9,BID
2018-12-17 09:50:30,JNJ,130.14,2,ASK
2018-12-17 09:50:31,JNJ,130.1,5,BID
2018-12-17 09:50:31,JNJ,130.19,4,ASK
2018-12-17 09:50:32,JNJ,130.1,5,BID
2018-12-17 09:50:31,JNJ,130.19,4,ASK
2018-12-17 09:50:33,JNJ,130.1,5,BID
2018-12-17 09:50:33,JNJ,130.19,5,ASK
2018-12-17 09:50:34,JNJ,130.1,5,BID
2018-12-17 09:50:34,JNJ,130.17,6,ASK
2018-12-17 09:50:35,JNJ,130.03,4,BID
2018-12-17 09:50:35,JNJ,130.1,3,ASK
2018-12-17 09:50:35,JNJ,130.03,5,BID
2018-12-17 09:50:35,JNJ,130.06,1,ASK
2018-12-17 09:50:37,JNJ,130.04,3,BID
2018-12-17 09:50:37,JNJ,130.1,3,ASK
2018-12-17 09:50:38,JNJ,130.02,14,BID
2018-12-17 09:50:38,JNJ,130.03,14,ASK
2018-12-17 09:50:39,JNJ,130.02,12,BID
2018-12-17 09:50:39,JNJ,130.07,2,ASK
2018-12-17 09:50:40,JNJ,129.9,3,BID
2018-12-17 09:50:40,JNJ,130.06,4,ASK
2018-12-17 09:50:41,JNJ,129.91,7,BID
2018-12-17 09:50:41,JNJ,130.03,6,ASK
2018-12-17 09:50:41,JNJ,129.91,8,BID
2018-12-17 09:50:41,JNJ,130.03,7,ASK
2018-12-17 09:50:43,JNJ,129.92,11,BID
2018-12-17 09:50:43,JNJ,130.03,7,ASK
2018-12-17 09:50:44,JNJ,129.92,14,BID
2018-12-17 09:50:44,JNJ,130.03,7,ASK
2018-12-17 09:50:44,JNJ,129.92,14,BID
2018-12-17 09:50:45,JNJ,130.03,7,ASK
2018-12-17 09:50:45,JNJ,129.94,2,BID
2018-12-17 09:50:45,JNJ,130.03,7,ASK
2018-12-17 09:50:47,JNJ,129.94,4,BID
2018-12-17 09:50:47,JNJ,130.03,7,ASK
2018-12-17 09:50:47,JNJ,129.96,4,BID
2018-12-17 09:50:47,JNJ,130.07,5,ASK
2018-12-17 09:50:49,JNJ,130.03,8,BID
2018-12-17 09:50:49,JNJ,130.07,5,ASK
2018-12-17 09:50:50,JNJ,130.03,9,BID
2018-12-17 09:50:49,JNJ,130.07,5,ASK
2018-12-17 09:50:51,JNJ,130.03,8,BID
2018-12-17 09:50:51,JNJ,130.07,7,ASK
2018-12-17 09:50:51,JNJ,130.03,8,BID
2018-12-17 09:50:51,JNJ,130.07,7,ASK
2018-12-17 09:50:53,JNJ,130.03,10,BID
2018-12-17 09:50:51,JNJ,130.07,8,ASK
2018-12-17 09:50:54,JNJ,129.99,6,BID
2018-12-17 09:50:54,JNJ,130.06,3,ASK
2018-12-17 09:50:55,JNJ,129.91,11,BID
2018-12-17 09:50:55,JNJ,129.93,1,ASK
2018-12-17 09:50:55,JNJ,129.91,11,BID
2018-12-17 09:50:55,JNJ,129.93,1,ASK
2018-12-17 09:50:55,JNJ,129.91,2,BID
2018-12-17 09:50:55,JNJ,130.01,4,ASK
2018-12-17 09:50:58,JNJ,129.75,5,BID
2018-12-17 09:50:57,JNJ,129.9,5,ASK
2018-12-17 09:50:58,JNJ,129.75,8,BID
2018-12-17 09:50:59,JNJ,129.86,3,ASK
2018-12-17 09:50:58,JNJ,129.75,8,BID
2018-12-17 09:51:00,JNJ,129.86,4,ASK
2018-12-17 09:51:01,JNJ,129.78,1,BID
2018-12-17 09:51:01,JNJ,129.85,7,ASK
2018-12-17 09:51:02,JNJ,129.7,1,BID
2018-12-17 09:51:02,JNJ,129.74,5,ASK
2018-12-17 09:51:03,JNJ,129.66,2,BID
2018-12-17 09:51:03,JNJ,129.75,2,ASK
2018-12-17 09:51:04,JNJ,129.66,3,BID
2018-12-17 09:51:04,JNJ,129.75,2,ASK
2018-12-17 09:51:04,JNJ,129.66,3,BID
2018-12-17 09:51:04,JNJ,129.75,2,ASK
2018-12-17 09:51:04,JNJ,129.66,3,BID
2018-12-17 09:51:04,JNJ,129.75,2,ASK
2018-12-17 09:51:07,JNJ,129.67,2,BID
2018-12-17 09:51:07,JNJ,129.75,4,ASK
2018-12-17 09:51:07,JNJ,129.67,2,BID
2018-12-17 09:51:07,JNJ,129.75,4,ASK
2018-12-17 09:51:09,JNJ,129.67,6,BID
2018-12-17 09:51:09,JNJ,129.75,5,ASK
2018-12-17 09:51:10,JNJ,129.75,2,BID
2018-12-17 09:51:10,JNJ,129.84,3,ASK
2018-12-17 09:51:11,JNJ,129.75,3,BID
2018-12-17 09:51:11,JNJ,129.83,6,ASK
2018-12-17 09:51:12,JNJ,129.75,3,BID
2018-12-17 09:51:12,JNJ,129.8,3,ASK
2018-12-17 09:51:12,JNJ,129.75,3,BID
2018-12-17 09:51:12,JNJ,129.8,3,ASK
2018-12-17 09:51:14,JNJ,129.75,6,BID
2018-12-17 09:51:14,JNJ,129.8,3,ASK
2018-12-17 09:51:14,JNJ,129.69,5,BID
2018-12-17 09:51:14,JNJ,129.75,7,ASK
2018-12-17 09:51:14,JNJ,129.69,5,BID
2018-12-17 09:51:14,JNJ,129.75,7,ASK
2018-12-17 09:51:16,JNJ,129.69,5,BID
2018-12-17 09:51:16,JNJ,129.75,8,ASK
2018-12-17 09:51:17,JNJ,129.69,7,BID
2018-12-17 09:51:17,JNJ,129.75,6,ASK
2018-12-17 09:51:18,JNJ,129.7,1,BID
2018-12-17 09:51:18,JNJ,129.79,2,ASK
2018-12-17 09:51:18,JNJ,129.7,2,BID
2018-12-17 09:51:18,JNJ,129.79,3,ASK
2018-12-17 09:51:20,JNJ,129.7,11,BID
2018-12-17 09:51:20,JNJ,129.79,2,ASK
2018-12-17 09:51:22,JNJ,129.7,12,BID
2018-12-17 09:51:22,JNJ,129.79,6,ASK
2018-12-17 09:51:23,JNJ,129.7,11,BID
2018-12-17 09:51:22,JNJ,129.78,3,ASK
2018-12-17 09:51:24,JNJ,129.83,2,BID
2018-12-17 09:50:57,JNJ,129.9,8,ASK
2018-12-17 09:51:25,JNJ,129.83,2,BID
2018-12-17 09:50:57,JNJ,129.9,7,ASK
2018-12-17 09:51:26,JNJ,129.83,2,BID
2018-12-17 09:50:57,JNJ,129.9,7,ASK
2018-12-17 09:51:27,JNJ,129.83,2,BID
2018-12-17 09:51:27,JNJ,129.9,12,ASK
2018-12-17 09:51:28,JNJ,129.83,2,BID
2018-12-17 09:51:28,JNJ,129.9,9,ASK
2018-12-17 09:51:29,JNJ,129.88,3,BID
2018-12-17 09:51:29,JNJ,129.98,1,ASK
2018-12-17 09:51:30,JNJ,129.96,4,BID
2018-12-17 09:51:30,JNJ,130.0,3,ASK
2018-12-17 09:51:31,JNJ,130.01,1,BID
2018-12-17 09:51:31,JNJ,130.05,2,ASK
2018-12-17 09:51:31,JNJ,130.01,4,BID
2018-12-17 09:51:31,JNJ,130.04,1,ASK
2018-12-17 09:51:32,JNJ,129.99,16,BID
2018-12-17 09:51:32,JNJ,130.06,6,ASK
2018-12-17 09:51:33,JNJ,129.99,9,BID
2018-12-17 09:51:33,JNJ,130.05,5,ASK
2018-12-17 09:51:34,JNJ,129.93,3,BID
2018-12-17 09:51:34,JNJ,130.06,8,ASK
2018-12-17 09:51:36,JNJ,129.93,3,BID
2018-12-17 09:51:35,JNJ,130.04,2,ASK
2018-12-17 09:51:37,JNJ,129.94,1,BID
2018-12-17 09:51:37,JNJ,130.04,6,ASK
2018-12-17 09:51:38,JNJ,129.94,1,BID
2018-12-17 09:51:38,JNJ,130.01,1,ASK
2018-12-17 09:51:39,JNJ,129.94,1,BID
2018-12-17 09:51:39,JNJ,130.02,2,ASK
2018-12-17 09:51:37,JNJ,129.93,8,BID
2018-12-17 09:51:40,JNJ,130.02,4,ASK
2018-12-17 09:51:41,JNJ,129.95,1,BID
2018-12-17 09:51:41,JNJ,130.01,4,ASK
2018-12-17 09:51:42,JNJ,129.95,4,BID
2018-12-17 09:51:42,JNJ,130.01,7,ASK
2018-12-17 09:51:37,JNJ,129.93,8,BID
2018-12-17 09:51:43,JNJ,129.95,2,ASK
2018-12-17 09:51:44,JNJ,129.87,6,BID
2018-12-17 09:51:44,JNJ,129.89,1,ASK
2018-12-17 09:51:45,JNJ,129.89,27,BID
2018-12-17 09:51:45,JNJ,129.94,6,ASK
2018-12-17 09:51:45,JNJ,129.89,27,BID
2018-12-17 09:51:45,JNJ,129.94,6,ASK
2018-12-17 09:51:47,JNJ,129.9,1,BID
2018-12-17 09:51:47,JNJ,129.93,7,ASK
2018-12-17 09:51:48,JNJ,129.9,1,BID
2018-12-17 09:51:48,JNJ,129.93,10,ASK
2018-12-17 09:51:49,JNJ,129.9,2,BID
2018-12-17 09:51:48,JNJ,129.93,10,ASK
2018-12-17 09:51:50,JNJ,129.92,2,BID
2018-12-17 09:51:50,JNJ,129.93,5,ASK
2018-12-17 09:51:51,JNJ,129.91,1,BID
2018-12-17 09:51:51,JNJ,129.93,5,ASK
2018-12-17 09:51:52,JNJ,129.91,1,BID
2018-12-17 09:51:52,JNJ,129.93,6,ASK
2018-12-17 09:51:53,JNJ,129.85,3,BID
2018-12-17 09:51:53,JNJ,129.91,1,ASK
2018-12-17 09:51:54,JNJ,129.85,3,BID
2018-12-17 09:51:54,JNJ,129.9,5,ASK
2018-12-17 09:51:55,JNJ,129.8,1,BID
2018-12-17 09:51:55,JNJ,129.9,5,ASK
2018-12-17 09:51:56,JNJ,129.8,2,BID
2018-12-17 09:51:56,JNJ,129.86,3,ASK
2018-12-17 09:51:57,JNJ,129.8,2,BID
2018-12-17 09:51:57,JNJ,129.86,4,ASK
2018-12-17 09:51:59,JNJ,129.8,2,BID
2018-12-17 09:51:59,JNJ,129.86,4,ASK
2018-12-17 09:51:59,JNJ,129.8,2,BID
2018-12-17 09:51:59,JNJ,129.85,3,ASK
2018-12-17 09:52:00,JNJ,129.8,4,BID
2018-12-17 09:52:00,JNJ,129.84,1,ASK
2018-12-17 09:52:01,JNJ,129.82,4,BID
2018-12-17 09:52:01,JNJ,129.9,5,ASK
2018-12-17 09:52:01,JNJ,129.83,1,BID
2018-12-17 09:52:01,JNJ,129.9,3,ASK
2018-12-17 09:52:02,JNJ,129.84,4,BID
2018-12-17 09:52:02,JNJ,129.93,9,ASK
2018-12-17 09:52:04,JNJ,129.9,2,BID
2018-12-17 09:52:02,JNJ,129.93,9,ASK
2018-12-17 09:52:06,JNJ,130.06,5,BID
2018-12-17 09:52:06,JNJ,130.13,1,ASK
2018-12-17 09:52:06,JNJ,130.16,1,BID
2018-12-17 09:52:06,JNJ,130.22,1,ASK
2018-12-17 09:52:07,JNJ,130.14,6,BID
2018-12-17 09:52:07,JNJ,130.19,2,ASK
2018-12-17 09:52:08,JNJ,130.16,1,BID
2018-12-17 09:52:08,JNJ,130.21,2,ASK
2018-12-17 09:52:10,JNJ,130.16,4,BID
2018-12-17 09:52:10,JNJ,130.23,1,ASK
2018-12-17 09:52:10,JNJ,130.21,5,BID
2018-12-17 09:52:10,JNJ,130.28,2,ASK
2018-12-17 09:52:12,JNJ,130.19,1,BID
2018-12-17 09:52:11,JNJ,130.28,3,ASK
2018-12-17 09:52:13,JNJ,130.21,2,BID
2018-12-17 09:52:12,JNJ,130.25,2,ASK
2018-12-17 09:52:13,JNJ,129.97,3,BID
2018-12-17 09:52:13,JNJ,130.07,2,ASK
2018-12-17 09:52:14,JNJ,129.97,3,BID
2018-12-17 09:52:14,JNJ,130.05,3,ASK
2018-12-17 09:52:15,JNJ,129.97,3,BID
2018-12-17 09:52:15,JNJ,130.05,3,ASK
2018-12-17 09:52:15,JNJ,129.97,3,BID
2018-12-17 09:52:15,JNJ,130.05,3,ASK
2018-12-17 09:52:17,JNJ,130.01,3,BID
2018-12-17 09:52:17,JNJ,130.15,4,ASK
2018-12-17 09:52:18,JNJ,130.01,5,BID
2018-12-17 09:52:18,JNJ,130.15,4,ASK
2018-12-17 09:52:19,JNJ,130.01,5,BID
2018-12-17 09:52:19,JNJ,130.15,10,ASK
2018-12-17 09:52:20,JNJ,130.04,1,BID
2018-12-17 09:52:20,JNJ,130.13,2,ASK
2018-12-17 09:52:21,JNJ,130.03,2,BID
2018-12-17 09:52:21,JNJ,130.13,4,ASK
2018-12-17 09:52:21,JNJ,130.03,2,BID
2018-12-17 09:52:22,JNJ,130.12,1,ASK
2018-12-17 09:52:23,JNJ,130.03,3,BID
2018-12-17 09:52:23,JNJ,130.12,2,ASK
2018-12-17 09:52:24,JNJ,130.03,3,BID
2018-12-17 09:52:23,JNJ,130.12,4,ASK
2018-12-17 09:52:26,JNJ,130.03,3,BID
2018-12-17 09:52:23,JNJ,130.12,4,ASK
2018-12-17 09:52:26,JNJ,130.03,3,BID
2018-12-17 09:52:23,JNJ,130.12,4,ASK
2018-12-17 09:52:26,JNJ,130.03,3,BID
2018-12-17 09:52:23,JNJ,130.12,4,ASK
2018-12-17 09:52:28,JNJ,130.03,3,BID
2018-12-17 09:52:23,JNJ,130.12,4,ASK
2018-12-17 09:52:28,JNJ,130.03,5,BID
2018-12-17 09:52:30,JNJ,130.12,1,ASK
2018-12-17 09:52:31,JNJ,130.01,8,BID
2018-12-17 09:52:31,JNJ,130.1,8,ASK
2018-12-17 09:52:31,JNJ,130.01,8,BID
2018-12-17 09:52:30,JNJ,130.12,4,ASK
2018-12-17 09:52:32,JNJ,130.01,8,BID
2018-12-17 09:52:32,JNJ,130.12,4,ASK
2018-12-17 09:52:32,JNJ,130.01,8,BID
2018-12-17 09:52:33,JNJ,130.12,7,ASK
2018-12-17 09:52:34,JNJ,129.97,8,BID
2018-12-17 09:52:34,JNJ,130.05,5,ASK
2018-12-17 09:52:35,JNJ,129.97,7,BID
2018-12-17 09:52:35,JNJ,130.05,5,ASK
2018-12-17 09:52:36,JNJ,129.97,9,BID
2018-12-17 09:52:36,JNJ,130.05,5,ASK
2018-12-17 09:52:37,JNJ,129.97,9,BID
2018-12-17 09:52:37,JNJ,130.05,5,ASK
2018-12-17 09:52:38,JNJ,129.97,9,BID
2018-12-17 09:52:38,JNJ,130.04,4,ASK
2018-12-17 09:52:40,JNJ,129.96,5,BID
2018-12-17 09:52:40,JNJ,129.99,5,ASK
2018-12-17 09:52:40,JNJ,129.96,6,BID
2018-12-17 09:52:40,JNJ,129.99,3,ASK
2018-12-17 09:52:42,JNJ,129.96,5,BID
2018-12-17 09:52:42,JNJ,130.03,3,ASK
2018-12-17 09:52:42,JNJ,129.96,7,BID
2018-12-17 09:52:42,JNJ,130.03,3,ASK
2018-12-17 09:52:43,JNJ,129.96,7,BID
2018-12-17 09:52:43,JNJ,130.0,1,ASK
2018-12-17 09:52:44,JNJ,129.96,7,BID
2018-12-17 09:52:44,JNJ,130.06,2,ASK
2018-12-17 09:52:45,JNJ,129.96,7,BID
2018-12-17 09:52:45,JNJ,130.06,2,ASK
2018-12-17 09:52:46,JNJ,129.92,6,BID
2018-12-17 09:52:46,JNJ,129.98,2,ASK
2018-12-17 09:52:48,JNJ,129.98,2,BID
2018-12-17 09:52:48,JNJ,130.06,5,ASK
2018-12-17 09:52:48,JNJ,129.95,3,BID
2018-12-17 09:52:48,JNJ,130.05,1,ASK
2018-12-17 09:52:49,JNJ,129.81,1,BID
2018-12-17 09:52:49,JNJ,129.9,3,ASK
2018-12-17 09:52:50,JNJ,129.85,3,BID
2018-12-17 09:52:51,JNJ,130.02,1,ASK
2018-12-17 09:52:52,JNJ,129.91,1,BID
2018-12-17 09:52:52,JNJ,129.95,3,ASK
2018-12-17 09:52:52,JNJ,129.91,1,BID
2018-12-17 09:52:52,JNJ,129.95,3,ASK
2018-12-17 09:52:54,JNJ,129.92,1,BID
2018-12-17 09:52:54,JNJ,129.99,1,ASK
2018-12-17 09:52:55,JNJ,129.94,1,BID
2018-12-17 09:52:55,JNJ,129.99,2,ASK
2018-12-17 09:52:56,JNJ,129.99,2,BID
2018-12-17 09:52:56,JNJ,130.03,3,ASK
2018-12-17 09:52:56,JNJ,129.99,2,BID
2018-12-17 09:52:56,JNJ,130.03,3,ASK
2018-12-17 09:52:56,JNJ,130.0,4,BID
2018-12-17 09:52:56,JNJ,130.05,5,ASK
2018-12-17 09:52:59,JNJ,129.9,2,BID
2018-12-17 09:52:59,JNJ,129.96,4,ASK
2018-12-17 09:52:58,JNJ,129.86,3,BID
2018-12-17 09:53:00,JNJ,129.96,4,ASK
2018-12-17 09:53:01,JNJ,129.9,6,BID
2018-12-17 09:53:01,JNJ,129.96,4,ASK
2018-12-17 09:53:01,JNJ,129.9,8,BID
2018-12-17 09:53:01,JNJ,129.95,1,ASK
2018-12-17 09:53:01,JNJ,129.9,8,BID
2018-12-17 09:53:03,JNJ,129.95,5,ASK
2018-12-17 09:53:04,JNJ,129.9,8,BID
2018-12-17 09:53:03,JNJ,129.95,7,ASK
2018-12-17 09:53:04,JNJ,129.9,5,BID
2018-12-17 09:53:04,JNJ,129.93,3,ASK
2018-12-17 09:53:04,JNJ,129.9,5,BID
2018-12-17 09:53:05,JNJ,129.92,4,ASK
2018-12-17 09:53:07,JNJ,129.88,2,BID
2018-12-17 09:53:04,JNJ,129.95,9,ASK
2018-12-17 09:53:08,JNJ,129.88,2,BID
2018-12-17 09:53:08,JNJ,129.94,6,ASK
2018-12-17 09:53:08,JNJ,129.88,2,BID
2018-12-17 09:53:08,JNJ,129.94,6,ASK
2018-12-17 09:53:08,JNJ,129.88,2,BID
2018-12-17 09:53:08,JNJ,129.94,6,ASK
2018-12-17 09:53:11,JNJ,129.84,1,BID
2018-12-17 09:53:11,JNJ,129.89,3,ASK
2018-12-17 09:53:11,JNJ,129.84,2,BID
2018-12-17 09:53:11,JNJ,129.89,3,ASK
2018-12-17 09:53:13,JNJ,129.81,2,BID
2018-12-17 09:53:13,JNJ,129.87,6,ASK
2018-12-17 09:53:13,JNJ,129.81,3,BID
2018-12-17 09:53:13,JNJ,129.87,8,ASK
2018-12-17 09:53:12,JNJ,129.8,8,BID
2018-12-17 09:53:14,JNJ,129.87,10,ASK
2018-12-17 09:53:12,JNJ,129.8,8,BID
2018-12-17 09:53:14,JNJ,129.87,10,ASK
2018-12-17 09:53:12,JNJ,129.8,8,BID
2018-12-17 09:53:14,JNJ,129.87,10,ASK
2018-12-17 09:53:17,JNJ,129.81,1,BID
2018-12-17 09:53:17,JNJ,129.89,2,ASK
2018-12-17 09:53:18,JNJ,129.85,2,BID
2018-12-17 09:53:18,JNJ,129.93,5,ASK
2018-12-17 09:53:18,JNJ,129.81,3,BID
2018-12-17 09:53:18,JNJ,129.87,2,ASK
2018-12-17 09:53:18,JNJ,129.81,3,BID
2018-12-17 09:53:18,JNJ,129.87,2,ASK
2018-12-17 09:53:19,JNJ,129.81,3,BID
2018-12-17 09:53:18,JNJ,129.87,2,ASK
2018-12-17 09:53:19,JNJ,129.81,3,BID
2018-12-17 09:53:21,JNJ,129.85,2,ASK
2018-12-17 09:53:22,JNJ,129.84,4,BID
2018-12-17 09:53:18,JNJ,129.87,2,ASK
2018-12-17 09:53:24,JNJ,129.86,2,BID
2018-12-17 09:53:24,JNJ,129.93,5,ASK
2018-12-17 09:53:25,JNJ,129.87,2,BID
2018-12-17 09:53:25,JNJ,129.93,7,ASK
2018-12-17 09:53:26,JNJ,129.87,4,BID
2018-12-17 09:53:26,JNJ,129.92,1,ASK
2018-12-17 09:53:28,JNJ,129.88,1,BID
2018-12-17 09:53:28,JNJ,129.89,1,ASK
2018-12-17 09:53:29,JNJ,129.78,1,BID
2018-12-17 09:53:29,JNJ,129.89,5,ASK
2018-12-17 09:53:30,JNJ,129.76,6,BID
2018-12-17 09:53:30,JNJ,129.88,2,ASK
2018-12-17 09:53:31,JNJ,129.76,6,BID
2018-12-17 09:53:30,JNJ,129.88,4,ASK
2018-12-17 09:53:31,JNJ,129.76,5,BID
2018-12-17 09:53:31,JNJ,129.84,3,ASK
2018-12-17 09:53:32,JNJ,129.76,7,BID
2018-12-17 09:53:32,JNJ,129.82,2,ASK
2018-12-17 09:53:33,JNJ,129.78,1,BID
2018-12-17 09:53:33,JNJ,129.82,3,ASK
2018-12-17 09:53:34,JNJ,129.78,6,BID
2018-12-17 09:53:34,JNJ,129.79,2,ASK
2018-12-17 09:53:35,JNJ,129.71,9,BID
2018-12-17 09:53:35,JNJ,129.78,12,ASK
2018-12-17 09:53:35,JNJ,129.71,9,BID
2018-12-17 09:53:35,JNJ,129.78,12,ASK
2018-12-17 09:53:36,JNJ,129.72,1,BID
2018-12-17 09:53:36,JNJ,129.78,12,ASK
2018-12-17 09:53:38,JNJ,129.65,21,BID
2018-12-17 09:53:38,JNJ,129.73,5,ASK
2018-12-17 09:53:38,JNJ,129.66,1,BID
2018-12-17 09:53:38,JNJ,129.73,5,ASK
2018-12-17 09:53:40,JNJ,129.6,3,BID
2018-12-17 09:53:40,JNJ,129.65,1,ASK
2018-12-17 09:53:42,JNJ,129.6,3,BID
2018-12-17 09:53:42,JNJ,129.65,4,ASK
2018-12-17 09:53:43,JNJ,129.6,3,BID
2018-12-17 09:53:43,JNJ,129.66,1,ASK
2018-12-17 09:53:43,JNJ,129.6,3,BID
2018-12-17 09:53:43,JNJ,129.7,6,ASK
2018-12-17 09:53:44,JNJ,129.6,3,BID
2018-12-17 09:53:44,JNJ,129.7,6,ASK
2018-12-17 09:53:46,JNJ,129.58,3,BID
2018-12-17 09:53:46,JNJ,129.63,2,ASK
2018-12-17 09:53:46,JNJ,129.57,2,BID
2018-12-17 09:53:46,JNJ,129.65,2,ASK
2018-12-17 09:53:48,JNJ,129.62,4,BID
2018-12-17 09:53:48,JNJ,129.68,6,ASK
2018-12-17 09:53:49,JNJ,129.62,6,BID
2018-12-17 09:53:49,JNJ,129.68,10,ASK
2018-12-17 09:53:50,JNJ,129.67,1,BID
2018-12-17 09:53:50,JNJ,129.7,2,ASK
2018-12-17 09:53:51,JNJ,129.62,6,BID
2018-12-17 09:53:51,JNJ,129.69,3,ASK
2018-12-17 09:53:52,JNJ,129.62,6,BID
2018-12-17 09:53:51,JNJ,129.69,4,ASK
2018-12-17 09:53:52,JNJ,129.63,2,BID
2018-12-17 09:53:52,JNJ,129.7,2,ASK
2018-12-17 09:53:53,JNJ,129.62,6,BID
2018-12-17 09:53:53,JNJ,129.7,1,ASK
2018-12-17 09:53:54,JNJ,129.63,3,BID
2018-12-17 09:53:54,JNJ,129.73,6,ASK
2018-12-17 09:53:54,JNJ,129.63,6,BID
2018-12-17 09:53:55,JNJ,129.69,4,ASK
2018-12-17 09:53:54,JNJ,129.63,6,BID
2018-12-17 09:53:55,JNJ,129.69,4,ASK
2018-12-17 09:53:57,JNJ,129.63,7,BID
2018-12-17 09:53:57,JNJ,129.69,4,ASK
2018-12-17 09:53:59,JNJ,129.67,2,BID
2018-12-17 09:53:58,JNJ,129.73,6,ASK
2018-12-17 09:54:00,JNJ,129.73,2,BID
2018-12-17 09:53:59,JNJ,129.79,8,ASK
2018-12-17 09:54:01,JNJ,129.7,2,BID
2018-12-17 09:54:01,JNJ,129.79,10,ASK
2018-12-17 09:54:01,JNJ,129.71,1,BID
2018-12-17 09:54:01,JNJ,129.79,9,ASK
2018-12-17 09:54:03,JNJ,129.74,3,BID
2018-12-17 09:54:03,JNJ,129.85,1,ASK
2018-12-17 09:54:04,JNJ,129.75,1,BID
2018-12-17 09:54:04,JNJ,129.86,1,ASK
2018-12-17 09:54:05,JNJ,129.86,1,BID
2018-12-17 09:54:05,JNJ,129.96,8,ASK
2018-12-17 09:54:06,JNJ,129.84,2,BID
2018-12-17 09:54:06,JNJ,129.95,1,ASK
2018-12-17 09:54:06,JNJ,129.88,2,BID
2018-12-17 09:54:06,JNJ,129.99,3,ASK
2018-12-17 09:54:07,JNJ,129.89,1,BID
2018-12-17 09:54:07,JNJ,129.99,2,ASK
2018-12-17 09:54:08,JNJ,129.9,1,BID
2018-12-17 09:54:08,JNJ,129.99,2,ASK
2018-12-17 09:54:09,JNJ,129.88,3,BID
2018-12-17 09:54:09,JNJ,129.99,4,ASK
2018-12-17 09:54:09,JNJ,129.88,3,BID
2018-12-17 09:54:09,JNJ,129.99,4,ASK
2018-12-17 09:54:09,JNJ,129.92,1,BID
2018-12-17 09:54:09,JNJ,130.0,7,ASK
2018-12-17 09:54:11,JNJ,129.99,10,BID
2018-12-17 09:54:11,JNJ,130.04,2,ASK
2018-12-17 09:54:12,JNJ,129.91,2,BID
2018-12-17 09:54:12,JNJ,130.03,2,ASK
2018-12-17 09:54:14,JNJ,129.93,1,BID
2018-12-17 09:54:14,JNJ,130.03,2,ASK
2018-12-17 09:54:15,JNJ,129.99,10,BID
2018-12-17 09:54:15,JNJ,130.04,3,ASK
2018-12-17 09:54:16,JNJ,130.03,2,BID
2018-12-17 09:54:16,JNJ,130.14,5,ASK
2018-12-17 09:54:17,JNJ,130.12,1,BID
2018-12-17 09:54:17,JNJ,130.2,1,ASK
2018-12-17 09:54:18,JNJ,130.12,3,BID
2018-12-17 09:54:17,JNJ,130.2,2,ASK
2018-12-17 09:54:18,JNJ,130.16,3,BID
2018-12-17 09:52:13,JNJ,130.25,5,ASK
2018-12-17 09:54:21,JNJ,130.16,4,BID
2018-12-17 09:54:21,JNJ,130.27,4,ASK
2018-12-17 09:54:22,JNJ,130.14,1,BID
2018-12-17 09:54:22,JNJ,130.16,1,ASK
2018-12-17 09:54:23,JNJ,130.09,3,BID
2018-12-17 09:54:23,JNJ,130.15,4,ASK
2018-12-17 09:54:24,JNJ,130.05,5,BID
2018-12-17 09:54:24,JNJ,130.15,10,ASK
2018-12-17 09:54:25,JNJ,130.06,18,BID
2018-12-17 09:54:25,JNJ,130.14,4,ASK
2018-12-17 09:54:26,JNJ,130.08,3,BID
2018-12-17 09:54:24,JNJ,130.15,10,ASK
2018-12-17 09:54:27,JNJ,130.06,18,BID
2018-12-17 09:54:27,JNJ,130.15,12,ASK
2018-12-17 09:54:27,JNJ,130.06,18,BID
2018-12-17 09:54:27,JNJ,130.15,12,ASK
2018-12-17 09:54:29,JNJ,130.04,3,BID
2018-12-17 09:54:29,JNJ,130.06,4,ASK
2018-12-17 09:54:30,JNJ,130.04,5,BID
2018-12-17 09:54:30,JNJ,130.09,1,ASK
2018-12-17 09:54:31,JNJ,130.05,1,BID
2018-12-17 09:54:31,JNJ,130.19,2,ASK
2018-12-17 09:54:32,JNJ,130.18,1,BID
2018-12-17 09:54:32,JNJ,130.27,2,ASK
2018-12-17 09:54:33,JNJ,130.11,2,BID
2018-12-17 09:54:33,JNJ,130.23,3,ASK
2018-12-17 09:54:34,JNJ,130.13,1,BID
2018-12-17 09:54:34,JNJ,130.26,1,ASK
2018-12-17 09:54:35,JNJ,130.13,3,BID
2018-12-17 09:54:35,JNJ,130.22,2,ASK
2018-12-17 09:54:36,JNJ,130.16,1,BID
2018-12-17 09:54:36,JNJ,130.22,5,ASK
2018-12-17 09:54:36,JNJ,130.13,5,BID
2018-12-17 09:54:37,JNJ,130.2,1,ASK
2018-12-17 09:54:38,JNJ,130.14,1,BID
2018-12-17 09:54:38,JNJ,130.2,1,ASK
2018-12-17 09:54:39,JNJ,130.14,1,BID
2018-12-17 09:54:39,JNJ,130.19,1,ASK
2018-12-17 09:54:40,JNJ,130.14,1,BID
2018-12-17 09:54:40,JNJ,130.19,3,ASK
2018-12-17 09:54:41,JNJ,130.13,28,BID
2018-12-17 09:54:41,JNJ,130.14,1,ASK
2018-12-17 09:54:42,JNJ,130.13,17,BID
2018-12-17 09:54:42,JNJ,130.18,2,ASK
2018-12-17 09:54:43,JNJ,130.14,2,BID
2018-12-17 09:54:43,JNJ,130.18,2,ASK
2018-12-17 09:54:44,JNJ,130.16,2,BID
2018-12-17 09:54:44,JNJ,130.2,5,ASK
2018-12-17 09:54:45,JNJ,130.15,2,BID
2018-12-17 09:54:32,JNJ,130.28,5,ASK
2018-12-17 09:54:46,JNJ,130.15,2,BID
2018-12-17 09:54:46,JNJ,130.27,5,ASK
2018-12-17 09:54:47,JNJ,130.15,3,BID
2018-12-17 09:54:46,JNJ,130.27,8,ASK
2018-12-17 09:54:48,JNJ,130.15,2,BID
2018-12-17 09:54:48,JNJ,130.22,3,ASK
2018-12-17 09:54:48,JNJ,130.15,2,BID
2018-12-17 09:54:48,JNJ,130.22,3,ASK
2018-12-17 09:54:50,JNJ,130.15,2,BID
2018-12-17 09:54:50,JNJ,130.21,1,ASK
2018-12-17 09:54:51,JNJ,130.09,3,BID
2018-12-17 09:54:51,JNJ,130.17,1,ASK
2018-12-17 09:54:52,JNJ,130.09,2,BID
2018-12-17 09:54:52,JNJ,130.18,1,ASK
2018-12-17 09:54:53,JNJ,130.09,4,BID
2018-12-17 09:54:53,JNJ,130.18,2,ASK
2018-12-17 09:54:53,JNJ,130.09,4,BID
2018-12-17 09:54:53,JNJ,130.18,2,ASK
2018-12-17 09:54:53,JNJ,130.09,4,BID
2018-12-17 09:54:55,JNJ,130.17,1,ASK
2018-12-17 09:54:53,JNJ,130.09,4,BID
2018-12-17 09:54:56,JNJ,130.16,1,ASK
2018-12-17 09:54:53,JNJ,130.09,4,BID
2018-12-17 09:54:56,JNJ,130.16,2,ASK
2018-12-17 09:54:53,JNJ,130.09,5,BID
2018-12-17 09:54:58,JNJ,130.13,1,ASK
2018-12-17 09:54:59,JNJ,130.1,2,BID
2018-12-17 09:54:59,JNJ,130.13,3,ASK
2018-12-17 09:55:00,JNJ,130.1,2,BID
2018-12-17 09:54:51,JNJ,130.21,3,ASK
2018-12-17 09:54:53,JNJ,130.09,5,BID
2018-12-17 09:55:01,JNJ,130.19,3,ASK
2018-12-17 09:54:53,JNJ,130.09,5,BID
2018-12-17 09:55:01,JNJ,130.17,4,ASK
2018-12-17 09:55:01,JNJ,130.12,4,BID
2018-12-17 09:55:01,JNJ,130.16,4,ASK
2018-12-17 09:55:02,JNJ,130.09,1,BID
2018-12-17 09:55:02,JNJ,130.11,3,ASK
2018-12-17 09:55:03,JNJ,130.11,4,BID
2018-12-17 09:55:03,JNJ,130.21,2,ASK
2018-12-17 09:55:03,JNJ,130.07,1,BID
2018-12-17 09:55:03,JNJ,130.18,1,ASK
2018-12-17 09:55:03,JNJ,130.07,1,BID
2018-12-17 09:55:03,JNJ,130.18,1,ASK
2018-12-17 09:55:04,JNJ,130.07,2,BID
2018-12-17 09:55:04,JNJ,130.17,1,ASK
2018-12-17 09:55:05,JNJ,130.07,4,BID
2018-12-17 09:55:05,JNJ,130.18,3,ASK
2018-12-17 09:55:06,JNJ,130.1,1,BID
2018-12-17 09:55:06,JNJ,130.16,1,ASK
2018-12-17 09:55:09,JNJ,130.07,6,BID
2018-12-17 09:55:09,JNJ,130.16,6,ASK
2018-12-17 09:55:09,JNJ,130.08,5,BID
2018-12-17 09:55:11,JNJ,130.15,1,ASK
2018-12-17 09:55:13,JNJ,130.03,3,BID
2018-12-17 09:55:13,JNJ,130.08,1,ASK
2018-12-17 09:55:14,JNJ,130.03,4,BID
2018-12-17 09:55:14,JNJ,130.13,2,ASK
2018-12-17 09:55:15,JNJ,129.96,2,BID
2018-12-17 09:55:15,JNJ,130.09,4,ASK
2018-12-17 09:55:16,JNJ,129.96,4,BID
2018-12-17 09:55:16,JNJ,130.09,5,ASK
2018-12-17 09:55:17,JNJ,129.96,5,BID
2018-12-17 09:55:17,JNJ,130.09,6,ASK
2018-12-17 09:55:18,JNJ,129.96,5,BID
2018-12-17 09:55:18,JNJ,130.09,6,ASK
2018-12-17 09:55:19,JNJ,129.96,7,BID
2018-12-17 09:55:19,JNJ,130.04,5,ASK
2018-12-17 09:55:20,JNJ,129.97,1,BID
2018-12-17 09:55:20,JNJ,130.04,5,ASK
2018-12-17 09:55:21,JNJ,129.97,2,BID
2018-12-17 09:55:21,JNJ,130.04,5,ASK
2018-12-17 09:55:22,JNJ,129.98,1,BID
2018-12-17 09:55:22,JNJ,130.04,5,ASK
2018-12-17 09:55:23,JNJ,129.97,4,BID
2018-12-17 09:55:23,JNJ,130.04,5,ASK
2018-12-17 09:55:24,JNJ,129.98,1,BID
2018-12-17 09:55:24,JNJ,130.04,5,ASK
2018-12-17 09:55:25,JNJ,129.97,3,BID
2018-12-17 09:55:25,JNJ,130.04,5,ASK
2018-12-17 09:55:26,JNJ,129.97,4,BID
2018-12-17 09:55:26,JNJ,130.04,5,ASK
2018-12-17 09:55:26,JNJ,129.97,4,BID
2018-12-17 09:55:26,JNJ,130.04,5,ASK
2018-12-17 09:55:26,JNJ,129.97,4,BID
2018-12-17 09:55:26,JNJ,130.04,5,ASK
2018-12-17 09:55:30,JNJ,129.97,4,BID
2018-12-17 09:55:30,JNJ,130.04,5,ASK
2018-12-17 09:55:30,JNJ,129.97,4,BID
2018-12-17 09:55:30,JNJ,130.0,1,ASK
2018-12-17 09:55:31,JNJ,129.98,4,BID
2018-12-17 09:55:31,JNJ,130.03,8,ASK
2018-12-17 09:55:32,JNJ,129.98,7,BID
2018-12-17 09:55:32,JNJ,130.02,4,ASK
2018-12-17 09:55:34,JNJ,129.94,3,BID
2018-12-17 09:55:34,JNJ,129.99,2,ASK
2018-12-17 09:55:34,JNJ,129.92,1,BID
2018-12-17 09:55:34,JNJ,129.96,3,ASK
2018-12-17 09:55:35,JNJ,129.84,6,BID
2018-12-17 09:55:35,JNJ,129.88,1,ASK
2018-12-17 09:55:36,JNJ,129.82,2,BID
2018-12-17 09:55:36,JNJ,129.87,2,ASK
2018-12-17 09:55:37,JNJ,129.7,3,BID
2018-12-17 09:55:37,JNJ,129.77,8,ASK
2018-12-17 09:55:38,JNJ,129.69,6,BID
2018-12-17 09:55:38,JNJ,129.77,9,ASK
2018-12-17 09:55:39,JNJ,129.69,9,BID
2018-12-17 09:55:38,JNJ,129.77,9,ASK
2018-12-17 09:55:40,JNJ,129.69,9,BID
2018-12-17 09:55:40,JNJ,129.76,1,ASK
2018-12-17 09:55:41,JNJ,129.69,9,BID
2018-12-17 09:55:41,JNJ,129.77,12,ASK
2018-12-17 09:55:42,JNJ,129.69,9,BID
2018-12-17 09:55:42,JNJ,129.75,2,ASK
2018-12-17 09:55:42,JNJ,129.69,9,BID
2018-12-17 09:55:42,JNJ,129.75,2,ASK
2018-12-17 09:55:44,JNJ,129.76,1,BID
2018-12-17 09:55:44,JNJ,129.84,3,ASK
2018-12-17 09:55:45,JNJ,129.76,2,BID
2018-12-17 09:55:46,JNJ,129.84,4,ASK
2018-12-17 09:55:45,JNJ,129.76,2,BID
2018-12-17 09:55:46,JNJ,129.84,4,ASK
2018-12-17 09:55:47,JNJ,129.76,4,BID
2018-12-17 09:55:47,JNJ,129.84,7,ASK
2018-12-17 09:55:48,JNJ,129.76,4,BID
2018-12-17 09:55:48,JNJ,129.84,7,ASK
2018-12-17 09:55:49,JNJ,129.76,4,BID
2018-12-17 09:55:49,JNJ,129.84,8,ASK
2018-12-17 09:55:49,JNJ,129.76,4,BID
2018-12-17 09:55:49,JNJ,129.84,8,ASK
2018-12-17 09:55:51,JNJ,129.77,3,BID
2018-12-17 09:55:51,JNJ,129.84,9,ASK
2018-12-17 09:55:53,JNJ,129.84,3,BID
2018-12-17 09:55:53,JNJ,129.88,3,ASK
2018-12-17 09:55:53,JNJ,129.84,3,BID
2018-12-17 09:55:53,JNJ,129.87,1,ASK
2018-12-17 09:55:54,JNJ,129.84,4,BID
2018-12-17 09:55:54,JNJ,129.87,3,ASK
2018-12-17 09:55:54,JNJ,129.84,4,BID
2018-12-17 09:55:54,JNJ,129.87,2,ASK
2018-12-17 09:55:56,JNJ,129.84,4,BID
2018-12-17 09:55:56,JNJ,129.87,2,ASK
2018-12-17 09:55:56,JNJ,129.84,4,BID
2018-12-17 09:55:56,JNJ,129.87,2,ASK
2018-12-17 09:55:58,JNJ,129.85,5,BID
2018-12-17 09:55:58,JNJ,129.89,5,ASK
2018-12-17 09:56:00,JNJ,129.85,5,BID
2018-12-17 09:55:59,JNJ,129.89,6,ASK
2018-12-17 09:56:00,JNJ,129.85,5,BID
2018-12-17 09:56:00,JNJ,129.88,1,ASK
2018-12-17 09:56:01,JNJ,129.85,2,BID
2018-12-17 09:56:01,JNJ,129.88,6,ASK
2018-12-17 09:56:02,JNJ,129.84,9,BID
2018-12-17 09:56:02,JNJ,129.88,6,ASK
2018-12-17 09:56:02,JNJ,129.84,9,BID
2018-12-17 09:56:02,JNJ,129.88,6,ASK
2018-12-17 09:56:02,JNJ,129.84,10,BID
2018-12-17 09:56:02,JNJ,129.88,6,ASK
2018-12-17 09:56:02,JNJ,129.84,10,BID
2018-12-17 09:56:02,JNJ,129.88,6,ASK
2018-12-17 09:56:02,JNJ,129.84,10,BID
2018-12-17 09:56:02,JNJ,129.88,6,ASK
2018-12-17 09:56:07,JNJ,129.84,10,BID
2018-12-17 09:56:07,JNJ,129.87,3,ASK
2018-12-17 09:56:07,JNJ,129.84,10,BID
2018-12-17 09:56:07,JNJ,129.87,3,ASK
2018-12-17 09:56:09,JNJ,129.77,3,BID
2018-12-17 09:56:09,JNJ,129.8,1,ASK
2018-12-17 09:56:10,JNJ,129.75,4,BID
2018-12-17 09:56:10,JNJ,129.76,7,ASK
2018-12-17 09:56:12,JNJ,129.54,8,BID
2018-12-17 09:56:12,JNJ,129.62,6,ASK
2018-12-17 09:56:13,JNJ,129.54,8,BID
2018-12-17 09:56:13,JNJ,129.61,1,ASK
2018-12-17 09:56:13,JNJ,129.55,10,BID
2018-12-17 09:56:13,JNJ,129.62,7,ASK
2018-12-17 09:56:15,JNJ,129.56,2,BID
2018-12-17 09:56:15,JNJ,129.61,2,ASK
2018-12-17 09:56:16,JNJ,129.55,7,BID
2018-12-17 09:56:16,JNJ,129.61,5,ASK
2018-12-17 09:56:17,JNJ,129.55,7,BID
2018-12-17 09:56:17,JNJ,129.6,4,ASK
2018-12-17 09:56:18,JNJ,129.55,7,BID
2018-12-17 09:56:18,JNJ,129.61,3,ASK
2018-12-17 09:56:18,JNJ,129.56,3,BID
2018-12-17 09:56:18,JNJ,129.65,1,ASK
2018-12-17 09:56:19,JNJ,129.58,2,BID
2018-12-17 09:56:19,JNJ,129.66,3,ASK
2018-12-17 09:56:20,JNJ,129.6,5,BID
2018-12-17 09:56:20,JNJ,129.65,2,ASK
2018-12-17 09:56:22,JNJ,129.69,2,BID
2018-12-17 09:56:21,JNJ,129.77,4,ASK
2018-12-17 09:56:23,JNJ,129.69,2,BID
2018-12-17 09:56:23,JNJ,129.75,4,ASK
2018-12-17 09:56:24,JNJ,129.69,1,BID
2018-12-17 09:56:24,JNJ,129.75,9,ASK
2018-12-17 09:56:25,JNJ,129.69,5,BID
2018-12-17 09:56:24,JNJ,129.75,9,ASK
2018-12-17 09:56:26,JNJ,129.74,4,BID
2018-12-17 09:56:26,JNJ,129.84,1,ASK
2018-12-17 09:56:26,JNJ,129.74,3,BID
2018-12-17 09:56:26,JNJ,129.84,4,ASK
2018-12-17 09:56:27,JNJ,129.69,6,BID
2018-12-17 09:56:27,JNJ,129.78,5,ASK
2018-12-17 09:56:27,JNJ,129.72,3,BID
2018-12-17 09:56:27,JNJ,129.78,2,ASK
2018-12-17 09:56:29,JNJ,129.68,3,BID
2018-12-17 09:56:29,JNJ,129.75,8,ASK
2018-12-17 09:56:31,JNJ,129.68,2,BID
2018-12-17 09:56:31,JNJ,129.75,9,ASK
2018-12-17 09:56:32,JNJ,129.68,1,BID
2018-12-17 09:56:31,JNJ,129.69,2,ASK
2018-12-17 09:56:32,JNJ,129.68,3,BID
2018-12-17 09:56:32,JNJ,129.73,5,ASK
2018-12-17 09:56:32,JNJ,129.68,3,BID
2018-12-17 09:56:32,JNJ,129.73,5,ASK
2018-12-17 09:56:34,JNJ,129.68,5,BID
2018-12-17 09:56:34,JNJ,129.72,5,ASK
2018-12-17 09:56:36,JNJ,129.68,3,BID
2018-12-17 09:56:36,JNJ,129.69,2,ASK
2018-12-17 09:56:37,JNJ,129.68,3,BID
2018-12-17 09:56:37,JNJ,129.71,5,ASK
2018-12-17 09:56:37,JNJ,129.68,1,BID
2018-12-17 09:56:37,JNJ,129.71,4,ASK
2018-12-17 09:56:39,JNJ,129.68,1,BID
2018-12-17 09:56:38,JNJ,129.71,5,ASK
2018-12-17 09:56:40,JNJ,129.68,4,BID
2018-12-17 09:56:40,JNJ,129.7,2,ASK
2018-12-17 09:56:41,JNJ,129.66,1,BID
2018-12-17 09:56:41,JNJ,129.68,7,ASK
2018-12-17 09:56:20,JNJ,129.6,5,BID
2018-12-17 09:56:42,JNJ,129.64,3,ASK
2018-12-17 09:56:42,JNJ,129.57,3,BID
2018-12-17 09:56:42,JNJ,129.64,5,ASK
2018-12-17 09:56:42,JNJ,129.57,4,BID
2018-12-17 09:56:42,JNJ,129.64,5,ASK
2018-12-17 09:56:45,JNJ,129.63,1,BID
2018-12-17 09:56:44,JNJ,129.64,9,ASK
2018-12-17 09:56:46,JNJ,129.64,1,BID
2018-12-17 09:56:46,JNJ,129.69,6,ASK
2018-12-17 09:56:47,JNJ,129.63,4,BID
2018-12-17 09:56:46,JNJ,129.69,7,ASK
2018-12-17 09:56:48,JNJ,129.63,4,BID
2018-12-17 09:56:48,JNJ,129.69,6,ASK
2018-12-17 09:56:48,JNJ,129.63,4,BID
2018-12-17 09:56:48,JNJ,129.69,6,ASK
2018-12-17 09:56:50,JNJ,129.64,1,BID
2018-12-17 09:56:49,JNJ,129.69,6,ASK
2018-12-17 09:56:51,JNJ,129.65,5,BID
2018-12-17 09:56:51,JNJ,129.69,1,ASK
2018-12-17 09:56:52,JNJ,129.68,2,BID
2018-12-17 09:56:51,JNJ,129.74,5,ASK
2018-12-17 09:56:53,JNJ,129.68,2,BID
2018-12-17 09:56:51,JNJ,129.74,6,ASK
2018-12-17 09:56:54,JNJ,129.69,4,BID
2018-12-17 09:56:54,JNJ,129.73,4,ASK
2018-12-17 09:56:54,JNJ,129.69,2,BID
2018-12-17 09:56:54,JNJ,129.73,3,ASK
2018-12-17 09:56:55,JNJ,129.69,5,BID
2018-12-17 09:56:54,JNJ,129.73,3,ASK
2018-12-17 09:56:57,JNJ,129.69,5,BID
2018-12-17 09:56:57,JNJ,129.73,4,ASK
2018-12-17 09:56:57,JNJ,129.69,5,BID
2018-12-17 09:56:57,JNJ,129.73,4,ASK
2018-12-17 09:56:59,JNJ,129.69,4,BID
2018-12-17 09:56:59,JNJ,129.72,3,ASK
2018-12-17 09:56:59,JNJ,129.69,7,BID
2018-12-17 09:56:59,JNJ,129.72,4,ASK
2018-12-17 09:57:01,JNJ,129.68,1,BID
2018-12-17 09:57:00,JNJ,129.72,7,ASK
2018-12-17 09:57:02,JNJ,129.68,1,BID
2018-12-17 09:57:02,JNJ,129.71,2,ASK
2018-12-17 09:57:02,JNJ,129.68,1,BID
2018-12-17 09:57:02,JNJ,129.71,2,ASK
2018-12-17 09:57:04,JNJ,129.66,2,BID
2018-12-17 09:57:04,JNJ,129.7,3,ASK
2018-12-17 09:56:50,JNJ,129.63,9,BID
2018-12-17 09:57:04,JNJ,129.67,4,ASK
2018-12-17 09:57:06,JNJ,129.58,3,BID
2018-12-17 09:57:06,JNJ,129.59,1,ASK
2018-12-17 09:57:07,JNJ,129.55,7,BID
2018-12-17 09:57:07,JNJ,129.58,4,ASK
2018-12-17 09:57:08,JNJ,129.45,1,BID
2018-12-17 09:57:08,JNJ,129.5,8,ASK
2018-12-17 09:57:08,JNJ,129.43,7,BID
2018-12-17 09:57:08,JNJ,129.5,10,ASK
2018-12-17 09:57:08,JNJ,129.43,7,BID
2018-12-17 09:57:10,JNJ,129.5,10,ASK
2018-12-17 09:57:11,JNJ,129.43,1,BID
2018-12-17 09:57:11,JNJ,129.49,6,ASK
2018-12-17 09:57:12,JNJ,129.49,4,BID
2018-12-17 09:57:12,JNJ,129.55,4,ASK
2018-12-17 09:57:13,JNJ,129.45,11,BID
2018-12-17 09:57:13,JNJ,129.53,2,ASK
2018-12-17 09:57:14,JNJ,129.48,2,BID
2018-12-17 09:57:14,JNJ,129.53,5,ASK
2018-12-17 09:57:14,JNJ,129.48,2,BID
2018-12-17 09:57:14,JNJ,129.53,5,ASK
2018-12-17 09:57:15,JNJ,129.48,2,BID
2018-12-17 09:57:15,JNJ,129.52,1,ASK
2018-12-17 09:57:17,JNJ,129.47,4,BID
2018-12-17 09:57:17,JNJ,129.51,5,ASK
2018-12-17 09:57:18,JNJ,129.49,1,BID
2018-12-17 09:57:17,JNJ,129.51,6,ASK
2018-12-17 09:57:19,JNJ,129.49,3,BID
2018-12-17 09:57:19,JNJ,129.5,2,ASK
2018-12-17 09:57:20,JNJ,129.47,7,BID
2018-12-17 09:57:19,JNJ,129.5,8,ASK
2018-12-17 09:57:20,JNJ,129.47,7,BID
2018-12-17 09:57:19,JNJ,129.5,8,ASK
2018-12-17 09:57:22,JNJ,129.46,1,BID
2018-12-17 09:57:22,JNJ,129.47,11,ASK
2018-12-17 09:57:22,JNJ,129.46,2,BID
2018-12-17 09:57:22,JNJ,129.47,11,ASK
2018-12-17 09:49:06,JNJ,129.4,25,BID
2018-12-17 09:57:24,JNJ,129.45,4,ASK
2018-12-17 09:49:06,JNJ,129.4,2,BID
2018-12-17 09:57:25,JNJ,129.44,5,ASK
2018-12-17 09:57:26,JNJ,129.31,5,BID
2018-12-17 09:57:26,JNJ,129.35,5,ASK
2018-12-17 09:57:27,JNJ,129.28,1,BID
2018-12-17 09:57:27,JNJ,129.35,5,ASK
2018-12-17 09:57:27,JNJ,129.28,1,BID
2018-12-17 09:57:27,JNJ,129.34,3,ASK
2018-12-17 09:57:28,JNJ,129.25,11,BID
2018-12-17 09:57:28,JNJ,129.31,3,ASK
2018-12-17 09:57:30,JNJ,129.34,1,BID
2018-12-17 09:57:30,JNJ,129.35,1,ASK
2018-12-17 09:57:30,JNJ,129.34,1,BID
2018-12-17 09:57:30,JNJ,129.41,8,ASK
2018-12-17 09:57:32,JNJ,129.4,5,BID
2018-12-17 09:57:32,JNJ,129.44,5,ASK
2018-12-17 09:57:33,JNJ,129.4,2,BID
2018-12-17 09:57:32,JNJ,129.44,5,ASK
2018-12-17 09:57:34,JNJ,129.4,3,BID
2018-12-17 09:57:34,JNJ,129.44,7,ASK
2018-12-17 09:57:35,JNJ,129.36,4,BID
2018-12-17 09:57:35,JNJ,129.43,5,ASK
2018-12-17 09:57:36,JNJ,129.35,1,BID
2018-12-17 09:57:36,JNJ,129.43,5,ASK
2018-12-17 09:57:37,JNJ,129.36,1,BID
2018-12-17 09:57:37,JNJ,129.42,1,ASK
2018-12-17 09:57:38,JNJ,129.35,6,BID
2018-12-17 09:57:38,JNJ,129.42,1,ASK
2018-12-17 09:57:39,JNJ,129.38,1,BID
2018-12-17 09:57:39,JNJ,129.43,4,ASK
2018-12-17 09:57:40,JNJ,129.38,4,BID
2018-12-17 09:57:40,JNJ,129.43,4,ASK
2018-12-17 09:57:41,JNJ,129.38,4,BID
2018-12-17 09:57:40,JNJ,129.43,4,ASK
2018-12-17 09:57:42,JNJ,129.43,7,BID
2018-12-17 09:57:42,JNJ,129.49,6,ASK
2018-12-17 09:57:42,JNJ,129.45,1,BID
2018-12-17 09:57:42,JNJ,129.49,8,ASK
2018-12-17 09:57:44,JNJ,129.49,1,BID
2018-12-17 09:57:44,JNJ,129.52,6,ASK
2018-12-17 09:57:44,JNJ,129.49,2,BID
2018-12-17 09:57:44,JNJ,129.54,8,ASK
2018-12-17 09:57:46,JNJ,129.49,2,BID
2018-12-17 09:57:46,JNJ,129.54,7,ASK
2018-12-17 09:57:47,JNJ,129.5,5,BID
2018-12-17 09:57:47,JNJ,129.54,7,ASK
2018-12-17 09:57:48,JNJ,129.5,6,BID
2018-12-17 09:57:48,JNJ,129.51,1,ASK
2018-12-17 09:57:49,JNJ,129.5,5,BID
2018-12-17 09:57:49,JNJ,129.54,7,ASK
2018-12-17 09:57:49,JNJ,129.5,8,BID
2018-12-17 09:57:49,JNJ,129.54,7,ASK
2018-12-17 09:57:51,JNJ,129.54,4,BID
2018-12-17 09:57:51,JNJ,129.59,1,ASK
2018-12-17 09:57:52,JNJ,129.55,2,BID
2018-12-17 09:57:52,JNJ,129.59,7,ASK
2018-12-17 09:57:52,JNJ,129.55,8,BID
2018-12-17 09:57:52,JNJ,129.59,7,ASK
2018-12-17 09:57:54,JNJ,129.55,7,BID
2018-12-17 09:57:54,JNJ,129.58,6,ASK
2018-12-17 09:57:54,JNJ,129.55,7,BID
2018-12-17 09:57:54,JNJ,129.59,28,ASK
2018-12-17 09:57:56,JNJ,129.55,7,BID
2018-12-17 09:57:56,JNJ,129.58,3,ASK
2018-12-17 09:57:57,JNJ,129.56,1,BID
2018-12-17 09:57:56,JNJ,129.58,3,ASK
2018-12-17 09:57:58,JNJ,129.56,1,BID
2018-12-17 09:57:58,JNJ,129.58,4,ASK
2018-12-17 09:57:59,JNJ,129.55,12,BID
2018-12-17 09:57:59,JNJ,129.59,10,ASK
2018-12-17 09:58:00,JNJ,129.55,12,BID
2018-12-17 09:57:59,JNJ,129.59,7,ASK
2018-12-17 09:58:00,JNJ,129.55,15,BID
2018-12-17 09:57:59,JNJ,129.59,10,ASK
2018-12-17 09:58:00,JNJ,129.55,15,BID
2018-12-17 09:57:59,JNJ,129.59,10,ASK
2018-12-17 09:58:03,JNJ,129.55,10,BID
2018-12-17 09:58:02,JNJ,129.59,7,ASK
2018-12-17 09:58:03,JNJ,129.55,7,BID
2018-12-17 09:58:04,JNJ,129.58,3,ASK
2018-12-17 09:58:03,JNJ,129.55,7,BID
2018-12-17 09:58:04,JNJ,129.58,3,ASK
2018-12-17 09:58:06,JNJ,129.51,8,BID
2018-12-17 09:58:06,JNJ,129.56,1,ASK
2018-12-17 09:58:07,JNJ,129.57,1,BID
2018-12-17 09:58:05,JNJ,129.58,2,ASK
2018-12-17 09:58:08,JNJ,129.58,1,BID
2018-12-17 09:58:08,JNJ,129.64,5,ASK
2018-12-17 09:58:09,JNJ,129.58,3,BID
2018-12-17 09:58:09,JNJ,129.7,5,ASK
2018-12-17 09:58:10,JNJ,129.7,4,BID
2018-12-17 09:58:10,JNJ,129.78,8,ASK
2018-12-17 09:58:11,JNJ,129.66,3,BID
2018-12-17 09:58:11,JNJ,129.77,8,ASK
2018-12-17 09:58:12,JNJ,129.66,3,BID
2018-12-17 09:58:11,JNJ,129.77,8,ASK
2018-12-17 09:58:13,JNJ,129.66,7,BID
2018-12-17 09:58:13,JNJ,129.74,1,ASK
2018-12-17 09:58:14,JNJ,129.66,7,BID
2018-12-17 09:58:14,JNJ,129.7,1,ASK
2018-12-17 09:58:15,JNJ,129.65,7,BID
2018-12-17 09:58:15,JNJ,129.7,2,ASK
2018-12-17 09:58:16,JNJ,129.66,1,BID
2018-12-17 09:58:16,JNJ,129.69,7,ASK
2018-12-17 09:58:17,JNJ,129.65,6,BID
2018-12-17 09:58:16,JNJ,129.69,7,ASK
2018-12-17 09:58:18,JNJ,129.66,1,BID
2018-12-17 09:58:16,JNJ,129.69,7,ASK
2018-12-17 09:58:19,JNJ,129.68,2,BID
2018-12-17 09:58:19,JNJ,129.72,2,ASK
2018-12-17 09:58:20,JNJ,129.68,2,BID
2018-12-17 09:58:20,JNJ,129.71,1,ASK
2018-12-17 09:58:21,JNJ,129.68,2,BID
2018-12-17 09:58:21,JNJ,129.73,7,ASK
2018-12-17 09:58:21,JNJ,129.68,2,BID
2018-12-17 09:58:21,JNJ,129.73,7,ASK
2018-12-17 09:58:21,JNJ,129.68,2,BID
2018-12-17 09:58:21,JNJ,129.73,7,ASK
2018-12-17 09:58:21,JNJ,129.68,2,BID
2018-12-17 09:58:21,JNJ,129.73,7,ASK
2018-12-17 09:58:25,JNJ,129.68,2,BID
2018-12-17 09:58:25,JNJ,129.73,6,ASK
2018-12-17 09:58:26,JNJ,129.69,5,BID
2018-12-17 09:58:26,JNJ,129.75,4,ASK
2018-12-17 09:58:27,JNJ,129.82,4,BID
2018-12-17 09:58:27,JNJ,129.9,13,ASK
2018-12-17 09:58:28,JNJ,129.82,10,BID
2018-12-17 09:58:27,JNJ,129.9,13,ASK
2018-12-17 09:58:29,JNJ,129.84,2,BID
2018-12-17 09:58:29,JNJ,129.9,10,ASK
2018-12-17 09:58:29,JNJ,129.84,2,BID
2018-12-17 09:58:30,JNJ,129.9,9,ASK
2018-12-17 09:58:31,JNJ,129.85,1,BID
2018-12-17 09:58:31,JNJ,129.89,2,ASK
2018-12-17 09:58:32,JNJ,129.88,4,BID
2018-12-17 09:58:32,JNJ,129.96,4,ASK
2018-12-17 09:58:33,JNJ,129.91,1,BID
2018-12-17 09:58:33,JNJ,129.96,10,ASK
2018-12-17 09:58:34,JNJ,129.92,1,BID
2018-12-17 09:58:33,JNJ,129.96,9,ASK
2018-12-17 09:58:35,JNJ,129.92,1,BID
2018-12-17 09:58:33,JNJ,129.96,9,ASK
2018-12-17 09:58:36,JNJ,129.94,2,BID
2018-12-17 09:58:36,JNJ,130.0,16,ASK
2018-12-17 09:58:37,JNJ,129.93,83,BID
2018-12-17 09:58:37,JNJ,129.94,1,ASK
2018-12-17 09:58:38,JNJ,129.93,83,BID
2018-12-17 09:58:38,JNJ,129.98,6,ASK
2018-12-17 09:58:39,JNJ,129.88,6,BID
2018-12-17 09:58:39,JNJ,129.98,10,ASK
2018-12-17 09:58:40,JNJ,129.85,2,BID
2018-12-17 09:58:40,JNJ,129.95,3,ASK
2018-12-17 09:58:41,JNJ,129.85,4,BID
2018-12-17 09:58:41,JNJ,129.95,3,ASK
2018-12-17 09:58:42,JNJ,129.85,4,BID
2018-12-17 09:58:42,JNJ,129.92,2,ASK
2018-12-17 09:58:43,JNJ,129.85,5,BID
2018-12-17 09:58:43,JNJ,129.92,2,ASK
2018-12-17 09:58:44,JNJ,129.85,5,BID
2018-12-17 09:58:44,JNJ,129.87,3,ASK
2018-12-17 09:58:45,JNJ,129.87,2,BID
2018-12-17 09:58:45,JNJ,129.96,3,ASK
2018-12-17 09:58:46,JNJ,129.87,3,BID
2018-12-17 09:58:46,JNJ,129.96,3,ASK
2018-12-17 09:58:46,JNJ,129.87,3,BID
2018-12-17 09:58:47,JNJ,129.96,3,ASK
2018-12-17 09:58:46,JNJ,129.87,3,BID
2018-12-17 09:58:47,JNJ,129.96,3,ASK
2018-12-17 09:58:49,JNJ,130.02,1,BID
2018-12-17 09:58:49,JNJ,130.1,12,ASK
2018-12-17 09:58:49,JNJ,130.02,1,BID
2018-12-17 09:58:49,JNJ,130.1,12,ASK
2018-12-17 09:58:51,JNJ,130.02,3,BID
2018-12-17 09:58:51,JNJ,130.1,12,ASK
2018-12-17 09:58:52,JNJ,130.0,11,BID
2018-12-17 09:58:52,JNJ,130.03,6,ASK
2018-12-17 09:58:53,JNJ,130.0,9,BID
2018-12-17 09:58:53,JNJ,130.01,2,ASK
2018-12-17 09:58:53,JNJ,130.0,9,BID
2018-12-17 09:58:54,JNJ,130.05,1,ASK
2018-12-17 09:58:53,JNJ,130.0,9,BID
2018-12-17 09:58:55,JNJ,130.05,2,ASK
2018-12-17 09:58:53,JNJ,130.0,9,BID
2018-12-17 09:58:56,JNJ,130.04,4,ASK
2018-12-17 09:58:57,JNJ,130.06,1,BID
2018-12-17 09:58:57,JNJ,130.18,7,ASK
2018-12-17 09:58:58,JNJ,130.08,1,BID
2018-12-17 09:58:58,JNJ,130.16,4,ASK
2018-12-17 09:58:58,JNJ,130.09,3,BID
2018-12-17 09:58:59,JNJ,130.16,1,ASK
2018-12-17 09:59:00,JNJ,130.14,5,BID
2018-12-17 09:59:00,JNJ,130.15,4,ASK
2018-12-17 09:59:01,JNJ,130.15,4,BID
2018-12-17 09:59:01,JNJ,130.24,4,ASK
2018-12-17 09:59:02,JNJ,130.43,9,BID
2018-12-17 09:59:02,JNJ,130.49,7,ASK
2018-12-17 09:59:03,JNJ,130.42,4,BID
2018-12-17 09:59:03,JNJ,130.49,7,ASK
2018-12-17 09:59:04,JNJ,130.44,1,BID
2018-12-17 09:59:04,JNJ,130.47,2,ASK
2018-12-17 09:59:05,JNJ,130.43,2,BID
2018-12-17 09:59:05,JNJ,130.44,2,ASK
2018-12-17 09:59:06,JNJ,130.5,3,BID
2018-12-17 09:59:06,JNJ,130.6,1,ASK
2018-12-17 09:59:07,JNJ,130.49,1,BID
2018-12-17 09:59:07,JNJ,130.6,6,ASK
2018-12-17 09:59:08,JNJ,130.49,5,BID
2018-12-17 09:59:08,JNJ,130.6,6,ASK
2018-12-17 09:59:09,JNJ,130.49,4,BID
2018-12-17 09:59:09,JNJ,130.6,6,ASK
2018-12-17 09:59:10,JNJ,130.56,3,BID
2018-12-17 09:59:10,JNJ,130.64,1,ASK
2018-12-17 09:59:11,JNJ,130.59,3,BID
2018-12-17 09:59:11,JNJ,130.67,4,ASK
2018-12-17 09:59:12,JNJ,130.7,2,BID
2018-12-17 09:59:12,JNJ,130.73,1,ASK
2018-12-17 09:59:13,JNJ,130.69,1,BID
2018-12-17 09:59:13,JNJ,130.75,3,ASK
2018-12-17 09:59:14,JNJ,130.72,4,BID
2018-12-17 09:59:14,JNJ,130.79,5,ASK
2018-12-17 09:59:15,JNJ,130.88,2,BID
2018-12-17 09:59:15,JNJ,130.93,3,ASK
2018-12-17 09:59:16,JNJ,130.88,6,BID
2018-12-17 09:59:16,JNJ,130.99,10,ASK
2018-12-17 09:59:17,JNJ,130.93,4,BID
2018-12-17 09:59:17,JNJ,130.99,7,ASK
2018-12-17 09:59:18,JNJ,130.78,4,BID
2018-12-17 09:59:18,JNJ,130.95,2,ASK
2018-12-17 09:59:19,JNJ,130.91,5,BID
2018-12-17 09:59:19,JNJ,130.99,4,ASK
2018-12-17 09:59:20,JNJ,130.91,2,BID
2018-12-17 09:59:20,JNJ,130.95,5,ASK
2018-12-17 09:59:21,JNJ,130.91,5,BID
2018-12-17 09:59:21,JNJ,130.93,2,ASK
2018-12-17 09:59:22,JNJ,130.89,5,BID
2018-12-17 09:59:22,JNJ,130.9,4,ASK
2018-12-17 09:59:23,JNJ,130.84,2,BID
2018-12-17 09:59:23,JNJ,130.9,5,ASK
2018-12-17 09:59:24,JNJ,130.84,3,BID
2018-12-17 09:59:24,JNJ,130.91,10,ASK
2018-12-17 09:59:25,JNJ,130.82,3,BID
2018-12-17 09:59:25,JNJ,130.87,1,ASK
2018-12-17 09:59:26,JNJ,130.73,4,BID
2018-12-17 09:59:26,JNJ,130.86,4,ASK
2018-12-17 09:59:27,JNJ,130.73,7,BID
2018-12-17 09:59:27,JNJ,130.78,3,ASK
2018-12-17 09:59:27,JNJ,130.73,7,BID
2018-12-17 09:59:27,JNJ,130.78,3,ASK
2018-12-17 09:59:29,JNJ,130.73,10,BID
2018-12-17 09:59:29,JNJ,130.82,6,ASK
2018-12-17 09:59:30,JNJ,130.74,3,BID
2018-12-17 09:59:30,JNJ,130.82,5,ASK
2018-12-17 09:59:31,JNJ,130.78,5,BID
2018-12-17 09:59:30,JNJ,130.86,4,ASK
2018-12-17 09:59:32,JNJ,130.79,3,BID
2018-12-17 09:59:32,JNJ,130.85,2,ASK
2018-12-17 09:59:33,JNJ,130.79,3,BID
2018-12-17 09:59:34,JNJ,130.85,4,ASK
2018-12-17 09:59:34,JNJ,130.79,5,BID
2018-12-17 09:59:34,JNJ,130.86,3,ASK
2018-12-17 09:59:35,JNJ,130.79,5,BID
2018-12-17 09:59:35,JNJ,130.86,8,ASK
2018-12-17 09:59:36,JNJ,130.81,3,BID
2018-12-17 09:59:36,JNJ,130.85,1,ASK
2018-12-17 09:59:36,JNJ,130.81,3,BID
2018-12-17 09:59:36,JNJ,130.86,8,ASK
2018-12-17 09:59:36,JNJ,130.81,3,BID
2018-12-17 09:59:36,JNJ,130.86,8,ASK
2018-12-17 09:59:38,JNJ,130.82,1,BID
2018-12-17 09:59:38,JNJ,130.86,9,ASK
2018-12-17 09:59:38,JNJ,130.81,3,BID
2018-12-17 09:59:38,JNJ,130.86,9,ASK
2018-12-17 09:59:41,JNJ,130.71,6,BID
2018-12-17 09:59:41,JNJ,130.79,1,ASK
2018-12-17 09:59:42,JNJ,130.72,3,BID
2018-12-17 09:59:42,JNJ,130.8,1,ASK
2018-12-17 09:59:43,JNJ,130.81,3,BID
2018-12-17 09:59:43,JNJ,130.82,4,ASK
2018-12-17 09:59:45,JNJ,130.84,3,BID
2018-12-17 09:59:45,JNJ,130.91,12,ASK
2018-12-17 09:59:45,JNJ,130.81,7,BID
2018-12-17 09:59:45,JNJ,130.91,9,ASK
2018-12-17 09:59:45,JNJ,130.81,7,BID
2018-12-17 09:59:46,JNJ,130.91,9,ASK
2018-12-17 09:59:47,JNJ,130.87,4,BID
2018-12-17 09:59:47,JNJ,130.97,6,ASK
2018-12-17 09:59:48,JNJ,130.87,5,BID
2018-12-17 09:59:48,JNJ,130.95,1,ASK
2018-12-17 09:59:50,JNJ,130.91,1,BID
2018-12-17 09:59:50,JNJ,130.97,6,ASK
2018-12-17 09:59:50,JNJ,130.92,2,BID
2018-12-17 09:59:50,JNJ,131.0,64,ASK
2018-12-17 09:59:51,JNJ,131.09,1,BID
2018-12-17 09:59:51,JNJ,131.17,2,ASK
2018-12-17 09:59:52,JNJ,131.08,2,BID
2018-12-17 09:59:52,JNJ,131.19,9,ASK
2018-12-17 09:59:53,JNJ,131.12,1,BID
2018-12-17 09:59:53,JNJ,131.19,4,ASK
2018-12-17 09:59:52,JNJ,131.08,6,BID
2018-12-17 09:59:54,JNJ,131.17,4,ASK
2018-12-17 09:59:55,JNJ,131.05,1,BID
2018-12-17 09:59:55,JNJ,131.12,3,ASK
2018-12-17 09:59:55,JNJ,131.06,4,BID
2018-12-17 09:59:55,JNJ,131.17,4,ASK
2018-12-17 09:59:57,JNJ,131.06,3,BID
2018-12-17 09:59:56,JNJ,131.17,11,ASK
2018-12-17 09:59:58,JNJ,130.98,4,BID
2018-12-17 09:59:59,JNJ,131.06,5,ASK
2018-12-17 09:59:59,JNJ,130.98,4,BID
2018-12-17 09:59:59,JNJ,131.06,5,ASK
2018-12-17 10:00:00,JNJ,130.94,2,BID
2018-12-17 10:00:00,JNJ,131.0,1,ASK
2018-12-17 10:00:00,JNJ,130.94,3,BID
2018-12-17 10:00:00,JNJ,131.06,4,ASK
2018-12-17 10:00:01,JNJ,130.96,1,BID
2018-12-17 10:00:01,JNJ,131.05,3,ASK
2018-12-17 10:00:02,JNJ,130.96,1,BID
2018-12-17 10:00:02,JNJ,131.04,1,ASK
2018-12-17 10:00:02,JNJ,130.95,2,BID
2018-12-17 10:00:02,JNJ,131.0,2,ASK
2018-12-17 10:00:03,JNJ,130.96,2,BID
2018-12-17 10:00:03,JNJ,131.04,1,ASK
2018-12-17 10:00:05,JNJ,130.89,3,BID
2018-12-17 10:00:05,JNJ,130.94,1,ASK
2018-12-17 10:00:05,JNJ,130.84,2,BID
2018-12-17 10:00:05,JNJ,130.92,1,ASK
2018-12-17 10:00:07,JNJ,130.85,2,BID
2018-12-17 10:00:07,JNJ,130.96,5,ASK
2018-12-17 10:00:07,JNJ,130.85,4,BID
2018-12-17 10:00:07,JNJ,130.94,4,ASK
2018-12-17 10:00:07,JNJ,130.87,1,BID
2018-12-17 10:00:07,JNJ,130.94,8,ASK
2018-12-17 10:00:08,JNJ,130.87,2,BID
2018-12-17 10:00:07,JNJ,130.94,6,ASK
2018-12-17 10:00:09,JNJ,130.81,2,BID
2018-12-17 10:00:09,JNJ,130.86,2,ASK
2018-12-17 10:00:10,JNJ,130.83,2,BID
2018-12-17 10:00:10,JNJ,130.92,4,ASK
2018-12-17 10:00:10,JNJ,130.84,2,BID
2018-12-17 10:00:10,JNJ,130.92,4,ASK
2018-12-17 10:00:12,JNJ,130.81,13,BID
2018-12-17 10:00:12,JNJ,130.87,4,ASK
2018-12-17 10:00:14,JNJ,130.81,11,BID
2018-12-17 10:00:12,JNJ,130.87,7,ASK
2018-12-17 10:00:15,JNJ,130.81,1,BID
2018-12-17 10:00:15,JNJ,130.82,1,ASK
2018-12-17 10:00:15,JNJ,130.81,1,BID
2018-12-17 10:00:15,JNJ,130.82,1,ASK
2018-12-17 10:00:17,JNJ,130.81,5,BID
2018-12-17 10:00:12,JNJ,130.87,9,ASK
2018-12-17 10:00:19,JNJ,130.81,5,BID
2018-12-17 10:00:19,JNJ,130.82,9,ASK
2018-12-17 10:00:22,JNJ,130.76,4,BID
2018-12-17 10:00:22,JNJ,130.81,4,ASK
2018-12-17 10:00:22,JNJ,130.75,3,BID
2018-12-17 10:00:22,JNJ,130.79,1,ASK
2018-12-17 10:00:24,JNJ,130.69,6,BID
2018-12-17 10:00:24,JNJ,130.75,1,ASK
2018-12-17 10:00:25,JNJ,130.61,5,BID
2018-12-17 10:00:25,JNJ,130.68,3,ASK
2018-12-17 10:00:26,JNJ,130.65,2,BID
2018-12-17 10:00:26,JNJ,130.74,1,ASK
2018-12-17 10:00:26,JNJ,130.65,3,BID
2018-12-17 10:00:26,JNJ,130.74,1,ASK
2018-12-17 10:00:27,JNJ,130.65,5,BID
2018-12-17 10:00:27,JNJ,130.73,2,ASK
2018-12-17 10:00:28,JNJ,130.66,4,BID
2018-12-17 10:00:28,JNJ,130.73,5,ASK
2018-12-17 10:00:30,JNJ,130.66,2,BID
2018-12-17 10:00:30,JNJ,130.72,1,ASK
2018-12-17 10:00:31,JNJ,130.61,1,BID
2018-12-17 10:00:31,JNJ,130.65,1,ASK
2018-12-17 10:00:32,JNJ,130.61,3,BID
2018-12-17 10:00:32,JNJ,130.65,2,ASK
2018-12-17 10:00:33,JNJ,130.66,2,BID
2018-12-17 10:00:33,JNJ,130.71,2,ASK
2018-12-17 10:00:34,JNJ,130.67,4,BID
2018-12-17 10:00:33,JNJ,130.71,3,ASK
2018-12-17 10:00:35,JNJ,130.66,6,BID
2018-12-17 10:00:35,JNJ,130.71,5,ASK
2018-12-17 10:00:36,JNJ,130.67,1,BID
2018-12-17 10:00:36,JNJ,130.71,7,ASK
2018-12-17 10:00:36,JNJ,130.67,1,BID
2018-12-17 10:00:36,JNJ,130.71,7,ASK
2018-12-17 10:00:37,JNJ,130.65,1,BID
2018-12-17 10:00:37,JNJ,130.66,4,ASK
2018-12-17 10:00:39,JNJ,130.57,2,BID
2018-12-17 10:00:38,JNJ,130.6,4,ASK
2018-12-17 10:00:40,JNJ,130.57,3,BID
2018-12-17 10:00:40,JNJ,130.59,1,ASK
2018-12-17 10:00:41,JNJ,130.57,3,BID
2018-12-17 10:00:41,JNJ,130.59,4,ASK
2018-12-17 10:00:42,JNJ,130.59,1,BID
2018-12-17 10:00:38,JNJ,130.6,4,ASK
2018-12-17 10:00:43,JNJ,130.59,3,BID
2018-12-17 10:00:38,JNJ,130.6,4,ASK
2018-12-17 10:00:43,JNJ,130.59,3,BID
2018-12-17 10:00:43,JNJ,130.63,3,ASK
2018-12-17 10:00:44,JNJ,130.59,3,BID
2018-12-17 10:00:44,JNJ,130.63,5,ASK
2018-12-17 10:00:44,JNJ,130.59,3,BID
2018-12-17 10:00:44,JNJ,130.63,5,ASK
2018-12-17 10:00:46,JNJ,130.61,2,BID
2018-12-17 10:00:46,JNJ,130.63,5,ASK
2018-12-17 10:00:48,JNJ,130.61,1,BID
2018-12-17 10:00:48,JNJ,130.62,1,ASK
2018-12-17 10:00:48,JNJ,130.61,3,BID
2018-12-17 10:00:48,JNJ,130.64,3,ASK
2018-12-17 10:00:50,JNJ,130.61,4,BID
2018-12-17 10:00:50,JNJ,130.64,4,ASK
2018-12-17 10:00:51,JNJ,130.61,1,BID
2018-12-17 10:00:51,JNJ,130.64,9,ASK
2018-12-17 10:00:51,JNJ,130.6,7,BID
2018-12-17 10:00:52,JNJ,130.64,9,ASK
2018-12-17 10:00:51,JNJ,130.6,7,BID
2018-12-17 10:00:52,JNJ,130.64,9,ASK
2018-12-17 10:00:54,JNJ,130.65,1,BID
2018-12-17 10:00:54,JNJ,130.71,11,ASK
2018-12-17 10:00:54,JNJ,130.71,1,BID
2018-12-17 10:00:29,JNJ,130.73,15,ASK
2018-12-17 10:00:51,JNJ,130.6,7,BID
2018-12-17 10:00:55,JNJ,130.68,2,ASK
2018-12-17 10:00:56,JNJ,130.64,2,BID
2018-12-17 10:00:56,JNJ,130.68,2,ASK
2018-12-17 10:00:58,JNJ,130.67,4,BID
2018-12-17 10:00:29,JNJ,130.73,15,ASK
2018-12-17 10:00:59,JNJ,130.67,1,BID
2018-12-17 10:00:29,JNJ,130.73,15,ASK
2018-12-17 10:01:00,JNJ,130.67,2,BID
2018-12-17 10:00:29,JNJ,130.73,14,ASK
2018-12-17 10:01:00,JNJ,130.67,2,BID
2018-12-17 10:00:29,JNJ,130.73,14,ASK
2018-12-17 10:01:02,JNJ,130.69,2,BID
2018-12-17 10:00:29,JNJ,130.73,13,ASK
2018-12-17 10:01:02,JNJ,130.69,4,BID
2018-12-17 10:00:29,JNJ,130.73,13,ASK
2018-12-17 10:01:04,JNJ,130.64,2,BID
2018-12-17 10:01:03,JNJ,130.73,17,ASK
2018-12-17 10:01:05,JNJ,130.66,1,BID
2018-12-17 10:01:05,JNJ,130.72,7,ASK
2018-12-17 10:01:05,JNJ,130.68,1,BID
2018-12-17 10:01:05,JNJ,130.72,5,ASK
2018-12-17 10:01:07,JNJ,130.69,6,BID
2018-12-17 10:01:07,JNJ,130.72,1,ASK
2018-12-17 10:01:07,JNJ,130.69,7,BID
2018-12-17 10:01:08,JNJ,130.72,1,ASK
2018-12-17 10:01:09,JNJ,130.62,3,BID
2018-12-17 10:01:09,JNJ,130.68,1,ASK
2018-12-17 10:01:10,JNJ,130.64,2,BID
2018-12-17 10:01:10,JNJ,130.67,2,ASK
2018-12-17 10:01:10,JNJ,130.64,2,BID
2018-12-17 10:01:10,JNJ,130.66,1,ASK
2018-12-17 10:01:12,JNJ,130.64,2,BID
2018-12-17 10:01:12,JNJ,130.69,1,ASK
2018-12-17 10:01:12,JNJ,130.64,2,BID
2018-12-17 10:01:12,JNJ,130.69,1,ASK
2018-12-17 10:01:14,JNJ,130.65,2,BID
2018-12-17 10:01:14,JNJ,130.68,2,ASK
2018-12-17 10:01:15,JNJ,130.65,2,BID
2018-12-17 10:01:15,JNJ,130.68,4,ASK
2018-12-17 10:01:16,JNJ,130.65,5,BID
2018-12-17 10:01:16,JNJ,130.72,1,ASK
2018-12-17 10:01:17,JNJ,130.72,1,BID
2018-12-17 10:01:17,JNJ,130.79,12,ASK
2018-12-17 10:01:18,JNJ,130.73,1,BID
2018-12-17 10:01:18,JNJ,130.79,14,ASK
2018-12-17 10:01:19,JNJ,130.73,3,BID
2018-12-17 10:01:19,JNJ,130.79,14,ASK
2018-12-17 10:01:19,JNJ,130.75,1,BID
2018-12-17 10:01:19,JNJ,130.79,12,ASK
2018-12-17 10:01:21,JNJ,130.66,1,BID
2018-12-17 10:01:21,JNJ,130.75,4,ASK
2018-12-17 10:01:22,JNJ,130.66,8,BID
2018-12-17 10:01:22,JNJ,130.78,4,ASK
2018-12-17 10:01:23,JNJ,130.66,7,BID
2018-12-17 10:01:23,JNJ,130.78,4,ASK
2018-12-17 10:01:23,JNJ,130.72,2,BID
2018-12-17 10:01:23,JNJ,130.78,7,ASK
2018-12-17 10:01:24,JNJ,130.74,3,BID
2018-12-17 10:01:24,JNJ,130.78,7,ASK
2018-12-17 10:01:25,JNJ,130.74,3,BID
2018-12-17 10:01:24,JNJ,130.78,9,ASK
2018-12-17 10:01:25,JNJ,130.74,3,BID
2018-12-17 10:01:24,JNJ,130.78,9,ASK
2018-12-17 10:01:28,JNJ,130.75,6,BID
2018-12-17 10:01:28,JNJ,130.85,6,ASK
2018-12-17 10:01:29,JNJ,130.7,4,BID
2018-12-17 10:01:29,JNJ,130.79,8,ASK
2018-12-17 10:01:29,JNJ,130.7,2,BID
2018-12-17 10:01:30,JNJ,130.79,9,ASK
2018-12-17 10:01:29,JNJ,130.7,2,BID
2018-12-17 10:01:30,JNJ,130.79,9,ASK
2018-12-17 10:01:32,JNJ,130.7,5,BID
2018-12-17 10:01:32,JNJ,130.78,4,ASK
2018-12-17 10:01:32,JNJ,130.7,5,BID
2018-12-17 10:01:32,JNJ,130.78,4,ASK
2018-12-17 10:01:34,JNJ,130.62,6,BID
2018-12-17 10:01:34,JNJ,130.68,6,ASK
2018-12-17 10:01:34,JNJ,130.62,5,BID
2018-12-17 10:01:34,JNJ,130.74,2,ASK
2018-12-17 10:01:36,JNJ,130.64,3,BID
2018-12-17 10:01:36,JNJ,130.74,5,ASK
2018-12-17 10:01:36,JNJ,130.64,3,BID
2018-12-17 10:01:36,JNJ,130.7,1,ASK
2018-12-17 10:01:36,JNJ,130.64,3,BID
2018-12-17 10:01:36,JNJ,130.7,1,ASK
2018-12-17 10:01:38,JNJ,130.64,3,BID
2018-12-17 10:01:36,JNJ,130.74,5,ASK
2018-12-17 10:01:40,JNJ,130.65,3,BID
2018-12-17 10:01:36,JNJ,130.74,8,ASK
2018-12-17 10:01:41,JNJ,130.67,1,BID
2018-12-17 10:01:36,JNJ,130.74,8,ASK
2018-12-17 10:01:41,JNJ,130.67,2,BID
2018-12-17 10:01:36,JNJ,130.74,8,ASK
2018-12-17 10:01:42,JNJ,130.69,1,BID
2018-12-17 10:01:42,JNJ,130.73,1,ASK
2018-12-17 10:01:42,JNJ,130.69,1,BID
2018-12-17 10:01:42,JNJ,130.73,1,ASK
2018-12-17 10:01:45,JNJ,130.72,2,BID
2018-12-17 10:01:45,JNJ,130.78,7,ASK
2018-12-17 10:01:46,JNJ,130.75,2,BID
2018-12-17 10:01:46,JNJ,130.83,8,ASK
2018-12-17 10:01:47,JNJ,130.75,3,BID
2018-12-17 10:01:47,JNJ,130.82,4,ASK
2018-12-17 10:01:47,JNJ,130.7,7,BID
2018-12-17 10:01:47,JNJ,130.81,5,ASK
2018-12-17 10:01:47,JNJ,130.7,10,BID
2018-12-17 10:01:48,JNJ,130.8,2,ASK
2018-12-17 10:01:50,JNJ,130.71,1,BID
2018-12-17 10:01:50,JNJ,130.79,2,ASK
2018-12-17 10:01:51,JNJ,130.72,1,BID
2018-12-17 10:01:51,JNJ,130.78,6,ASK
2018-12-17 10:01:52,JNJ,130.71,6,BID
2018-12-17 10:01:52,JNJ,130.78,7,ASK
2018-12-17 10:01:52,JNJ,130.71,6,BID
2018-12-17 10:01:52,JNJ,130.78,7,ASK
2018-12-17 10:01:54,JNJ,130.65,8,BID
2018-12-17 10:01:54,JNJ,130.67,3,ASK
2018-12-17 10:01:55,JNJ,130.54,4,BID
2018-12-17 10:01:55,JNJ,130.61,2,ASK
2018-12-17 10:01:55,JNJ,130.62,5,BID
2018-12-17 10:01:55,JNJ,130.71,7,ASK
2018-12-17 10:01:56,JNJ,130.68,2,BID
2018-12-17 10:01:56,JNJ,130.79,9,ASK
2018-12-17 10:01:57,JNJ,130.64,4,BID
2018-12-17 10:01:57,JNJ,130.76,5,ASK
2018-12-17 10:01:59,JNJ,130.64,7,BID
2018-12-17 10:01:57,JNJ,130.76,5,ASK
2018-12-17 10:02:00,JNJ,130.65,3,BID
2018-12-17 10:01:57,JNJ,130.76,5,ASK
2018-12-17 10:02:01,JNJ,130.65,1,BID
2018-12-17 10:02:01,JNJ,130.75,4,ASK
2018-12-17 10:02:02,JNJ,130.65,3,BID
2018-12-17 10:02:02,JNJ,130.75,4,ASK
2018-12-17 10:02:03,JNJ,130.66,3,BID
2018-12-17 10:02:02,JNJ,130.74,5,ASK
2018-12-17 10:02:04,JNJ,130.66,1,BID
2018-12-17 10:02:03,JNJ,130.74,7,ASK
2018-12-17 10:02:05,JNJ,130.66,1,BID
2018-12-17 10:02:05,JNJ,130.72,1,ASK
2018-12-17 10:02:05,JNJ,130.66,1,BID
2018-12-17 10:02:05,JNJ,130.72,1,ASK
2018-12-17 10:02:06,JNJ,130.66,5,BID
2018-12-17 10:02:06,JNJ,130.72,3,ASK
2018-12-17 10:02:08,JNJ,130.69,2,BID
2018-12-17 10:02:07,JNJ,130.76,8,ASK
2018-12-17 10:02:09,JNJ,130.68,4,BID
2018-12-17 10:02:08,JNJ,130.76,12,ASK
2018-12-17 10:02:09,JNJ,130.68,6,BID
2018-12-17 10:02:08,JNJ,130.76,12,ASK
2018-12-17 10:02:10,JNJ,130.69,3,BID
2018-12-17 10:02:08,JNJ,130.76,12,ASK
2018-12-17 10:02:12,JNJ,130.75,1,BID
2018-12-17 10:02:08,JNJ,130.76,12,ASK
2018-12-17 10:02:13,JNJ,130.75,2,BID
2018-12-17 10:02:13,JNJ,130.76,12,ASK
2018-12-17 10:02:13,JNJ,130.75,3,BID
2018-12-17 10:02:13,JNJ,130.76,2,ASK
2018-12-17 10:02:09,JNJ,130.68,7,BID
2018-12-17 10:02:15,JNJ,130.75,2,ASK
2018-12-17 10:02:09,JNJ,130.68,6,BID
2018-12-17 10:02:15,JNJ,130.75,4,ASK
2018-12-17 10:02:17,JNJ,130.58,4,BID
2018-12-17 10:02:17,JNJ,130.68,8,ASK
2018-12-17 10:02:18,JNJ,130.6,3,BID
2018-12-17 10:02:18,JNJ,130.68,7,ASK
2018-12-17 10:02:19,JNJ,130.61,5,BID
2018-12-17 10:02:19,JNJ,130.68,8,ASK
2018-12-17 10:02:20,JNJ,130.61,5,BID
2018-12-17 10:02:20,JNJ,130.67,5,ASK
2018-12-17 10:02:21,JNJ,130.6,5,BID
2018-12-17 10:02:21,JNJ,130.66,1,ASK
2018-12-17 10:02:22,JNJ,130.6,5,BID
2018-12-17 10:02:21,JNJ,130.67,10,ASK
2018-12-17 10:02:23,JNJ,130.6,5,BID
2018-12-17 10:02:23,JNJ,130.66,5,ASK
2018-12-17 10:02:24,JNJ,130.52,9,BID
2018-12-17 10:02:24,JNJ,130.59,1,ASK
2018-12-17 10:02:25,JNJ,130.5,4,BID
2018-12-17 10:02:25,JNJ,130.59,5,ASK
2018-12-17 10:02:26,JNJ,130.51,5,BID
2018-12-17 10:02:26,JNJ,130.58,3,ASK
2018-12-17 10:02:27,JNJ,130.5,8,BID
2018-12-17 10:02:27,JNJ,130.57,4,ASK
2018-12-17 10:02:28,JNJ,130.5,7,BID
2018-12-17 10:02:28,JNJ,130.57,11,ASK
2018-12-17 10:02:29,JNJ,130.5,9,BID
2018-12-17 10:02:29,JNJ,130.56,5,ASK
2018-12-17 10:02:30,JNJ,130.54,1,BID
2018-12-17 10:02:30,JNJ,130.66,3,ASK
2018-12-17 10:02:31,JNJ,130.57,2,BID
2018-12-17 10:02:31,JNJ,130.66,6,ASK
2018-12-17 10:02:32,JNJ,130.59,7,BID
2018-12-17 10:02:32,JNJ,130.66,6,ASK
2018-12-17 10:02:33,JNJ,130.6,1,BID
2018-12-17 10:02:33,JNJ,130.66,6,ASK
2018-12-17 10:02:34,JNJ,130.6,1,BID
2018-12-17 10:02:34,JNJ,130.66,6,ASK
2018-12-17 10:02:34,JNJ,130.6,2,BID
2018-12-17 10:02:34,JNJ,130.66,8,ASK
2018-12-17 10:02:35,JNJ,130.61,1,BID
2018-12-17 10:02:35,JNJ,130.66,9,ASK
2018-12-17 10:02:37,JNJ,130.61,7,BID
2018-12-17 10:02:37,JNJ,130.66,9,ASK
2018-12-17 10:02:38,JNJ,130.61,7,BID
2018-12-17 10:02:38,JNJ,130.66,11,ASK
2018-12-17 10:02:39,JNJ,130.61,9,BID
2018-12-17 10:02:38,JNJ,130.66,12,ASK
2018-12-17 10:02:40,JNJ,130.63,2,BID
2018-12-17 10:02:38,JNJ,130.66,12,ASK
2018-12-17 10:02:32,JNJ,130.59,7,BID
2018-12-17 10:02:41,JNJ,130.64,5,ASK
2018-12-17 10:02:32,JNJ,130.59,7,BID
2018-12-17 10:02:42,JNJ,130.63,1,ASK
2018-12-17 10:02:43,JNJ,130.63,3,BID
2018-12-17 10:02:43,JNJ,130.69,1,ASK
2018-12-17 10:02:43,JNJ,130.63,3,BID
2018-12-17 10:02:43,JNJ,130.69,3,ASK
2018-12-17 10:02:45,JNJ,130.67,1,BID
2018-12-17 10:02:45,JNJ,130.72,2,ASK
2018-12-17 10:02:45,JNJ,130.67,2,BID
2018-12-17 10:02:45,JNJ,130.72,3,ASK
2018-12-17 10:02:47,JNJ,130.67,2,BID
2018-12-17 10:02:47,JNJ,130.75,3,ASK
2018-12-17 10:02:48,JNJ,130.67,3,BID
2018-12-17 10:02:48,JNJ,130.74,1,ASK
2018-12-17 10:02:49,JNJ,130.67,3,BID
2018-12-17 10:02:49,JNJ,130.68,1,ASK
2018-12-17 10:02:43,JNJ,130.62,2,BID
2018-12-17 10:02:50,JNJ,130.67,5,ASK
2018-12-17 10:02:43,JNJ,130.62,3,BID
2018-12-17 10:02:50,JNJ,130.67,3,ASK
2018-12-17 10:02:52,JNJ,130.61,22,BID
2018-12-17 10:02:52,JNJ,130.66,5,ASK
2018-12-17 10:02:53,JNJ,130.61,19,BID
2018-12-17 10:02:53,JNJ,130.65,3,ASK
2018-12-17 10:02:54,JNJ,130.61,19,BID
2018-12-17 10:02:54,JNJ,130.65,5,ASK
2018-12-17 10:02:55,JNJ,130.56,2,BID
2018-12-17 10:02:55,JNJ,130.63,7,ASK
2018-12-17 10:02:56,JNJ,130.56,2,BID
2018-12-17 10:02:56,JNJ,130.62,3,ASK
2018-12-17 10:02:57,JNJ,130.56,2,BID
2018-12-17 10:02:57,JNJ,130.61,3,ASK
2018-12-17 10:02:58,JNJ,130.57,6,BID
2018-12-17 10:02:58,JNJ,130.61,5,ASK
2018-12-17 10:02:58,JNJ,130.57,6,BID
2018-12-17 10:02:58,JNJ,130.61,5,ASK
2018-12-17 10:03:00,JNJ,130.57,6,BID
2018-12-17 10:02:58,JNJ,130.61,7,ASK
2018-12-17 10:03:01,JNJ,130.57,5,BID
2018-12-17 10:02:58,JNJ,130.61,7,ASK
2018-12-17 10:03:02,JNJ,130.56,4,BID
2018-12-17 10:03:02,JNJ,130.59,5,ASK
2018-12-17 10:03:03,JNJ,130.52,3,BID
2018-12-17 10:03:03,JNJ,130.58,4,ASK
2018-12-17 10:03:03,JNJ,130.51,30,BID
2018-12-17 10:03:04,JNJ,130.58,18,ASK
2018-12-17 10:03:05,JNJ,130.52,3,BID
2018-12-17 10:03:05,JNJ,130.57,2,ASK
2018-12-17 10:03:06,JNJ,130.54,8,BID
2018-12-17 10:03:06,JNJ,130.57,2,ASK
2018-12-17 10:03:07,JNJ,130.56,2,BID
2018-12-17 10:03:07,JNJ,130.61,8,ASK
2018-12-17 10:03:08,JNJ,130.58,5,BID
2018-12-17 10:03:08,JNJ,130.61,12,ASK
2018-12-17 10:03:09,JNJ,130.56,5,BID
2018-12-17 10:03:09,JNJ,130.61,12,ASK
2018-12-17 10:03:10,JNJ,130.58,1,BID
2018-12-17 10:03:10,JNJ,130.61,12,ASK
2018-12-17 10:03:10,JNJ,130.58,1,BID
2018-12-17 10:03:10,JNJ,130.61,12,ASK
2018-12-17 10:03:12,JNJ,130.56,5,BID
2018-12-17 10:03:11,JNJ,130.61,13,ASK
