timestamp,ticker,price,volume,bid_ask
2018-12-17 09:40:36,JPM,99.61,6,BID
2018-12-17 09:40:31,JPM,99.62,14,ASK
2018-12-17 09:40:36,JPM,99.61,12,BID
2018-12-17 09:40:36,JPM,99.63,15,ASK
2018-12-17 09:40:38,JPM,99.59,11,BID
2018-12-17 09:40:37,JPM,99.61,16,ASK
2018-12-17 09:40:24,JPM,99.55,14,BID
2018-12-17 09:40:39,JPM,99.58,2,ASK
2018-12-17 09:40:40,JPM,99.57,1,BID
2018-12-17 09:40:40,JPM,99.58,11,ASK
2018-12-17 09:40:40,JPM,99.54,11,BID
2018-12-17 09:40:41,JPM,99.56,2,ASK
2018-12-17 09:40:42,JPM,99.54,2,BID
2018-12-17 09:40:42,JPM,99.55,6,ASK
2018-12-17 09:40:42,JPM,99.52,13,BID
2018-12-17 09:40:42,JPM,99.54,4,ASK
2018-12-17 09:40:44,JPM,99.56,8,BID
2018-12-17 09:40:44,JPM,99.58,7,ASK
2018-12-17 09:40:45,JPM,99.58,18,BID
2018-12-17 09:40:44,JPM,99.61,22,ASK
2018-12-17 09:40:45,JPM,99.58,18,BID
2018-12-17 09:40:44,JPM,99.61,22,ASK
2018-12-17 09:40:46,JPM,99.59,4,BID
2018-12-17 09:40:44,JPM,99.61,22,ASK
2018-12-17 09:40:47,JPM,99.59,8,BID
2018-12-17 09:40:47,JPM,99.62,4,ASK
2018-12-17 09:40:49,JPM,99.62,2,BID
2018-12-17 09:40:36,JPM,99.63,16,ASK
2018-12-17 09:40:50,JPM,99.56,14,BID
2018-12-17 09:40:50,JPM,99.59,9,ASK
2018-12-17 09:40:50,JPM,99.59,2,BID
2018-12-17 09:40:50,JPM,99.6,8,ASK
2018-12-17 09:40:52,JPM,99.6,2,BID
2018-12-17 09:40:52,JPM,99.62,16,ASK
2018-12-17 09:40:52,JPM,99.59,11,BID
2018-12-17 09:40:52,JPM,99.61,1,ASK
2018-12-17 09:40:54,JPM,99.66,5,BID
2018-12-17 09:40:53,JPM,99.68,11,ASK
2018-12-17 09:40:54,JPM,99.66,5,BID
2018-12-17 09:40:53,JPM,99.68,11,ASK
2018-12-17 09:40:56,JPM,99.66,9,BID
2018-12-17 09:40:53,JPM,99.68,11,ASK
2018-12-17 09:40:57,JPM,99.66,12,BID
2018-12-17 09:40:57,JPM,99.68,4,ASK
2018-12-17 09:40:58,JPM,99.65,8,BID
2018-12-17 09:40:58,JPM,99.67,13,ASK
2018-12-17 09:40:59,JPM,99.64,6,BID
2018-12-17 09:40:59,JPM,99.67,17,ASK
2018-12-17 09:41:00,JPM,99.65,1,BID
2018-12-17 09:40:59,JPM,99.67,17,ASK
2018-12-17 09:41:01,JPM,99.66,2,BID
2018-12-17 09:41:01,JPM,99.67,16,ASK
2018-12-17 09:41:02,JPM,99.67,1,BID
2018-12-17 09:41:02,JPM,99.68,3,ASK
2018-12-17 09:41:03,JPM,99.67,15,BID
2018-12-17 09:37:42,JPM,99.7,15,ASK
2018-12-17 09:41:03,JPM,99.67,13,BID
2018-12-17 09:41:03,JPM,99.69,6,ASK
2018-12-17 09:41:04,JPM,99.65,9,BID
2018-12-17 09:41:04,JPM,99.67,10,ASK
2018-12-17 09:41:05,JPM,99.62,12,BID
2018-12-17 09:41:05,JPM,99.65,2,ASK
2018-12-17 09:40:53,JPM,99.6,12,BID
2018-12-17 09:41:06,JPM,99.62,5,ASK
2018-12-17 09:41:08,JPM,99.62,12,BID
2018-12-17 09:41:07,JPM,99.65,9,ASK
2018-12-17 09:41:08,JPM,99.6,3,BID
2018-12-17 09:41:08,JPM,99.62,2,ASK
2018-12-17 09:41:09,JPM,99.59,2,BID
2018-12-17 09:41:09,JPM,99.62,10,ASK
2018-12-17 09:41:10,JPM,99.6,1,BID
2018-12-17 09:41:10,JPM,99.61,2,ASK
2018-12-17 09:40:50,JPM,99.56,15,BID
2018-12-17 09:41:11,JPM,99.58,1,ASK
2018-12-17 09:41:12,JPM,99.55,9,BID
2018-12-17 09:41:12,JPM,99.58,16,ASK
2018-12-17 09:41:14,JPM,99.55,15,BID
2018-12-17 09:41:14,JPM,99.58,16,ASK
2018-12-17 09:40:43,JPM,99.54,11,BID
2018-12-17 09:41:14,JPM,99.56,17,ASK
2018-12-17 09:41:15,JPM,99.55,1,BID
2018-12-17 09:41:15,JPM,99.57,12,ASK
2018-12-17 09:41:16,JPM,99.55,2,BID
2018-12-17 09:41:16,JPM,99.56,6,ASK
2018-12-17 09:41:17,JPM,99.57,21,BID
2018-12-17 09:41:11,JPM,99.59,17,ASK
2018-12-17 09:41:18,JPM,99.56,5,BID
2018-12-17 09:41:18,JPM,99.59,9,ASK
2018-12-17 09:41:20,JPM,99.53,12,BID
2018-12-17 09:41:20,JPM,99.55,4,ASK
2018-12-17 09:41:21,JPM,99.53,11,BID
2018-12-17 09:41:20,JPM,99.55,9,ASK
2018-12-17 09:41:21,JPM,99.53,13,BID
2018-12-17 09:41:20,JPM,99.55,9,ASK
2018-12-17 09:41:21,JPM,99.53,13,BID
2018-12-17 09:41:20,JPM,99.55,9,ASK
2018-12-17 09:41:24,JPM,99.54,3,BID
2018-12-17 09:41:20,JPM,99.55,9,ASK
2018-12-17 09:41:25,JPM,99.55,14,BID
2018-12-17 09:41:24,JPM,99.57,7,ASK
2018-12-17 09:41:25,JPM,99.55,8,BID
2018-12-17 09:41:26,JPM,99.57,8,ASK
2018-12-17 09:41:26,JPM,99.55,12,BID
2018-12-17 09:41:27,JPM,99.56,2,ASK
2018-12-17 09:41:28,JPM,99.56,20,BID
2018-12-17 09:41:28,JPM,99.58,6,ASK
2018-12-17 09:41:29,JPM,99.57,1,BID
2018-12-17 09:41:29,JPM,99.58,6,ASK
2018-12-17 09:41:30,JPM,99.59,13,BID
2018-12-17 09:41:30,JPM,99.62,13,ASK
2018-12-17 09:41:30,JPM,99.62,4,BID
2018-12-17 09:41:30,JPM,99.64,2,ASK
2018-12-17 09:41:30,JPM,99.62,9,BID
2018-12-17 09:41:31,JPM,99.63,3,ASK
2018-12-17 09:41:32,JPM,99.63,4,BID
2018-12-17 09:41:32,JPM,99.65,15,ASK
2018-12-17 09:41:33,JPM,99.63,7,BID
2018-12-17 09:41:33,JPM,99.65,16,ASK
2018-12-17 09:41:35,JPM,99.63,8,BID
2018-12-17 09:41:33,JPM,99.65,16,ASK
2018-12-17 09:41:35,JPM,99.6,11,BID
2018-12-17 09:41:35,JPM,99.62,13,ASK
2018-12-17 09:41:35,JPM,99.6,11,BID
2018-12-17 09:41:36,JPM,99.62,10,ASK
2018-12-17 09:41:38,JPM,99.61,3,BID
2018-12-17 09:41:37,JPM,99.62,11,ASK
2018-12-17 09:41:35,JPM,99.6,11,BID
2018-12-17 09:41:38,JPM,99.62,15,ASK
2018-12-17 09:41:40,JPM,99.57,15,BID
2018-12-17 09:41:40,JPM,99.59,10,ASK
2018-12-17 09:41:41,JPM,99.58,7,BID
2018-12-17 09:41:41,JPM,99.6,9,ASK
2018-12-17 09:41:41,JPM,99.58,5,BID
2018-12-17 09:41:41,JPM,99.6,9,ASK
2018-12-17 09:41:43,JPM,99.57,16,BID
2018-12-17 09:41:43,JPM,99.58,1,ASK
2018-12-17 09:41:43,JPM,99.58,3,BID
2018-12-17 09:41:43,JPM,99.6,7,ASK
2018-12-17 09:41:45,JPM,99.58,5,BID
2018-12-17 09:41:43,JPM,99.6,8,ASK
2018-12-17 09:41:46,JPM,99.57,13,BID
2018-12-17 09:41:46,JPM,99.59,11,ASK
2018-12-17 09:41:47,JPM,99.57,14,BID
2018-12-17 09:41:47,JPM,99.59,8,ASK
2018-12-17 09:41:48,JPM,99.58,3,BID
2018-12-17 09:41:47,JPM,99.59,8,ASK
2018-12-17 09:41:49,JPM,99.59,6,BID
2018-12-17 09:41:43,JPM,99.6,9,ASK
2018-12-17 09:41:49,JPM,99.56,6,BID
2018-12-17 09:41:49,JPM,99.58,7,ASK
2018-12-17 09:41:51,JPM,99.56,6,BID
2018-12-17 09:41:51,JPM,99.58,2,ASK
2018-12-17 09:41:52,JPM,99.56,12,BID
2018-12-17 09:41:52,JPM,99.58,4,ASK
2018-12-17 09:41:52,JPM,99.57,3,BID
2018-12-17 09:41:52,JPM,99.58,2,ASK
2018-12-17 09:41:53,JPM,99.57,3,BID
2018-12-17 09:41:53,JPM,99.58,2,ASK
2018-12-17 09:41:54,JPM,99.56,7,BID
2018-12-17 09:41:54,JPM,99.57,6,ASK
2018-12-17 09:41:24,JPM,99.54,13,BID
2018-12-17 09:41:54,JPM,99.55,2,ASK
2018-12-17 09:41:56,JPM,99.52,9,BID
2018-12-17 09:41:56,JPM,99.53,2,ASK
2018-12-17 09:41:58,JPM,99.51,19,BID
2018-12-17 09:41:58,JPM,99.53,10,ASK
2018-12-17 09:41:58,JPM,99.46,9,BID
2018-12-17 09:41:58,JPM,99.48,1,ASK
2018-12-17 09:41:59,JPM,99.48,5,BID
2018-12-17 09:41:59,JPM,99.49,19,ASK
2018-12-17 09:41:59,JPM,99.46,27,BID
2018-12-17 09:42:01,JPM,99.47,2,ASK
2018-12-17 09:41:59,JPM,99.46,27,BID
2018-12-17 09:42:00,JPM,99.48,9,ASK
2018-12-17 09:41:59,JPM,99.46,27,BID
2018-12-17 09:42:02,JPM,99.47,2,ASK
2018-12-17 09:42:04,JPM,99.45,12,BID
2018-12-17 09:42:04,JPM,99.47,11,ASK
2018-12-17 09:42:04,JPM,99.45,12,BID
2018-12-17 09:42:04,JPM,99.47,11,ASK
2018-12-17 09:40:07,JPM,99.44,8,BID
2018-12-17 09:42:06,JPM,99.46,5,ASK
2018-12-17 09:42:06,JPM,99.42,22,BID
2018-12-17 09:42:06,JPM,99.45,5,ASK
2018-12-17 09:42:08,JPM,99.42,9,BID
2018-12-17 09:42:08,JPM,99.44,6,ASK
2018-12-17 09:42:09,JPM,99.42,5,BID
2018-12-17 09:42:09,JPM,99.44,10,ASK
2018-12-17 09:42:10,JPM,99.43,14,BID
2018-12-17 09:42:10,JPM,99.45,6,ASK
2018-12-17 09:42:11,JPM,99.44,1,BID
2018-12-17 09:42:10,JPM,99.45,7,ASK
2018-12-17 09:42:11,JPM,99.42,7,BID
2018-12-17 09:42:11,JPM,99.44,13,ASK
2018-12-17 09:42:13,JPM,99.39,16,BID
2018-12-17 09:42:13,JPM,99.41,10,ASK
2018-12-17 09:42:14,JPM,99.39,11,BID
2018-12-17 09:42:13,JPM,99.41,12,ASK
2018-12-17 09:42:15,JPM,99.4,1,BID
2018-12-17 09:42:13,JPM,99.41,12,ASK
2018-12-17 09:42:15,JPM,99.39,10,BID
2018-12-17 09:42:13,JPM,99.41,12,ASK
2018-12-17 09:42:17,JPM,99.38,1,BID
2018-12-17 09:42:16,JPM,99.39,4,ASK
2018-12-17 09:42:18,JPM,99.38,13,BID
2018-12-17 09:42:18,JPM,99.4,4,ASK
2018-12-17 09:42:19,JPM,99.36,13,BID
2018-12-17 09:42:19,JPM,99.38,16,ASK
2018-12-17 09:42:19,JPM,99.4,2,BID
2018-12-17 09:42:19,JPM,99.41,7,ASK
2018-12-17 09:42:21,JPM,99.36,10,BID
2018-12-17 09:42:21,JPM,99.37,2,ASK
2018-12-17 09:42:21,JPM,99.36,9,BID
2018-12-17 09:42:22,JPM,99.38,4,ASK
2018-12-17 09:42:23,JPM,99.34,10,BID
2018-12-17 09:42:23,JPM,99.37,2,ASK
2018-12-17 09:42:23,JPM,99.34,13,BID
2018-12-17 09:42:24,JPM,99.37,2,ASK
2018-12-17 09:42:25,JPM,99.39,7,BID
2018-12-17 09:42:25,JPM,99.4,23,ASK
2018-12-17 09:42:26,JPM,99.42,1,BID
2018-12-17 09:42:26,JPM,99.43,6,ASK
2018-12-17 09:42:26,JPM,99.42,6,BID
2018-12-17 09:42:26,JPM,99.43,17,ASK
2018-12-17 09:42:27,JPM,99.4,3,BID
2018-12-17 09:42:27,JPM,99.42,7,ASK
2018-12-17 09:42:28,JPM,99.41,14,BID
2018-12-17 09:42:28,JPM,99.43,16,ASK
2018-12-17 09:42:30,JPM,99.42,3,BID
2018-12-17 09:42:30,JPM,99.43,17,ASK
2018-12-17 09:42:31,JPM,99.41,14,BID
2018-12-17 09:42:30,JPM,99.43,13,ASK
2018-12-17 09:42:32,JPM,99.41,14,BID
2018-12-17 09:42:32,JPM,99.43,11,ASK
2018-12-17 09:42:33,JPM,99.46,8,BID
2018-12-17 09:42:33,JPM,99.48,4,ASK
2018-12-17 09:42:34,JPM,99.46,1,BID
2018-12-17 09:42:33,JPM,99.47,6,ASK
2018-12-17 09:42:35,JPM,99.47,3,BID
2018-12-17 09:42:35,JPM,99.48,26,ASK
2018-12-17 09:42:36,JPM,99.48,3,BID
2018-12-17 09:42:36,JPM,99.49,16,ASK
2018-12-17 09:42:37,JPM,99.48,15,BID
2018-12-17 09:42:37,JPM,99.49,14,ASK
2018-12-17 09:42:38,JPM,99.47,1,BID
2018-12-17 09:42:38,JPM,99.48,3,ASK
2018-12-17 09:42:39,JPM,99.47,3,BID
2018-12-17 09:42:38,JPM,99.49,15,ASK
2018-12-17 09:42:40,JPM,99.46,16,BID
2018-12-17 09:42:40,JPM,99.47,1,ASK
2018-12-17 09:42:41,JPM,99.45,11,BID
2018-12-17 09:42:40,JPM,99.47,10,ASK
2018-12-17 09:42:42,JPM,99.44,11,BID
2018-12-17 09:42:42,JPM,99.45,1,ASK
2018-12-17 09:42:43,JPM,99.4,12,BID
2018-12-17 09:42:42,JPM,99.43,5,ASK
2018-12-17 09:42:44,JPM,99.41,8,BID
2018-12-17 09:42:44,JPM,99.42,2,ASK
2018-12-17 09:42:44,JPM,99.4,10,BID
2018-12-17 09:42:45,JPM,99.41,1,ASK
2018-12-17 09:42:46,JPM,99.41,13,BID
2018-12-17 09:42:46,JPM,99.43,9,ASK
2018-12-17 09:42:47,JPM,99.44,6,BID
2018-12-17 09:42:47,JPM,99.46,10,ASK
2018-12-17 09:42:48,JPM,99.45,12,BID
2018-12-17 09:42:48,JPM,99.47,15,ASK
2018-12-17 09:42:49,JPM,99.45,7,BID
2018-12-17 09:42:48,JPM,99.47,15,ASK
2018-12-17 09:42:49,JPM,99.45,7,BID
2018-12-17 09:42:48,JPM,99.47,16,ASK
2018-12-17 09:42:51,JPM,99.46,6,BID
2018-12-17 09:42:48,JPM,99.47,16,ASK
2018-12-17 09:42:44,JPM,99.4,11,BID
2018-12-17 09:42:52,JPM,99.43,12,ASK
2018-12-17 09:42:44,JPM,99.4,6,BID
2018-12-17 09:42:53,JPM,99.43,12,ASK
2018-12-17 09:42:54,JPM,99.41,1,BID
2018-12-17 09:42:54,JPM,99.43,9,ASK
2018-12-17 09:42:55,JPM,99.44,6,BID
2018-12-17 09:42:51,JPM,99.45,13,ASK
2018-12-17 09:42:56,JPM,99.43,16,BID
2018-12-17 09:42:51,JPM,99.45,12,ASK
2018-12-17 09:42:57,JPM,99.42,2,BID
2018-12-17 09:42:57,JPM,99.44,2,ASK
2018-12-17 09:42:58,JPM,99.42,15,BID
2018-12-17 09:42:58,JPM,99.44,3,ASK
2018-12-17 09:42:59,JPM,99.45,16,BID
2018-12-17 09:42:51,JPM,99.46,11,ASK
2018-12-17 09:42:59,JPM,99.43,11,BID
2018-12-17 09:43:00,JPM,99.45,6,ASK
2018-12-17 09:42:59,JPM,99.43,13,BID
2018-12-17 09:43:01,JPM,99.45,6,ASK
2018-12-17 09:43:02,JPM,99.42,14,BID
2018-12-17 09:43:02,JPM,99.44,5,ASK
2018-12-17 09:43:02,JPM,99.42,14,BID
2018-12-17 09:43:02,JPM,99.44,6,ASK
2018-12-17 09:43:04,JPM,99.38,9,BID
2018-12-17 09:43:04,JPM,99.41,7,ASK
2018-12-17 09:43:05,JPM,99.38,11,BID
2018-12-17 09:43:05,JPM,99.41,14,ASK
2018-12-17 09:43:06,JPM,99.37,2,BID
2018-12-17 09:43:06,JPM,99.39,2,ASK
2018-12-17 09:43:07,JPM,99.37,2,BID
2018-12-17 09:43:07,JPM,99.39,2,ASK
2018-12-17 09:43:08,JPM,99.37,4,BID
2018-12-17 09:43:08,JPM,99.39,4,ASK
2018-12-17 09:43:09,JPM,99.34,9,BID
2018-12-17 09:43:09,JPM,99.36,8,ASK
2018-12-17 09:43:09,JPM,99.34,6,BID
2018-12-17 09:43:10,JPM,99.36,8,ASK
2018-12-17 09:43:11,JPM,99.38,11,BID
2018-12-17 09:43:11,JPM,99.4,11,ASK
2018-12-17 09:43:12,JPM,99.39,13,BID
2018-12-17 09:43:12,JPM,99.41,10,ASK
2018-12-17 09:43:12,JPM,99.38,15,BID
2018-12-17 09:43:12,JPM,99.39,2,ASK
2018-12-17 09:43:14,JPM,99.38,14,BID
2018-12-17 09:43:14,JPM,99.39,2,ASK
2018-12-17 09:43:15,JPM,99.36,14,BID
2018-12-17 09:43:15,JPM,99.38,14,ASK
2018-12-17 09:43:15,JPM,99.36,17,BID
2018-12-17 09:43:16,JPM,99.38,1,ASK
2018-12-17 09:43:17,JPM,99.35,5,BID
2018-12-17 09:43:17,JPM,99.37,7,ASK
2018-12-17 09:43:18,JPM,99.35,6,BID
2018-12-17 09:43:18,JPM,99.37,9,ASK
2018-12-17 09:43:19,JPM,99.33,3,BID
2018-12-17 09:43:19,JPM,99.34,5,ASK
2018-12-17 09:43:19,JPM,99.31,10,BID
2018-12-17 09:43:19,JPM,99.33,10,ASK
2018-12-17 09:43:19,JPM,99.31,10,BID
2018-12-17 09:43:19,JPM,99.33,10,ASK
2018-12-17 09:43:20,JPM,99.28,7,BID
2018-12-17 09:43:20,JPM,99.3,4,ASK
2018-12-17 09:33:15,JPM,99.25,12,BID
2018-12-17 09:43:21,JPM,99.27,2,ASK
2018-12-17 09:43:21,JPM,99.26,11,BID
2018-12-17 09:43:21,JPM,99.27,3,ASK
2018-12-17 09:43:21,JPM,99.24,5,BID
2018-12-17 09:43:21,JPM,99.25,4,ASK
2018-12-17 09:43:22,JPM,99.25,5,BID
2018-12-17 09:43:21,JPM,99.26,11,ASK
2018-12-17 09:43:22,JPM,99.23,13,BID
2018-12-17 09:43:22,JPM,99.25,1,ASK
2018-12-17 09:43:23,JPM,99.25,6,BID
2018-12-17 09:43:23,JPM,99.27,11,ASK
2018-12-17 09:43:24,JPM,99.25,8,BID
2018-12-17 09:43:24,JPM,99.26,7,ASK
2018-12-17 09:43:25,JPM,99.29,7,BID
2018-12-17 09:43:25,JPM,99.3,7,ASK
2018-12-17 09:43:26,JPM,99.26,10,BID
2018-12-17 09:43:26,JPM,99.28,3,ASK
2018-12-17 09:43:28,JPM,99.23,12,BID
2018-12-17 09:43:28,JPM,99.26,17,ASK
2018-12-17 09:43:29,JPM,99.24,2,BID
2018-12-17 09:43:29,JPM,99.26,15,ASK
2018-12-17 09:43:30,JPM,99.25,10,BID
2018-12-17 09:43:29,JPM,99.27,14,ASK
2018-12-17 09:43:30,JPM,99.25,9,BID
2018-12-17 09:43:29,JPM,99.27,14,ASK
2018-12-17 09:43:28,JPM,99.23,13,BID
2018-12-17 09:43:33,JPM,99.25,8,ASK
2018-12-17 09:43:28,JPM,99.23,13,BID
2018-12-17 09:43:33,JPM,99.25,13,ASK
2018-12-17 09:43:36,JPM,99.22,20,BID
2018-12-17 09:43:36,JPM,99.24,7,ASK
2018-12-17 09:43:37,JPM,99.25,12,BID
2018-12-17 09:43:29,JPM,99.27,16,ASK
2018-12-17 09:43:38,JPM,99.25,16,BID
2018-12-17 09:43:38,JPM,99.27,2,ASK
2018-12-17 09:43:39,JPM,99.24,2,BID
2018-12-17 09:43:39,JPM,99.25,19,ASK
2018-12-17 09:43:39,JPM,99.22,16,BID
2018-12-17 09:43:39,JPM,99.23,2,ASK
2018-12-17 09:43:40,JPM,99.22,11,BID
2018-12-17 09:43:39,JPM,99.24,11,ASK
2018-12-17 09:43:41,JPM,99.22,11,BID
2018-12-17 09:43:39,JPM,99.24,9,ASK
2018-12-17 09:43:41,JPM,99.22,10,BID
2018-12-17 09:43:39,JPM,99.24,9,ASK
2018-12-17 09:43:41,JPM,99.22,18,BID
2018-12-17 09:43:46,JPM,99.24,18,ASK
2018-12-17 09:43:41,JPM,99.22,17,BID
2018-12-17 09:43:46,JPM,99.24,18,ASK
2018-12-17 09:43:48,JPM,99.21,16,BID
2018-12-17 09:43:48,JPM,99.23,14,ASK
2018-12-17 09:43:49,JPM,99.21,16,BID
2018-12-17 09:43:48,JPM,99.23,14,ASK
2018-12-17 09:43:50,JPM,99.23,19,BID
2018-12-17 09:43:46,JPM,99.24,11,ASK
2018-12-17 09:43:50,JPM,99.23,17,BID
2018-12-17 09:43:46,JPM,99.24,16,ASK
2018-12-17 09:43:52,JPM,99.2,3,BID
2018-12-17 09:43:52,JPM,99.22,22,ASK
2018-12-17 09:43:53,JPM,99.2,4,BID
2018-12-17 09:43:52,JPM,99.22,21,ASK
2018-12-17 09:43:54,JPM,99.23,7,BID
2018-12-17 09:43:54,JPM,99.24,8,ASK
2018-12-17 09:43:54,JPM,99.23,7,BID
2018-12-17 09:43:55,JPM,99.24,14,ASK
2018-12-17 09:43:56,JPM,99.26,5,BID
2018-12-17 09:43:56,JPM,99.28,10,ASK
2018-12-17 09:43:57,JPM,99.25,5,BID
2018-12-17 09:43:57,JPM,99.26,5,ASK
2018-12-17 09:43:58,JPM,99.25,11,BID
2018-12-17 09:43:57,JPM,99.27,10,ASK
2018-12-17 09:43:58,JPM,99.25,12,BID
2018-12-17 09:43:57,JPM,99.27,10,ASK
2018-12-17 09:44:00,JPM,99.25,3,BID
2018-12-17 09:44:00,JPM,99.26,10,ASK
2018-12-17 09:44:01,JPM,99.26,30,BID
2018-12-17 09:43:57,JPM,99.27,10,ASK
2018-12-17 09:44:02,JPM,99.24,9,BID
2018-12-17 09:44:02,JPM,99.26,12,ASK
2018-12-17 09:44:03,JPM,99.24,2,BID
2018-12-17 09:44:03,JPM,99.26,17,ASK
2018-12-17 09:44:04,JPM,99.25,11,BID
2018-12-17 09:44:04,JPM,99.27,13,ASK
2018-12-17 09:44:05,JPM,99.27,8,BID
2018-12-17 09:44:05,JPM,99.29,17,ASK
2018-12-17 09:44:06,JPM,99.29,1,BID
2018-12-17 09:44:06,JPM,99.3,11,ASK
2018-12-17 09:44:06,JPM,99.28,4,BID
2018-12-17 09:44:06,JPM,99.29,21,ASK
2018-12-17 09:44:07,JPM,99.29,5,BID
2018-12-17 09:44:07,JPM,99.31,21,ASK
2018-12-17 09:44:08,JPM,99.25,17,BID
2018-12-17 09:44:08,JPM,99.27,16,ASK
2018-12-17 09:44:10,JPM,99.25,17,BID
2018-12-17 09:44:10,JPM,99.27,6,ASK
2018-12-17 09:44:10,JPM,99.23,21,BID
2018-12-17 09:44:10,JPM,99.25,7,ASK
2018-12-17 09:44:11,JPM,99.21,7,BID
2018-12-17 09:44:11,JPM,99.23,3,ASK
2018-12-17 09:44:12,JPM,99.22,20,BID
2018-12-17 09:44:12,JPM,99.24,8,ASK
2018-12-17 09:44:14,JPM,99.25,1,BID
2018-12-17 09:44:14,JPM,99.25,12,ASK
2018-12-17 09:44:15,JPM,99.26,8,BID
2018-12-17 09:44:15,JPM,99.27,6,ASK
2018-12-17 09:44:16,JPM,99.23,17,BID
2018-12-17 09:44:16,JPM,99.26,10,ASK
2018-12-17 09:44:18,JPM,99.25,1,BID
2018-12-17 09:44:17,JPM,99.26,12,ASK
2018-12-17 09:44:18,JPM,99.25,5,BID
2018-12-17 09:44:17,JPM,99.26,12,ASK
2018-12-17 09:44:20,JPM,99.27,1,BID
2018-12-17 09:44:20,JPM,99.28,8,ASK
2018-12-17 09:44:20,JPM,99.26,13,BID
2018-12-17 09:44:21,JPM,99.27,1,ASK
2018-12-17 09:44:21,JPM,99.26,9,BID
2018-12-17 09:44:21,JPM,99.27,4,ASK
2018-12-17 09:44:22,JPM,99.24,2,BID
2018-12-17 09:44:22,JPM,99.26,12,ASK
2018-12-17 09:44:16,JPM,99.23,8,BID
2018-12-17 09:44:23,JPM,99.25,11,ASK
2018-12-17 09:44:16,JPM,99.23,8,BID
2018-12-17 09:44:25,JPM,99.25,9,ASK
2018-12-17 09:44:16,JPM,99.23,8,BID
2018-12-17 09:44:25,JPM,99.25,9,ASK
2018-12-17 09:44:16,JPM,99.23,8,BID
2018-12-17 09:44:25,JPM,99.25,9,ASK
2018-12-17 09:44:28,JPM,99.19,14,BID
2018-12-17 09:44:28,JPM,99.21,9,ASK
2018-12-17 09:44:29,JPM,99.19,5,BID
2018-12-17 09:44:28,JPM,99.21,6,ASK
2018-12-17 09:44:29,JPM,99.19,5,BID
2018-12-17 09:44:28,JPM,99.21,6,ASK
2018-12-17 09:44:30,JPM,99.16,16,BID
2018-12-17 09:44:30,JPM,99.19,8,ASK
2018-12-17 09:44:31,JPM,99.16,16,BID
2018-12-17 09:44:30,JPM,99.19,8,ASK
2018-12-17 09:44:33,JPM,99.16,15,BID
2018-12-17 09:44:32,JPM,99.18,12,ASK
2018-12-17 09:44:34,JPM,99.14,10,BID
2018-12-17 09:44:34,JPM,99.15,11,ASK
2018-12-17 09:44:35,JPM,99.16,4,BID
2018-12-17 09:44:35,JPM,99.16,2,ASK
2018-12-17 09:44:35,JPM,99.17,11,BID
2018-12-17 09:44:35,JPM,99.19,8,ASK
2018-12-17 09:44:35,JPM,99.17,10,BID
2018-12-17 09:44:36,JPM,99.19,9,ASK
2018-12-17 09:44:37,JPM,99.14,8,BID
2018-12-17 09:44:37,JPM,99.16,11,ASK
2018-12-17 09:44:39,JPM,99.14,1,BID
2018-12-17 09:44:38,JPM,99.16,13,ASK
2018-12-17 09:44:40,JPM,99.14,5,BID
2018-12-17 09:44:40,JPM,99.16,1,ASK
2018-12-17 09:44:41,JPM,99.17,5,BID
2018-12-17 09:44:41,JPM,99.18,3,ASK
2018-12-17 09:44:42,JPM,99.2,11,BID
2018-12-17 09:44:42,JPM,99.21,12,ASK
2018-12-17 09:44:43,JPM,99.23,9,BID
2018-12-17 09:44:43,JPM,99.25,18,ASK
2018-12-17 09:44:43,JPM,99.24,10,BID
2018-12-17 09:44:43,JPM,99.26,16,ASK
2018-12-17 09:44:45,JPM,99.22,4,BID
2018-12-17 09:44:45,JPM,99.23,8,ASK
2018-12-17 09:44:46,JPM,99.22,7,BID
2018-12-17 09:44:46,JPM,99.24,13,ASK
2018-12-17 09:44:46,JPM,99.22,7,BID
2018-12-17 09:44:47,JPM,99.24,17,ASK
2018-12-17 09:44:48,JPM,99.23,5,BID
2018-12-17 09:44:48,JPM,99.24,13,ASK
2018-12-17 09:44:48,JPM,99.24,20,BID
2018-12-17 09:44:43,JPM,99.26,17,ASK
2018-12-17 09:44:49,JPM,99.26,1,BID
2018-12-17 09:44:22,JPM,99.28,19,ASK
2018-12-17 09:44:50,JPM,99.26,10,BID
2018-12-17 09:44:22,JPM,99.28,23,ASK
2018-12-17 09:44:52,JPM,99.24,4,BID
2018-12-17 09:44:52,JPM,99.25,1,ASK
2018-12-17 09:44:53,JPM,99.24,4,BID
2018-12-17 09:44:53,JPM,99.25,5,ASK
2018-12-17 09:44:53,JPM,99.24,4,BID
2018-12-17 09:44:53,JPM,99.25,8,ASK
2018-12-17 09:44:54,JPM,99.24,3,BID
2018-12-17 09:44:54,JPM,99.25,8,ASK
2018-12-17 09:44:56,JPM,99.22,15,BID
2018-12-17 09:44:55,JPM,99.24,30,ASK
2018-12-17 09:44:56,JPM,99.21,15,BID
2018-12-17 09:44:57,JPM,99.22,2,ASK
2018-12-17 09:44:56,JPM,99.21,15,BID
2018-12-17 09:44:57,JPM,99.22,2,ASK
2018-12-17 09:44:59,JPM,99.2,4,BID
2018-12-17 09:44:58,JPM,99.21,11,ASK
2018-12-17 09:45:00,JPM,99.25,2,BID
2018-12-17 09:45:00,JPM,99.25,6,ASK
2018-12-17 09:45:00,JPM,99.26,1,BID
2018-12-17 09:45:00,JPM,99.27,14,ASK
2018-12-17 09:45:01,JPM,99.22,4,BID
2018-12-17 09:45:01,JPM,99.23,1,ASK
2018-12-17 09:45:01,JPM,99.2,11,BID
2018-12-17 09:45:01,JPM,99.22,7,ASK
2018-12-17 09:45:03,JPM,99.19,14,BID
2018-12-17 09:45:03,JPM,99.2,2,ASK
2018-12-17 09:45:04,JPM,99.18,7,BID
2018-12-17 09:45:04,JPM,99.2,11,ASK
2018-12-17 09:45:06,JPM,99.19,20,BID
2018-12-17 09:45:06,JPM,99.21,25,ASK
2018-12-17 09:45:07,JPM,99.18,14,BID
2018-12-17 09:45:07,JPM,99.2,26,ASK
2018-12-17 09:45:08,JPM,99.16,2,BID
2018-12-17 09:45:08,JPM,99.17,5,ASK
2018-12-17 09:45:09,JPM,99.13,9,BID
2018-12-17 09:45:09,JPM,99.15,3,ASK
2018-12-17 09:45:09,JPM,99.15,12,BID
2018-12-17 09:45:08,JPM,99.17,9,ASK
2018-12-17 09:45:10,JPM,99.15,16,BID
2018-12-17 09:45:10,JPM,99.17,16,ASK
2018-12-17 09:45:09,JPM,99.13,12,BID
2018-12-17 09:45:11,JPM,99.16,8,ASK
2018-12-17 09:45:12,JPM,99.17,11,BID
2018-12-17 09:45:12,JPM,99.18,17,ASK
2018-12-17 09:45:13,JPM,99.15,13,BID
2018-12-17 09:45:13,JPM,99.17,10,ASK
2018-12-17 09:45:15,JPM,99.14,14,BID
2018-12-17 09:45:15,JPM,99.16,6,ASK
2018-12-17 09:45:16,JPM,99.14,1,BID
2018-12-17 09:45:15,JPM,99.15,6,ASK
2018-12-17 09:45:16,JPM,99.14,5,BID
2018-12-17 09:45:16,JPM,99.15,23,ASK
2018-12-17 09:45:17,JPM,99.12,13,BID
2018-12-17 09:45:17,JPM,99.15,12,ASK
2018-12-17 09:45:19,JPM,99.15,14,BID
2018-12-17 09:45:16,JPM,99.17,20,ASK
2018-12-17 09:45:19,JPM,99.16,11,BID
2018-12-17 09:45:19,JPM,99.17,25,ASK
2018-12-17 09:45:20,JPM,99.13,7,BID
2018-12-17 09:45:20,JPM,99.14,1,ASK
2018-12-17 09:45:21,JPM,99.13,17,BID
2018-12-17 09:45:21,JPM,99.15,14,ASK
2018-12-17 09:45:21,JPM,99.12,18,BID
2018-12-17 09:45:21,JPM,99.14,12,ASK
2018-12-17 09:45:22,JPM,99.13,12,BID
2018-12-17 09:45:22,JPM,99.15,25,ASK
2018-12-17 09:45:23,JPM,99.16,5,BID
2018-12-17 09:45:23,JPM,99.17,4,ASK
2018-12-17 09:45:24,JPM,99.17,17,BID
2018-12-17 09:45:24,JPM,99.19,18,ASK
2018-12-17 09:45:25,JPM,99.2,1,BID
2018-12-17 09:45:25,JPM,99.2,1,ASK
2018-12-17 09:45:26,JPM,99.2,12,BID
2018-12-17 09:45:25,JPM,99.21,20,ASK
2018-12-17 09:45:28,JPM,99.22,8,BID
2018-12-17 09:45:27,JPM,99.23,10,ASK
2018-12-17 09:45:30,JPM,99.23,6,BID
2018-12-17 09:45:30,JPM,99.24,10,ASK
2018-12-17 09:45:30,JPM,99.22,20,BID
2018-12-17 09:45:30,JPM,99.23,3,ASK
2018-12-17 09:45:32,JPM,99.2,10,BID
2018-12-17 09:45:32,JPM,99.22,13,ASK
2018-12-17 09:45:33,JPM,99.22,10,BID
2018-12-17 09:45:33,JPM,99.24,16,ASK
2018-12-17 09:45:34,JPM,99.22,10,BID
2018-12-17 09:45:34,JPM,99.24,14,ASK
2018-12-17 09:45:34,JPM,99.25,1,BID
2018-12-17 09:45:34,JPM,99.26,16,ASK
2018-12-17 09:45:35,JPM,99.25,13,BID
2018-12-17 09:45:35,JPM,99.27,3,ASK
2018-12-17 09:45:36,JPM,99.26,4,BID
2018-12-17 09:45:35,JPM,99.28,15,ASK
2018-12-17 09:45:38,JPM,99.25,2,BID
2018-12-17 09:45:38,JPM,99.27,21,ASK
2018-12-17 09:45:39,JPM,99.25,3,BID
2018-12-17 09:45:39,JPM,99.27,18,ASK
2018-12-17 09:45:39,JPM,99.27,11,BID
2018-12-17 09:45:40,JPM,99.29,19,ASK
2018-12-17 09:45:39,JPM,99.27,16,BID
2018-12-17 09:45:40,JPM,99.29,19,ASK
2018-12-17 09:45:42,JPM,99.29,8,BID
2018-12-17 09:45:42,JPM,99.31,13,ASK
2018-12-17 09:45:42,JPM,99.29,8,BID
2018-12-17 09:45:43,JPM,99.31,9,ASK
2018-12-17 09:45:43,JPM,99.29,10,BID
2018-12-17 09:45:43,JPM,99.31,11,ASK
2018-12-17 09:45:43,JPM,99.29,10,BID
2018-12-17 09:45:43,JPM,99.31,11,ASK
2018-12-17 09:45:46,JPM,99.29,8,BID
2018-12-17 09:45:46,JPM,99.3,1,ASK
2018-12-17 09:45:47,JPM,99.29,3,BID
2018-12-17 09:45:47,JPM,99.3,8,ASK
2018-12-17 09:45:48,JPM,99.3,15,BID
2018-12-17 09:45:43,JPM,99.31,13,ASK
2018-12-17 09:45:48,JPM,99.3,15,BID
2018-12-17 09:45:48,JPM,99.32,8,ASK
2018-12-17 09:45:50,JPM,99.31,3,BID
2018-12-17 09:45:48,JPM,99.32,8,ASK
2018-12-17 09:45:51,JPM,99.31,5,BID
2018-12-17 09:45:48,JPM,99.32,7,ASK
2018-12-17 09:45:49,JPM,99.3,15,BID
2018-12-17 09:45:52,JPM,99.32,25,ASK
2018-12-17 09:45:52,JPM,99.31,3,BID
2018-12-17 09:45:52,JPM,99.32,25,ASK
2018-12-17 09:45:54,JPM,99.34,4,BID
2018-12-17 09:43:19,JPM,99.35,28,ASK
2018-12-17 09:45:55,JPM,99.32,8,BID
2018-12-17 09:45:54,JPM,99.34,13,ASK
2018-12-17 09:45:56,JPM,99.31,11,BID
2018-12-17 09:45:56,JPM,99.33,16,ASK
2018-12-17 09:45:57,JPM,99.34,3,BID
2018-12-17 09:43:19,JPM,99.35,27,ASK
2018-12-17 09:45:58,JPM,99.34,13,BID
2018-12-17 09:45:57,JPM,99.36,10,ASK
2018-12-17 09:45:59,JPM,99.36,9,BID
2018-12-17 09:45:59,JPM,99.38,15,ASK
2018-12-17 09:46:00,JPM,99.37,2,BID
2018-12-17 09:46:00,JPM,99.38,18,ASK
2018-12-17 09:46:01,JPM,99.38,8,BID
2018-12-17 09:46:01,JPM,99.39,1,ASK
2018-12-17 09:46:02,JPM,99.37,4,BID
2018-12-17 09:46:02,JPM,99.38,3,ASK
2018-12-17 09:46:03,JPM,99.37,1,BID
2018-12-17 09:46:03,JPM,99.38,7,ASK
2018-12-17 09:46:03,JPM,99.36,16,BID
2018-12-17 09:46:03,JPM,99.38,11,ASK
2018-12-17 09:46:03,JPM,99.36,16,BID
2018-12-17 09:46:03,JPM,99.38,10,ASK
2018-12-17 09:46:03,JPM,99.36,16,BID
2018-12-17 09:46:03,JPM,99.38,9,ASK
2018-12-17 09:46:07,JPM,99.37,16,BID
2018-12-17 09:46:07,JPM,99.39,5,ASK
2018-12-17 09:46:08,JPM,99.38,12,BID
2018-12-17 09:46:08,JPM,99.39,3,ASK
2018-12-17 09:46:09,JPM,99.4,4,BID
2018-12-17 09:46:09,JPM,99.42,17,ASK
2018-12-17 09:46:10,JPM,99.4,1,BID
2018-12-17 09:46:10,JPM,99.41,5,ASK
2018-12-17 09:46:11,JPM,99.4,14,BID
2018-12-17 09:46:11,JPM,99.41,5,ASK
2018-12-17 09:46:12,JPM,99.4,3,BID
2018-12-17 09:46:11,JPM,99.41,8,ASK
2018-12-17 09:46:13,JPM,99.4,9,BID
2018-12-17 09:46:13,JPM,99.42,18,ASK
2018-12-17 09:46:14,JPM,99.41,5,BID
2018-12-17 09:46:14,JPM,99.43,9,ASK
2018-12-17 09:46:15,JPM,99.43,6,BID
2018-12-17 09:46:15,JPM,99.45,1,ASK
2018-12-17 09:46:16,JPM,99.41,8,BID
2018-12-17 09:46:16,JPM,99.43,7,ASK
2018-12-17 09:46:17,JPM,99.41,11,BID
2018-12-17 09:46:17,JPM,99.43,9,ASK
2018-12-17 09:46:17,JPM,99.41,1,BID
2018-12-17 09:46:17,JPM,99.42,5,ASK
2018-12-17 09:46:19,JPM,99.42,6,BID
2018-12-17 09:46:19,JPM,99.43,16,ASK
2018-12-17 09:46:19,JPM,99.42,10,BID
2018-12-17 09:46:19,JPM,99.43,16,ASK
2018-12-17 09:46:21,JPM,99.48,14,BID
2018-12-17 09:46:21,JPM,99.49,17,ASK
2018-12-17 09:46:22,JPM,99.48,9,BID
2018-12-17 09:46:20,JPM,99.5,23,ASK
2018-12-17 09:46:23,JPM,99.47,10,BID
2018-12-17 09:46:23,JPM,99.49,14,ASK
2018-12-17 09:46:23,JPM,99.47,7,BID
2018-12-17 09:46:24,JPM,99.49,13,ASK
2018-12-17 09:46:25,JPM,99.45,13,BID
2018-12-17 09:46:25,JPM,99.47,2,ASK
2018-12-17 09:46:26,JPM,99.45,13,BID
2018-12-17 09:46:26,JPM,99.46,2,ASK
2018-12-17 09:46:27,JPM,99.43,7,BID
2018-12-17 09:46:27,JPM,99.45,11,ASK
2018-12-17 09:46:28,JPM,99.44,5,BID
2018-12-17 09:46:28,JPM,99.46,9,ASK
2018-12-17 09:46:28,JPM,99.44,4,BID
2018-12-17 09:46:29,JPM,99.45,2,ASK
2018-12-17 09:46:30,JPM,99.45,1,BID
2018-12-17 09:46:30,JPM,99.46,10,ASK
2018-12-17 09:46:19,JPM,99.42,12,BID
2018-12-17 09:46:31,JPM,99.44,1,ASK
2018-12-17 09:46:31,JPM,99.45,1,BID
2018-12-17 09:46:31,JPM,99.48,16,ASK
2018-12-17 09:46:32,JPM,99.5,3,BID
2018-12-17 09:46:32,JPM,99.51,11,ASK
2018-12-17 09:46:32,JPM,99.47,13,BID
2018-12-17 09:46:32,JPM,99.49,3,ASK
2018-12-17 09:46:33,JPM,99.49,1,BID
2018-12-17 09:46:33,JPM,99.5,8,ASK
2018-12-17 09:46:35,JPM,99.47,1,BID
2018-12-17 09:46:35,JPM,99.48,4,ASK
2018-12-17 09:46:37,JPM,99.41,14,BID
2018-12-17 09:46:37,JPM,99.42,5,ASK
2018-12-17 09:46:38,JPM,99.41,17,BID
2018-12-17 09:46:38,JPM,99.43,11,ASK
2018-12-17 09:46:38,JPM,99.4,4,BID
2018-12-17 09:46:38,JPM,99.41,23,ASK
2018-12-17 09:46:40,JPM,99.39,17,BID
2018-12-17 09:46:40,JPM,99.41,11,ASK
2018-12-17 09:46:41,JPM,99.39,20,BID
2018-12-17 09:46:41,JPM,99.4,5,ASK
2018-12-17 09:46:42,JPM,99.38,7,BID
2018-12-17 09:46:42,JPM,99.39,9,ASK
2018-12-17 09:46:43,JPM,99.36,5,BID
2018-12-17 09:46:43,JPM,99.37,9,ASK
2018-12-17 09:46:44,JPM,99.36,9,BID
2018-12-17 09:46:44,JPM,99.37,12,ASK
2018-12-17 09:46:45,JPM,99.39,6,BID
2018-12-17 09:46:45,JPM,99.4,10,ASK
2018-12-17 09:46:46,JPM,99.4,6,BID
2018-12-17 09:46:46,JPM,99.41,20,ASK
2018-12-17 09:46:47,JPM,99.38,5,BID
2018-12-17 09:46:47,JPM,99.39,5,ASK
2018-12-17 09:46:48,JPM,99.36,8,BID
2018-12-17 09:46:48,JPM,99.37,13,ASK
2018-12-17 09:46:49,JPM,99.37,4,BID
2018-12-17 09:46:49,JPM,99.38,11,ASK
2018-12-17 09:46:50,JPM,99.35,8,BID
2018-12-17 09:46:50,JPM,99.36,7,ASK
2018-12-17 09:46:51,JPM,99.36,13,BID
2018-12-17 09:46:51,JPM,99.37,14,ASK
2018-12-17 09:46:52,JPM,99.39,5,BID
2018-12-17 09:46:52,JPM,99.4,12,ASK
2018-12-17 09:46:53,JPM,99.39,6,BID
2018-12-17 09:46:52,JPM,99.4,16,ASK
2018-12-17 09:46:54,JPM,99.39,5,BID
2018-12-17 09:46:54,JPM,99.4,27,ASK
2018-12-17 09:46:55,JPM,99.39,7,BID
2018-12-17 09:46:55,JPM,99.4,27,ASK
2018-12-17 09:46:56,JPM,99.38,7,BID
2018-12-17 09:46:55,JPM,99.39,22,ASK
2018-12-17 09:46:57,JPM,99.37,2,BID
2018-12-17 09:46:57,JPM,99.38,6,ASK
2018-12-17 09:46:57,JPM,99.37,4,BID
2018-12-17 09:46:57,JPM,99.38,6,ASK
2018-12-17 09:46:57,JPM,99.37,4,BID
2018-12-17 09:46:57,JPM,99.38,6,ASK
2018-12-17 09:47:00,JPM,99.39,24,BID
2018-12-17 09:47:00,JPM,99.41,10,ASK
2018-12-17 09:47:01,JPM,99.4,5,BID
2018-12-17 09:47:01,JPM,99.41,3,ASK
2018-12-17 09:47:02,JPM,99.4,9,BID
2018-12-17 09:47:02,JPM,99.41,10,ASK
2018-12-17 09:47:03,JPM,99.43,6,BID
2018-12-17 09:47:03,JPM,99.45,8,ASK
2018-12-17 09:47:03,JPM,99.44,4,BID
2018-12-17 09:47:03,JPM,99.45,7,ASK
2018-12-17 09:47:04,JPM,99.43,19,BID
2018-12-17 09:47:04,JPM,99.45,18,ASK
2018-12-17 09:47:06,JPM,99.44,3,BID
2018-12-17 09:47:04,JPM,99.45,18,ASK
2018-12-17 09:47:04,JPM,99.43,12,BID
2018-12-17 09:47:07,JPM,99.44,7,ASK
2018-12-17 09:47:08,JPM,99.43,13,BID
2018-12-17 09:47:08,JPM,99.44,16,ASK
2018-12-17 09:47:09,JPM,99.39,9,BID
2018-12-17 09:47:09,JPM,99.41,10,ASK
2018-12-17 09:47:10,JPM,99.41,7,BID
2018-12-17 09:47:10,JPM,99.42,1,ASK
2018-12-17 09:47:10,JPM,99.41,7,BID
2018-12-17 09:47:10,JPM,99.43,12,ASK
2018-12-17 09:47:12,JPM,99.43,1,BID
2018-12-17 09:47:12,JPM,99.44,20,ASK
2018-12-17 09:47:13,JPM,99.43,3,BID
2018-12-17 09:47:12,JPM,99.44,17,ASK
2018-12-17 09:47:14,JPM,99.43,4,BID
2018-12-17 09:47:12,JPM,99.44,17,ASK
2018-12-17 09:47:15,JPM,99.41,1,BID
2018-12-17 09:47:15,JPM,99.42,9,ASK
2018-12-17 09:47:16,JPM,99.41,4,BID
2018-12-17 09:47:15,JPM,99.42,8,ASK
2018-12-17 09:47:17,JPM,99.41,4,BID
2018-12-17 09:47:17,JPM,99.42,12,ASK
2018-12-17 09:47:18,JPM,99.39,14,BID
2018-12-17 09:47:18,JPM,99.41,3,ASK
2018-12-17 09:47:19,JPM,99.39,10,BID
2018-12-17 09:47:19,JPM,99.4,2,ASK
2018-12-17 09:47:20,JPM,99.4,13,BID
2018-12-17 09:47:20,JPM,99.41,5,ASK
2018-12-17 09:47:21,JPM,99.4,12,BID
2018-12-17 09:47:21,JPM,99.41,5,ASK
2018-12-17 09:47:22,JPM,99.4,12,BID
2018-12-17 09:47:22,JPM,99.41,7,ASK
2018-12-17 09:47:23,JPM,99.4,9,BID
2018-12-17 09:47:22,JPM,99.41,8,ASK
2018-12-17 09:47:23,JPM,99.4,9,BID
2018-12-17 09:47:22,JPM,99.41,8,ASK
2018-12-17 09:47:23,JPM,99.4,9,BID
2018-12-17 09:47:22,JPM,99.41,10,ASK
2018-12-17 09:47:26,JPM,99.39,15,BID
2018-12-17 09:47:26,JPM,99.41,11,ASK
2018-12-17 09:47:27,JPM,99.4,12,BID
2018-12-17 09:47:27,JPM,99.42,13,ASK
2018-12-17 09:47:26,JPM,99.39,17,BID
2018-12-17 09:47:28,JPM,99.41,11,ASK
2018-12-17 09:47:29,JPM,99.4,19,BID
2018-12-17 09:47:29,JPM,99.42,17,ASK
2018-12-17 09:47:30,JPM,99.41,2,BID
2018-12-17 09:47:30,JPM,99.42,18,ASK
2018-12-17 09:47:31,JPM,99.38,11,BID
2018-12-17 09:47:31,JPM,99.4,10,ASK
2018-12-17 09:47:32,JPM,99.39,2,BID
2018-12-17 09:47:32,JPM,99.4,13,ASK
2018-12-17 09:47:33,JPM,99.4,1,BID
2018-12-17 09:47:33,JPM,99.41,19,ASK
2018-12-17 09:47:34,JPM,99.4,14,BID
2018-12-17 09:47:34,JPM,99.41,3,ASK
2018-12-17 09:47:34,JPM,99.4,16,BID
2018-12-17 09:47:35,JPM,99.41,3,ASK
2018-12-17 09:47:36,JPM,99.38,13,BID
2018-12-17 09:47:36,JPM,99.39,3,ASK
2018-12-17 09:47:37,JPM,99.38,6,BID
2018-12-17 09:47:37,JPM,99.4,10,ASK
2018-12-17 09:47:38,JPM,99.38,1,BID
2018-12-17 09:47:38,JPM,99.39,3,ASK
2018-12-17 09:47:39,JPM,99.38,4,BID
2018-12-17 09:47:38,JPM,99.39,12,ASK
2018-12-17 09:47:38,JPM,99.37,14,BID
2018-12-17 09:47:40,JPM,99.38,13,ASK
2018-12-17 09:47:38,JPM,99.37,7,BID
2018-12-17 09:47:41,JPM,99.38,12,ASK
2018-12-17 09:47:42,JPM,99.35,12,BID
2018-12-17 09:47:42,JPM,99.38,13,ASK
2018-12-17 09:47:43,JPM,99.35,12,BID
2018-12-17 09:47:43,JPM,99.37,6,ASK
2018-12-17 09:47:44,JPM,99.35,11,BID
2018-12-17 09:47:44,JPM,99.36,14,ASK
2018-12-17 09:47:45,JPM,99.36,1,BID
2018-12-17 09:47:44,JPM,99.37,20,ASK
2018-12-17 09:47:45,JPM,99.36,1,BID
2018-12-17 09:47:44,JPM,99.37,20,ASK
2018-12-17 09:47:47,JPM,99.34,13,BID
2018-12-17 09:47:47,JPM,99.35,3,ASK
2018-12-17 09:47:48,JPM,99.34,2,BID
2018-12-17 09:47:48,JPM,99.35,3,ASK
2018-12-17 09:47:49,JPM,99.35,12,BID
2018-12-17 09:47:49,JPM,99.36,2,ASK
2018-12-17 09:47:50,JPM,99.35,9,BID
2018-12-17 09:47:50,JPM,99.36,2,ASK
2018-12-17 09:47:51,JPM,99.35,17,BID
2018-12-17 09:47:44,JPM,99.37,20,ASK
2018-12-17 09:47:51,JPM,99.35,13,BID
2018-12-17 09:47:52,JPM,99.36,5,ASK
2018-12-17 09:47:53,JPM,99.34,21,BID
2018-12-17 09:47:52,JPM,99.36,5,ASK
2018-12-17 09:47:54,JPM,99.34,21,BID
2018-12-17 09:47:54,JPM,99.36,14,ASK
2018-12-17 09:47:55,JPM,99.35,3,BID
2018-12-17 09:47:55,JPM,99.36,13,ASK
2018-12-17 09:47:57,JPM,99.34,12,BID
2018-12-17 09:47:57,JPM,99.36,15,ASK
2018-12-17 09:47:57,JPM,99.34,6,BID
2018-12-17 09:47:57,JPM,99.36,15,ASK
2018-12-17 09:47:58,JPM,99.38,1,BID
2018-12-17 09:47:58,JPM,99.39,4,ASK
2018-12-17 09:47:59,JPM,99.38,9,BID
2018-12-17 09:47:59,JPM,99.4,11,ASK
2018-12-17 09:48:00,JPM,99.36,7,BID
2018-12-17 09:48:00,JPM,99.37,7,ASK
2018-12-17 09:48:01,JPM,99.38,2,BID
2018-12-17 09:48:01,JPM,99.39,3,ASK
2018-12-17 09:48:02,JPM,99.37,8,BID
2018-12-17 09:48:02,JPM,99.38,4,ASK
2018-12-17 09:48:04,JPM,99.39,3,BID
2018-12-17 09:48:00,JPM,99.4,17,ASK
2018-12-17 09:48:04,JPM,99.39,3,BID
2018-12-17 09:48:00,JPM,99.4,17,ASK
2018-12-17 09:48:06,JPM,99.39,1,BID
2018-12-17 09:48:00,JPM,99.4,17,ASK
2018-12-17 09:48:07,JPM,99.39,1,BID
2018-12-17 09:48:00,JPM,99.4,17,ASK
2018-12-17 09:48:02,JPM,99.37,9,BID
2018-12-17 09:48:07,JPM,99.39,2,ASK
2018-12-17 09:48:08,JPM,99.37,9,BID
2018-12-17 09:48:08,JPM,99.4,20,ASK
2018-12-17 09:48:09,JPM,99.38,2,BID
2018-12-17 09:48:09,JPM,99.4,14,ASK
2018-12-17 09:48:11,JPM,99.39,4,BID
2018-12-17 09:48:11,JPM,99.4,19,ASK
2018-12-17 09:48:08,JPM,99.37,13,BID
2018-12-17 09:48:11,JPM,99.39,8,ASK
2018-12-17 09:48:12,JPM,99.38,1,BID
2018-12-17 09:48:12,JPM,99.39,8,ASK
2018-12-17 09:48:14,JPM,99.38,1,BID
2018-12-17 09:48:14,JPM,99.39,15,ASK
2018-12-17 09:48:14,JPM,99.38,3,BID
2018-12-17 09:48:14,JPM,99.39,16,ASK
2018-12-17 09:48:15,JPM,99.38,2,BID
2018-12-17 09:48:15,JPM,99.39,19,ASK
2018-12-17 09:48:16,JPM,99.39,4,BID
2018-12-17 09:48:00,JPM,99.4,18,ASK
2018-12-17 09:48:17,JPM,99.39,3,BID
2018-12-17 09:48:00,JPM,99.4,20,ASK
2018-12-17 09:48:18,JPM,99.4,21,BID
2018-12-17 09:47:59,JPM,99.41,13,ASK
2018-12-17 09:48:18,JPM,99.39,16,BID
2018-12-17 09:47:59,JPM,99.41,14,ASK
2018-12-17 09:48:18,JPM,99.39,16,BID
2018-12-17 09:48:20,JPM,99.41,16,ASK
2018-12-17 09:48:21,JPM,99.37,12,BID
2018-12-17 09:48:21,JPM,99.39,10,ASK
2018-12-17 09:48:22,JPM,99.38,4,BID
2018-12-17 09:48:22,JPM,99.39,12,ASK
2018-12-17 09:48:23,JPM,99.36,2,BID
2018-12-17 09:48:23,JPM,99.38,15,ASK
2018-12-17 09:48:24,JPM,99.36,2,BID
2018-12-17 09:48:23,JPM,99.38,17,ASK
2018-12-17 09:48:25,JPM,99.36,3,BID
2018-12-17 09:48:23,JPM,99.38,17,ASK
2018-12-17 09:48:26,JPM,99.35,7,BID
2018-12-17 09:48:27,JPM,99.36,2,ASK
2018-12-17 09:48:27,JPM,99.34,11,BID
2018-12-17 09:48:26,JPM,99.37,15,ASK
2018-12-17 09:48:28,JPM,99.35,1,BID
2018-12-17 09:48:26,JPM,99.37,15,ASK
2018-12-17 09:48:27,JPM,99.34,13,BID
2018-12-17 09:48:30,JPM,99.36,18,ASK
2018-12-17 09:48:31,JPM,99.35,5,BID
2018-12-17 09:48:30,JPM,99.36,14,ASK
2018-12-17 09:48:31,JPM,99.35,5,BID
2018-12-17 09:48:30,JPM,99.36,14,ASK
2018-12-17 09:48:32,JPM,99.37,20,BID
2018-12-17 09:48:22,JPM,99.39,14,ASK
2018-12-17 09:48:33,JPM,99.39,7,BID
2018-12-17 09:48:33,JPM,99.4,16,ASK
2018-12-17 09:48:34,JPM,99.4,7,BID
2018-12-17 09:48:34,JPM,99.41,16,ASK
2018-12-17 09:48:35,JPM,99.4,6,BID
2018-12-17 09:48:35,JPM,99.41,8,ASK
2018-12-17 09:48:35,JPM,99.4,6,BID
2018-12-17 09:48:35,JPM,99.41,10,ASK
2018-12-17 09:48:35,JPM,99.4,8,BID
2018-12-17 09:48:35,JPM,99.41,11,ASK
2018-12-17 09:48:38,JPM,99.43,3,BID
2018-12-17 09:47:12,JPM,99.44,20,ASK
2018-12-17 09:48:38,JPM,99.43,3,BID
2018-12-17 09:47:12,JPM,99.44,20,ASK
2018-12-17 09:48:40,JPM,99.4,14,BID
2018-12-17 09:48:40,JPM,99.42,9,ASK
2018-12-17 09:48:40,JPM,99.4,11,BID
2018-12-17 09:48:41,JPM,99.42,11,ASK
2018-12-17 09:48:43,JPM,99.42,10,BID
2018-12-17 09:48:42,JPM,99.44,26,ASK
2018-12-17 09:48:43,JPM,99.42,10,BID
2018-12-17 09:48:43,JPM,99.43,1,ASK
2018-12-17 09:48:44,JPM,99.42,11,BID
2018-12-17 09:48:44,JPM,99.44,27,ASK
2018-12-17 09:48:46,JPM,99.43,3,BID
2018-12-17 09:48:44,JPM,99.44,27,ASK
2018-12-17 09:48:46,JPM,99.43,3,BID
2018-12-17 09:48:44,JPM,99.44,27,ASK
2018-12-17 09:48:46,JPM,99.43,5,BID
2018-12-17 09:48:44,JPM,99.44,27,ASK
2018-12-17 09:48:49,JPM,99.43,8,BID
2018-12-17 09:48:44,JPM,99.44,27,ASK
2018-12-17 09:48:49,JPM,99.43,11,BID
2018-12-17 09:48:44,JPM,99.44,27,ASK
2018-12-17 09:48:51,JPM,99.44,6,BID
2018-12-17 09:47:04,JPM,99.45,31,ASK
2018-12-17 09:48:51,JPM,99.44,4,BID
2018-12-17 09:47:04,JPM,99.45,31,ASK
2018-12-17 09:48:53,JPM,99.46,5,BID
2018-12-17 09:48:53,JPM,99.47,1,ASK
2018-12-17 09:48:53,JPM,99.45,29,BID
2018-12-17 09:48:53,JPM,99.47,10,ASK
2018-12-17 09:48:55,JPM,99.46,4,BID
2018-12-17 09:48:53,JPM,99.47,7,ASK
2018-12-17 09:48:55,JPM,99.42,16,BID
2018-12-17 09:48:56,JPM,99.43,6,ASK
2018-12-17 09:48:56,JPM,99.42,13,BID
2018-12-17 09:48:56,JPM,99.43,15,ASK
2018-12-17 09:48:58,JPM,99.37,5,BID
2018-12-17 09:48:58,JPM,99.38,11,ASK
2018-12-17 09:48:59,JPM,99.39,1,BID
2018-12-17 09:48:59,JPM,99.4,15,ASK
2018-12-17 09:49:00,JPM,99.39,13,BID
2018-12-17 09:49:00,JPM,99.41,14,ASK
2018-12-17 09:49:01,JPM,99.39,6,BID
2018-12-17 09:49:01,JPM,99.4,13,ASK
2018-12-17 09:49:01,JPM,99.4,2,BID
2018-12-17 09:49:01,JPM,99.41,17,ASK
2018-12-17 09:49:02,JPM,99.4,3,BID
2018-12-17 09:49:02,JPM,99.41,14,ASK
2018-12-17 09:49:03,JPM,99.4,5,BID
2018-12-17 09:49:03,JPM,99.41,16,ASK
2018-12-17 09:49:03,JPM,99.42,1,BID
2018-12-17 09:49:03,JPM,99.43,22,ASK
2018-12-17 09:49:04,JPM,99.44,11,BID
2018-12-17 09:49:04,JPM,99.45,1,ASK
2018-12-17 09:49:04,JPM,99.42,11,BID
2018-12-17 09:49:05,JPM,99.44,7,ASK
2018-12-17 09:49:05,JPM,99.44,17,BID
2018-12-17 09:49:05,JPM,99.46,16,ASK
2018-12-17 09:49:04,JPM,99.42,10,BID
2018-12-17 09:49:06,JPM,99.44,14,ASK
2018-12-17 09:49:04,JPM,99.42,10,BID
2018-12-17 09:49:06,JPM,99.44,13,ASK
2018-12-17 09:49:09,JPM,99.41,11,BID
2018-12-17 09:49:09,JPM,99.42,2,ASK
2018-12-17 09:49:10,JPM,99.4,3,BID
2018-12-17 09:49:10,JPM,99.41,11,ASK
2018-12-17 09:49:00,JPM,99.38,18,BID
2018-12-17 09:49:10,JPM,99.41,12,ASK
2018-12-17 09:49:11,JPM,99.37,11,BID
2018-12-17 09:49:11,JPM,99.38,2,ASK
2018-12-17 09:49:13,JPM,99.33,26,BID
2018-12-17 09:49:14,JPM,99.35,11,ASK
2018-12-17 09:49:15,JPM,99.32,1,BID
2018-12-17 09:49:15,JPM,99.33,10,ASK
2018-12-17 09:49:16,JPM,99.31,13,BID
2018-12-17 09:49:16,JPM,99.33,10,ASK
2018-12-17 09:49:17,JPM,99.34,11,BID
2018-12-17 09:49:18,JPM,99.35,6,ASK
2018-12-17 09:49:19,JPM,99.35,16,BID
2018-12-17 09:49:19,JPM,99.38,9,ASK
2018-12-17 09:49:17,JPM,99.32,16,BID
2018-12-17 09:49:19,JPM,99.34,3,ASK
2018-12-17 09:49:20,JPM,99.33,5,BID
2018-12-17 09:49:20,JPM,99.35,1,ASK
2018-12-17 09:49:20,JPM,99.31,12,BID
2018-12-17 09:49:20,JPM,99.32,6,ASK
2018-12-17 09:49:21,JPM,99.3,10,BID
2018-12-17 09:49:21,JPM,99.31,5,ASK
2018-12-17 09:49:22,JPM,99.28,12,BID
2018-12-17 09:49:21,JPM,99.3,7,ASK
2018-12-17 09:45:34,JPM,99.24,13,BID
2018-12-17 09:49:22,JPM,99.26,6,ASK
2018-12-17 09:45:34,JPM,99.24,13,BID
2018-12-17 09:49:22,JPM,99.26,6,ASK
2018-12-17 09:49:24,JPM,99.25,8,BID
2018-12-17 09:49:24,JPM,99.27,11,ASK
2018-12-17 09:49:24,JPM,99.28,3,BID
2018-12-17 09:49:22,JPM,99.29,8,ASK
2018-12-17 09:49:25,JPM,99.26,10,BID
2018-12-17 09:49:25,JPM,99.28,8,ASK
2018-12-17 09:49:26,JPM,99.27,1,BID
2018-12-17 09:49:25,JPM,99.29,11,ASK
2018-12-17 09:49:27,JPM,99.3,12,BID
2018-12-17 09:49:27,JPM,99.32,14,ASK
2018-12-17 09:49:27,JPM,99.34,7,BID
2018-12-17 09:49:27,JPM,99.36,9,ASK
2018-12-17 09:49:27,JPM,99.3,17,BID
2018-12-17 09:49:27,JPM,99.31,3,ASK
2018-12-17 09:49:28,JPM,99.28,14,BID
2018-12-17 09:49:28,JPM,99.3,2,ASK
2018-12-17 09:49:28,JPM,99.27,1,BID
2018-12-17 09:49:28,JPM,99.28,1,ASK
2018-12-17 09:49:28,JPM,99.27,2,BID
2018-12-17 09:49:28,JPM,99.29,12,ASK
2018-12-17 09:49:29,JPM,99.27,2,BID
2018-12-17 09:49:29,JPM,99.29,12,ASK
2018-12-17 09:49:30,JPM,99.27,7,BID
2018-12-17 09:49:30,JPM,99.29,14,ASK
2018-12-17 09:49:32,JPM,99.29,1,BID
2018-12-17 09:49:32,JPM,99.3,14,ASK
2018-12-17 09:49:33,JPM,99.29,12,BID
2018-12-17 09:49:32,JPM,99.3,10,ASK
2018-12-17 09:49:34,JPM,99.31,3,BID
2018-12-17 09:49:33,JPM,99.33,17,ASK
2018-12-17 09:49:35,JPM,99.32,2,BID
2018-12-17 09:49:34,JPM,99.33,17,ASK
2018-12-17 09:49:36,JPM,99.34,11,BID
2018-12-17 09:49:36,JPM,99.36,12,ASK
2018-12-17 09:49:37,JPM,99.35,3,BID
2018-12-17 09:49:37,JPM,99.36,1,ASK
2018-12-17 09:49:39,JPM,99.33,10,BID
2018-12-17 09:49:39,JPM,99.35,11,ASK
2018-12-17 09:49:41,JPM,99.37,1,BID
2018-12-17 09:49:41,JPM,99.38,13,ASK
2018-12-17 09:49:43,JPM,99.35,9,BID
2018-12-17 09:49:43,JPM,99.36,2,ASK
2018-12-17 09:49:45,JPM,99.36,6,BID
2018-12-17 09:49:45,JPM,99.37,8,ASK
2018-12-17 09:49:46,JPM,99.36,1,BID
2018-12-17 09:49:46,JPM,99.37,3,ASK
2018-12-17 09:49:48,JPM,99.34,12,BID
2018-12-17 09:49:47,JPM,99.36,18,ASK
2018-12-17 09:49:50,JPM,99.34,16,BID
2018-12-17 09:49:50,JPM,99.36,26,ASK
2018-12-17 09:49:50,JPM,99.34,15,BID
2018-12-17 09:49:51,JPM,99.35,4,ASK
2018-12-17 09:49:50,JPM,99.34,15,BID
2018-12-17 09:49:52,JPM,99.35,1,ASK
2018-12-17 09:49:50,JPM,99.34,15,BID
2018-12-17 09:49:54,JPM,99.36,26,ASK
2018-12-17 09:49:50,JPM,99.34,15,BID
2018-12-17 09:49:54,JPM,99.36,26,ASK
2018-12-17 09:49:50,JPM,99.34,15,BID
2018-12-17 09:49:55,JPM,99.36,26,ASK
2018-12-17 09:49:50,JPM,99.34,15,BID
2018-12-17 09:49:57,JPM,99.36,11,ASK
2018-12-17 09:49:58,JPM,99.34,12,BID
2018-12-17 09:49:58,JPM,99.36,13,ASK
2018-12-17 09:49:58,JPM,99.34,12,BID
2018-12-17 09:49:58,JPM,99.36,13,ASK
2018-12-17 09:50:00,JPM,99.34,12,BID
2018-12-17 09:49:58,JPM,99.36,13,ASK
2018-12-17 09:50:01,JPM,99.34,1,BID
2018-12-17 09:50:01,JPM,99.35,18,ASK
2018-12-17 09:50:02,JPM,99.34,4,BID
2018-12-17 09:50:02,JPM,99.35,19,ASK
2018-12-17 09:50:03,JPM,99.33,11,BID
2018-12-17 09:50:02,JPM,99.34,9,ASK
2018-12-17 09:50:03,JPM,99.33,11,BID
2018-12-17 09:50:02,JPM,99.34,9,ASK
2018-12-17 09:50:04,JPM,99.33,12,BID
2018-12-17 09:50:02,JPM,99.34,10,ASK
2018-12-17 09:50:06,JPM,99.32,9,BID
2018-12-17 09:50:02,JPM,99.34,11,ASK
2018-12-17 09:50:07,JPM,99.33,1,BID
2018-12-17 09:50:06,JPM,99.34,16,ASK
2018-12-17 09:50:08,JPM,99.33,6,BID
2018-12-17 09:50:06,JPM,99.34,15,ASK
2018-12-17 09:50:08,JPM,99.32,11,BID
2018-12-17 09:50:06,JPM,99.34,12,ASK
2018-12-17 09:50:10,JPM,99.35,12,BID
2018-12-17 09:50:10,JPM,99.36,7,ASK
2018-12-17 09:50:11,JPM,99.36,10,BID
2018-12-17 09:50:10,JPM,99.37,10,ASK
2018-12-17 09:50:11,JPM,99.36,10,BID
2018-12-17 09:50:12,JPM,99.37,14,ASK
2018-12-17 09:50:11,JPM,99.36,10,BID
2018-12-17 09:50:11,JPM,99.37,12,ASK
2018-12-17 09:50:14,JPM,99.39,5,BID
2018-12-17 09:50:14,JPM,99.4,6,ASK
2018-12-17 09:50:15,JPM,99.39,5,BID
2018-12-17 09:50:14,JPM,99.4,5,ASK
2018-12-17 09:50:15,JPM,99.39,6,BID
2018-12-17 09:50:14,JPM,99.4,8,ASK
2018-12-17 09:50:17,JPM,99.37,3,BID
2018-12-17 09:50:17,JPM,99.39,16,ASK
2018-12-17 09:50:18,JPM,99.38,2,BID
2018-12-17 09:50:18,JPM,99.39,17,ASK
2018-12-17 09:50:19,JPM,99.33,14,BID
2018-12-17 09:50:19,JPM,99.35,14,ASK
2018-12-17 09:50:19,JPM,99.32,6,BID
2018-12-17 09:50:20,JPM,99.33,3,ASK
2018-12-17 09:50:21,JPM,99.32,2,BID
2018-12-17 09:50:21,JPM,99.34,11,ASK
2018-12-17 09:50:22,JPM,99.32,7,BID
2018-12-17 09:50:22,JPM,99.34,6,ASK
2018-12-17 09:50:23,JPM,99.3,11,BID
2018-12-17 09:50:23,JPM,99.32,14,ASK
2018-12-17 09:50:24,JPM,99.3,13,BID
2018-12-17 09:50:23,JPM,99.32,11,ASK
2018-12-17 09:49:31,JPM,99.28,10,BID
2018-12-17 09:50:25,JPM,99.3,22,ASK
2018-12-17 09:50:26,JPM,99.28,8,BID
2018-12-17 09:50:26,JPM,99.29,1,ASK
2018-12-17 09:50:27,JPM,99.28,10,BID
2018-12-17 09:50:27,JPM,99.3,24,ASK
2018-12-17 09:50:28,JPM,99.26,16,BID
2018-12-17 09:50:28,JPM,99.29,10,ASK
2018-12-17 09:50:29,JPM,99.27,15,BID
2018-12-17 09:50:28,JPM,99.29,5,ASK
2018-12-17 09:50:30,JPM,99.28,6,BID
2018-12-17 09:50:30,JPM,99.3,13,ASK
2018-12-17 09:50:31,JPM,99.32,10,BID
2018-12-17 09:50:31,JPM,99.34,8,ASK
2018-12-17 09:50:31,JPM,99.32,17,BID
2018-12-17 09:50:31,JPM,99.34,11,ASK
2018-12-17 09:50:33,JPM,99.34,2,BID
2018-12-17 09:50:33,JPM,99.36,14,ASK
2018-12-17 09:50:34,JPM,99.35,6,BID
2018-12-17 09:50:33,JPM,99.36,11,ASK
2018-12-17 09:50:35,JPM,99.35,5,BID
2018-12-17 09:50:35,JPM,99.36,3,ASK
2018-12-17 09:50:36,JPM,99.35,4,BID
2018-12-17 09:50:35,JPM,99.36,3,ASK
2018-12-17 09:50:37,JPM,99.35,9,BID
2018-12-17 09:50:37,JPM,99.36,5,ASK
2018-12-17 09:50:38,JPM,99.35,4,BID
2018-12-17 09:50:38,JPM,99.36,15,ASK
2018-12-17 09:50:38,JPM,99.34,9,BID
2018-12-17 09:50:38,JPM,99.35,10,ASK
2018-12-17 09:50:40,JPM,99.35,7,BID
2018-12-17 09:50:38,JPM,99.36,9,ASK
2018-12-17 09:50:41,JPM,99.35,7,BID
2018-12-17 09:50:41,JPM,99.36,6,ASK
2018-12-17 09:50:41,JPM,99.35,8,BID
2018-12-17 09:50:42,JPM,99.36,7,ASK
2018-12-17 09:50:43,JPM,99.36,6,BID
2018-12-17 09:50:43,JPM,99.37,18,ASK
2018-12-17 09:50:43,JPM,99.36,6,BID
2018-12-17 09:50:43,JPM,99.37,18,ASK
2018-12-17 09:50:45,JPM,99.35,7,BID
2018-12-17 09:50:45,JPM,99.36,18,ASK
2018-12-17 09:50:46,JPM,99.36,5,BID
2018-12-17 09:50:45,JPM,99.37,25,ASK
2018-12-17 09:50:47,JPM,99.34,10,BID
2018-12-17 09:50:47,JPM,99.35,6,ASK
2018-12-17 09:50:48,JPM,99.35,12,BID
2018-12-17 09:50:48,JPM,99.36,2,ASK
2018-12-17 09:50:47,JPM,99.34,10,BID
2018-12-17 09:50:49,JPM,99.35,6,ASK
2018-12-17 09:50:47,JPM,99.34,11,BID
2018-12-17 09:50:50,JPM,99.35,4,ASK
2018-12-17 09:50:47,JPM,99.34,11,BID
2018-12-17 09:50:51,JPM,99.35,1,ASK
2018-12-17 09:50:52,JPM,99.35,7,BID
2018-12-17 09:50:52,JPM,99.36,18,ASK
2018-12-17 09:50:53,JPM,99.37,8,BID
2018-12-17 09:50:53,JPM,99.38,11,ASK
2018-12-17 09:50:53,JPM,99.36,10,BID
2018-12-17 09:50:54,JPM,99.37,19,ASK
2018-12-17 09:50:53,JPM,99.36,8,BID
2018-12-17 09:50:54,JPM,99.37,19,ASK
2018-12-17 09:50:53,JPM,99.36,8,BID
2018-12-17 09:50:54,JPM,99.37,19,ASK
2018-12-17 09:50:52,JPM,99.35,9,BID
2018-12-17 09:50:54,JPM,99.37,19,ASK
2018-12-17 09:50:58,JPM,99.36,3,BID
2018-12-17 09:50:58,JPM,99.37,28,ASK
2018-12-17 09:50:59,JPM,99.34,12,BID
2018-12-17 09:50:59,JPM,99.35,11,ASK
2018-12-17 09:51:00,JPM,99.35,5,BID
2018-12-17 09:51:00,JPM,99.36,15,ASK
2018-12-17 09:51:00,JPM,99.34,13,BID
2018-12-17 09:51:01,JPM,99.36,19,ASK
2018-12-17 09:51:00,JPM,99.34,12,BID
2018-12-17 09:51:02,JPM,99.35,5,ASK
2018-12-17 09:51:03,JPM,99.33,14,BID
2018-12-17 09:51:03,JPM,99.34,10,ASK
2018-12-17 09:51:04,JPM,99.34,4,BID
2018-12-17 09:51:04,JPM,99.35,22,ASK
2018-12-17 09:51:03,JPM,99.33,13,BID
2018-12-17 09:51:05,JPM,99.34,16,ASK
2018-12-17 09:51:05,JPM,99.32,16,BID
2018-12-17 09:51:06,JPM,99.33,3,ASK
2018-12-17 09:51:06,JPM,99.32,8,BID
2018-12-17 09:51:06,JPM,99.33,8,ASK
2018-12-17 09:51:06,JPM,99.32,8,BID
2018-12-17 09:51:07,JPM,99.32,11,ASK
2018-12-17 09:51:09,JPM,99.3,11,BID
2018-12-17 09:51:09,JPM,99.31,10,ASK
2018-12-17 09:51:10,JPM,99.29,2,BID
2018-12-17 09:51:09,JPM,99.3,16,ASK
2018-12-17 09:51:11,JPM,99.29,3,BID
2018-12-17 09:51:09,JPM,99.3,17,ASK
2018-12-17 09:51:12,JPM,99.28,11,BID
2018-12-17 09:51:12,JPM,99.29,11,ASK
2018-12-17 09:51:12,JPM,99.28,6,BID
2018-12-17 09:51:13,JPM,99.29,11,ASK
2018-12-17 09:51:14,JPM,99.27,1,BID
2018-12-17 09:51:14,JPM,99.28,7,ASK
2018-12-17 09:51:14,JPM,99.27,3,BID
2018-12-17 09:51:14,JPM,99.29,24,ASK
2018-12-17 09:49:24,JPM,99.25,29,BID
2018-12-17 09:51:15,JPM,99.26,15,ASK
2018-12-17 09:51:16,JPM,99.24,13,BID
2018-12-17 09:51:16,JPM,99.25,20,ASK
2018-12-17 09:51:17,JPM,99.25,20,BID
2018-12-17 09:51:17,JPM,99.26,28,ASK
2018-12-17 09:51:18,JPM,99.26,5,BID
2018-12-17 09:51:18,JPM,99.27,8,ASK
2018-12-17 09:51:18,JPM,99.27,5,BID
2018-12-17 09:51:18,JPM,99.28,3,ASK
2018-12-17 09:51:20,JPM,99.29,4,BID
2018-12-17 09:51:20,JPM,99.3,18,ASK
2018-12-17 09:51:22,JPM,99.31,7,BID
2018-12-17 09:51:22,JPM,99.32,2,ASK
2018-12-17 09:51:23,JPM,99.3,8,BID
2018-12-17 09:51:23,JPM,99.31,19,ASK
2018-12-17 09:51:19,JPM,99.27,7,BID
2018-12-17 09:51:24,JPM,99.28,3,ASK
2018-12-17 09:51:25,JPM,99.28,1,BID
2018-12-17 09:51:25,JPM,99.29,13,ASK
2018-12-17 09:51:26,JPM,99.28,8,BID
2018-12-17 09:51:25,JPM,99.29,11,ASK
2018-12-17 09:51:27,JPM,99.29,6,BID
2018-12-17 09:51:27,JPM,99.3,10,ASK
2018-12-17 09:51:28,JPM,99.29,8,BID
2018-12-17 09:51:27,JPM,99.3,10,ASK
2018-12-17 09:51:29,JPM,99.27,15,BID
2018-12-17 09:51:29,JPM,99.28,3,ASK
2018-12-17 09:51:30,JPM,99.28,4,BID
2018-12-17 09:51:27,JPM,99.3,11,ASK
2018-12-17 09:51:31,JPM,99.3,12,BID
2018-12-17 09:51:31,JPM,99.31,19,ASK
2018-12-17 09:51:31,JPM,99.31,5,BID
2018-12-17 09:51:31,JPM,99.32,3,ASK
2018-12-17 09:51:32,JPM,99.31,5,BID
2018-12-17 09:51:32,JPM,99.32,2,ASK
2018-12-17 09:51:33,JPM,99.31,11,BID
2018-12-17 09:51:31,JPM,99.33,19,ASK
2018-12-17 09:51:34,JPM,99.32,9,BID
2018-12-17 09:51:31,JPM,99.33,18,ASK
2018-12-17 09:51:36,JPM,99.31,13,BID
2018-12-17 09:51:36,JPM,99.32,15,ASK
2018-12-17 09:51:37,JPM,99.31,12,BID
2018-12-17 09:51:37,JPM,99.33,15,ASK
2018-12-17 09:51:38,JPM,99.32,4,BID
2018-12-17 09:51:38,JPM,99.33,14,ASK
2018-12-17 09:51:39,JPM,99.32,5,BID
2018-12-17 09:51:38,JPM,99.33,14,ASK
2018-12-17 09:51:40,JPM,99.32,7,BID
2018-12-17 09:51:40,JPM,99.33,17,ASK
2018-12-17 09:51:41,JPM,99.33,5,BID
2018-12-17 09:51:03,JPM,99.35,26,ASK
2018-12-17 09:51:42,JPM,99.35,5,BID
2018-12-17 09:51:42,JPM,99.36,14,ASK
2018-12-17 09:51:43,JPM,99.35,5,BID
2018-12-17 09:51:43,JPM,99.36,13,ASK
2018-12-17 09:51:44,JPM,99.34,11,BID
2018-12-17 09:51:44,JPM,99.36,14,ASK
2018-12-17 09:51:45,JPM,99.36,13,BID
2018-12-17 09:51:45,JPM,99.38,22,ASK
2018-12-17 09:51:46,JPM,99.37,3,BID
2018-12-17 09:50:53,JPM,99.39,19,ASK
2018-12-17 09:51:47,JPM,99.36,16,BID
2018-12-17 09:51:47,JPM,99.38,14,ASK
2018-12-17 09:51:48,JPM,99.37,10,BID
2018-12-17 09:51:48,JPM,99.39,12,ASK
2018-12-17 09:51:49,JPM,99.38,24,BID
2018-12-17 09:51:49,JPM,99.4,11,ASK
2018-12-17 09:51:50,JPM,99.39,4,BID
2018-12-17 09:51:50,JPM,99.4,16,ASK
2018-12-17 09:51:51,JPM,99.38,18,BID
2018-12-17 09:51:50,JPM,99.4,19,ASK
2018-12-17 09:51:52,JPM,99.36,17,BID
2018-12-17 09:51:52,JPM,99.37,4,ASK
2018-12-17 09:51:53,JPM,99.34,14,BID
2018-12-17 09:51:53,JPM,99.35,4,ASK
2018-12-17 09:51:53,JPM,99.34,15,BID
2018-12-17 09:51:55,JPM,99.35,1,ASK
2018-12-17 09:51:53,JPM,99.34,14,BID
2018-12-17 09:51:55,JPM,99.35,3,ASK
2018-12-17 09:51:56,JPM,99.35,17,BID
2018-12-17 09:51:56,JPM,99.37,14,ASK
2018-12-17 09:51:57,JPM,99.37,8,BID
2018-12-17 09:51:52,JPM,99.39,14,ASK
2018-12-17 09:51:58,JPM,99.37,10,BID
2018-12-17 09:51:58,JPM,99.38,5,ASK
2018-12-17 09:52:00,JPM,99.39,2,BID
2018-12-17 09:51:50,JPM,99.4,24,ASK
2018-12-17 09:52:00,JPM,99.38,1,BID
2018-12-17 09:52:00,JPM,99.39,16,ASK
2018-12-17 09:52:01,JPM,99.36,15,BID
2018-12-17 09:52:01,JPM,99.37,5,ASK
2018-12-17 09:52:01,JPM,99.36,12,BID
2018-12-17 09:52:01,JPM,99.37,5,ASK
2018-12-17 09:52:03,JPM,99.36,10,BID
2018-12-17 09:52:03,JPM,99.37,7,ASK
2018-12-17 09:52:03,JPM,99.36,16,BID
2018-12-17 09:52:03,JPM,99.38,17,ASK
2018-12-17 09:52:03,JPM,99.36,12,BID
2018-12-17 09:52:03,JPM,99.38,17,ASK
2018-12-17 09:52:03,JPM,99.36,15,BID
2018-12-17 09:52:06,JPM,99.37,4,ASK
2018-12-17 09:52:03,JPM,99.36,12,BID
2018-12-17 09:52:07,JPM,99.37,5,ASK
2018-12-17 09:51:53,JPM,99.34,14,BID
2018-12-17 09:52:09,JPM,99.35,1,ASK
2018-12-17 09:52:09,JPM,99.35,5,BID
2018-12-17 09:52:09,JPM,99.36,10,ASK
2018-12-17 09:51:41,JPM,99.33,8,BID
2018-12-17 09:52:10,JPM,99.34,22,ASK
2018-12-17 09:52:11,JPM,99.33,15,BID
2018-12-17 09:52:12,JPM,99.34,1,ASK
2018-12-17 09:52:12,JPM,99.33,18,BID
2018-12-17 09:52:12,JPM,99.35,8,ASK
2018-12-17 09:52:14,JPM,99.35,1,BID
2018-12-17 09:52:14,JPM,99.36,20,ASK
2018-12-17 09:52:14,JPM,99.34,7,BID
2018-12-17 09:52:14,JPM,99.36,17,ASK
2018-12-17 09:52:16,JPM,99.35,6,BID
2018-12-17 09:52:16,JPM,99.36,9,ASK
2018-12-17 09:52:16,JPM,99.35,12,BID
2018-12-17 09:52:15,JPM,99.37,19,ASK
2018-12-17 09:52:17,JPM,99.36,9,BID
2018-12-17 09:52:15,JPM,99.37,18,ASK
2018-12-17 09:52:18,JPM,99.34,18,BID
2018-12-17 09:52:18,JPM,99.35,9,ASK
2018-12-17 09:52:19,JPM,99.33,16,BID
2018-12-17 09:52:19,JPM,99.35,13,ASK
2018-12-17 09:52:20,JPM,99.32,1,BID
2018-12-17 09:52:20,JPM,99.33,9,ASK
2018-12-17 09:52:21,JPM,99.31,9,BID
2018-12-17 09:52:20,JPM,99.33,11,ASK
2018-12-17 09:52:22,JPM,99.31,7,BID
2018-12-17 09:52:22,JPM,99.32,5,ASK
2018-12-17 09:52:22,JPM,99.31,6,BID
2018-12-17 09:52:23,JPM,99.32,12,ASK
2018-12-17 09:52:25,JPM,99.3,15,BID
2018-12-17 09:52:25,JPM,99.31,3,ASK
2018-12-17 09:52:25,JPM,99.3,5,BID
2018-12-17 09:52:25,JPM,99.31,7,ASK
2018-12-17 09:52:26,JPM,99.31,15,BID
2018-12-17 09:52:20,JPM,99.33,11,ASK
2018-12-17 09:52:27,JPM,99.33,11,BID
2018-12-17 09:52:28,JPM,99.34,13,ASK
2018-12-17 09:52:28,JPM,99.33,1,BID
2018-12-17 09:52:28,JPM,99.34,4,ASK
2018-12-17 09:52:30,JPM,99.34,8,BID
2018-12-17 09:52:30,JPM,99.35,20,ASK
2018-12-17 09:52:31,JPM,99.34,9,BID
2018-12-17 09:52:30,JPM,99.35,16,ASK
2018-12-17 09:52:31,JPM,99.34,10,BID
2018-12-17 09:52:31,JPM,99.35,16,ASK
2018-12-17 09:52:33,JPM,99.35,23,BID
2018-12-17 09:52:33,JPM,99.37,17,ASK
2018-12-17 09:52:33,JPM,99.34,19,BID
2018-12-17 09:52:33,JPM,99.35,9,ASK
2018-12-17 09:52:33,JPM,99.34,18,BID
2018-12-17 09:52:35,JPM,99.35,8,ASK
2018-12-17 09:52:28,JPM,99.32,13,BID
2018-12-17 09:52:36,JPM,99.33,12,ASK
2018-12-17 09:52:28,JPM,99.32,11,BID
2018-12-17 09:52:36,JPM,99.33,12,ASK
2018-12-17 09:52:37,JPM,99.31,12,BID
2018-12-17 09:52:37,JPM,99.32,25,ASK
2018-12-17 09:52:39,JPM,99.32,5,BID
2018-12-17 09:52:39,JPM,99.33,20,ASK
2018-12-17 09:52:40,JPM,99.32,5,BID
2018-12-17 09:52:40,JPM,99.33,28,ASK
2018-12-17 09:52:40,JPM,99.31,7,BID
2018-12-17 09:52:40,JPM,99.32,2,ASK
2018-12-17 09:52:42,JPM,99.32,7,BID
2018-12-17 09:52:42,JPM,99.33,20,ASK
2018-12-17 09:52:42,JPM,99.34,4,BID
2018-12-17 09:52:42,JPM,99.35,20,ASK
2018-12-17 09:52:43,JPM,99.34,7,BID
2018-12-17 09:52:43,JPM,99.35,11,ASK
2018-12-17 09:52:44,JPM,99.34,11,BID
2018-12-17 09:52:45,JPM,99.36,13,ASK
2018-12-17 09:52:45,JPM,99.34,9,BID
2018-12-17 09:52:45,JPM,99.36,16,ASK
2018-12-17 09:52:47,JPM,99.35,2,BID
2018-12-17 09:52:46,JPM,99.36,13,ASK
2018-12-17 09:52:48,JPM,99.35,3,BID
2018-12-17 09:52:46,JPM,99.36,10,ASK
2018-12-17 09:52:48,JPM,99.35,6,BID
2018-12-17 09:52:46,JPM,99.36,10,ASK
2018-12-17 09:52:48,JPM,99.35,6,BID
2018-12-17 09:52:46,JPM,99.36,11,ASK
2018-12-17 09:52:50,JPM,99.37,3,BID
2018-12-17 09:52:51,JPM,99.38,15,ASK
2018-12-17 09:52:52,JPM,99.37,14,BID
2018-12-17 09:52:52,JPM,99.38,2,ASK
2018-12-17 09:52:52,JPM,99.37,8,BID
2018-12-17 09:52:52,JPM,99.38,11,ASK
2018-12-17 09:52:54,JPM,99.36,14,BID
2018-12-17 09:52:53,JPM,99.37,9,ASK
2018-12-17 09:52:55,JPM,99.36,9,BID
2018-12-17 09:52:53,JPM,99.37,9,ASK
2018-12-17 09:52:56,JPM,99.32,13,BID
2018-12-17 09:52:56,JPM,99.34,6,ASK
2018-12-17 09:52:56,JPM,99.33,1,BID
2018-12-17 09:52:56,JPM,99.34,6,ASK
2018-12-17 09:52:57,JPM,99.33,4,BID
2018-12-17 09:52:57,JPM,99.34,5,ASK
2018-12-17 09:52:59,JPM,99.33,6,BID
2018-12-17 09:52:59,JPM,99.34,5,ASK
2018-12-17 09:53:00,JPM,99.33,7,BID
2018-12-17 09:53:00,JPM,99.34,5,ASK
2018-12-17 09:53:00,JPM,99.33,15,BID
2018-12-17 09:53:00,JPM,99.34,1,ASK
2018-12-17 09:53:02,JPM,99.33,4,BID
2018-12-17 09:53:02,JPM,99.34,13,ASK
2018-12-17 09:53:03,JPM,99.34,1,BID
2018-12-17 09:53:03,JPM,99.35,15,ASK
2018-12-17 09:53:04,JPM,99.34,1,BID
2018-12-17 09:53:04,JPM,99.35,15,ASK
2018-12-17 09:53:04,JPM,99.35,4,BID
2018-12-17 09:53:05,JPM,99.36,11,ASK
2018-12-17 09:53:06,JPM,99.35,3,BID
2018-12-17 09:53:05,JPM,99.36,15,ASK
2018-12-17 09:53:06,JPM,99.35,3,BID
2018-12-17 09:53:05,JPM,99.36,12,ASK
2018-12-17 09:53:08,JPM,99.3,4,BID
2018-12-17 09:53:08,JPM,99.31,28,ASK
2018-12-17 09:53:08,JPM,99.27,16,BID
2018-12-17 09:53:09,JPM,99.29,13,ASK
2018-12-17 09:53:10,JPM,99.28,4,BID
2018-12-17 09:53:10,JPM,99.29,10,ASK
2018-12-17 09:53:11,JPM,99.29,7,BID
2018-12-17 09:53:11,JPM,99.3,20,ASK
2018-12-17 09:53:12,JPM,99.29,3,BID
2018-12-17 09:53:12,JPM,99.3,9,ASK
2018-12-17 09:53:13,JPM,99.29,10,BID
2018-12-17 09:53:13,JPM,99.3,7,ASK
2018-12-17 09:53:13,JPM,99.29,16,BID
2018-12-17 09:53:14,JPM,99.31,16,ASK
2018-12-17 09:53:14,JPM,99.27,12,BID
2018-12-17 09:53:15,JPM,99.29,10,ASK
2018-12-17 09:53:16,JPM,99.27,14,BID
2018-12-17 09:53:15,JPM,99.29,11,ASK
2018-12-17 09:53:17,JPM,99.28,3,BID
2018-12-17 09:53:15,JPM,99.29,11,ASK
2018-12-17 09:53:17,JPM,99.31,1,BID
2018-12-17 09:53:17,JPM,99.33,17,ASK
2018-12-17 09:53:18,JPM,99.33,3,BID
2018-12-17 09:53:17,JPM,99.34,9,ASK
2018-12-17 09:53:18,JPM,99.36,3,BID
2018-12-17 09:53:18,JPM,99.37,15,ASK
2018-12-17 09:53:18,JPM,99.36,2,BID
2018-12-17 09:53:18,JPM,99.37,10,ASK
2018-12-17 09:53:19,JPM,99.36,1,BID
2018-12-17 09:53:19,JPM,99.37,11,ASK
2018-12-17 09:53:21,JPM,99.35,8,BID
2018-12-17 09:53:21,JPM,99.37,15,ASK
2018-12-17 09:53:23,JPM,99.36,5,BID
2018-12-17 09:53:23,JPM,99.37,16,ASK
2018-12-17 09:53:24,JPM,99.36,4,BID
2018-12-17 09:53:24,JPM,99.37,13,ASK
2018-12-17 09:53:26,JPM,99.37,4,BID
2018-12-17 09:53:26,JPM,99.39,18,ASK
2018-12-17 09:53:27,JPM,99.37,11,BID
2018-12-17 09:53:26,JPM,99.38,12,ASK
2018-12-17 09:53:28,JPM,99.36,10,BID
2018-12-17 09:53:28,JPM,99.37,3,ASK
2018-12-17 09:53:29,JPM,99.33,11,BID
2018-12-17 09:53:29,JPM,99.34,4,ASK
2018-12-17 09:53:29,JPM,99.31,12,BID
2018-12-17 09:53:29,JPM,99.32,2,ASK
2018-12-17 09:53:29,JPM,99.31,11,BID
2018-12-17 09:53:30,JPM,99.33,16,ASK
2018-12-17 09:53:31,JPM,99.28,6,BID
2018-12-17 09:53:31,JPM,99.3,4,ASK
2018-12-17 09:53:32,JPM,99.28,6,BID
2018-12-17 09:53:32,JPM,99.3,8,ASK
2018-12-17 09:53:32,JPM,99.28,7,BID
2018-12-17 09:53:32,JPM,99.3,6,ASK
2018-12-17 09:53:32,JPM,99.28,9,BID
2018-12-17 09:53:34,JPM,99.29,3,ASK
2018-12-17 09:53:35,JPM,99.26,1,BID
2018-12-17 09:53:35,JPM,99.27,8,ASK
2018-12-17 09:53:35,JPM,99.25,28,BID
2018-12-17 09:53:35,JPM,99.27,13,ASK
2018-12-17 09:53:36,JPM,99.25,29,BID
2018-12-17 09:53:36,JPM,99.26,3,ASK
2018-12-17 09:53:38,JPM,99.25,29,BID
2018-12-17 09:53:38,JPM,99.26,11,ASK
2018-12-17 09:53:39,JPM,99.24,5,BID
2018-12-17 09:53:39,JPM,99.25,10,ASK
2018-12-17 09:53:39,JPM,99.24,8,BID
2018-12-17 09:53:40,JPM,99.25,3,ASK
2018-12-17 09:53:42,JPM,99.23,2,BID
2018-12-17 09:53:42,JPM,99.25,7,ASK
2018-12-17 09:53:42,JPM,99.23,2,BID
2018-12-17 09:53:43,JPM,99.25,3,ASK
2018-12-17 09:53:44,JPM,99.23,2,BID
2018-12-17 09:53:44,JPM,99.24,3,ASK
2018-12-17 09:53:45,JPM,99.23,5,BID
2018-12-17 09:53:45,JPM,99.24,3,ASK
2018-12-17 09:53:46,JPM,99.24,2,BID
2018-12-17 09:53:46,JPM,99.25,12,ASK
2018-12-17 09:53:47,JPM,99.24,3,BID
2018-12-17 09:53:46,JPM,99.25,11,ASK
2018-12-17 09:53:48,JPM,99.24,9,BID
2018-12-17 09:53:47,JPM,99.25,10,ASK
2018-12-17 09:53:48,JPM,99.24,9,BID
2018-12-17 09:53:47,JPM,99.25,9,ASK
2018-12-17 09:53:50,JPM,99.25,7,BID
2018-12-17 09:53:40,JPM,99.26,7,ASK
2018-12-17 09:53:51,JPM,99.26,5,BID
2018-12-17 09:53:51,JPM,99.27,1,ASK
2018-12-17 09:53:52,JPM,99.29,1,BID
2018-12-17 09:53:34,JPM,99.3,8,ASK
2018-12-17 09:53:52,JPM,99.3,12,BID
2018-12-17 09:53:52,JPM,99.31,2,ASK
2018-12-17 09:53:53,JPM,99.3,5,BID
2018-12-17 09:53:53,JPM,99.31,8,ASK
2018-12-17 09:53:54,JPM,99.31,6,BID
2018-12-17 09:53:54,JPM,99.32,5,ASK
2018-12-17 09:53:55,JPM,99.32,3,BID
2018-12-17 09:53:55,JPM,99.33,10,ASK
2018-12-17 09:53:56,JPM,99.33,21,BID
2018-12-17 09:53:57,JPM,99.34,2,ASK
2018-12-17 09:53:57,JPM,99.33,13,BID
2018-12-17 09:53:58,JPM,99.35,14,ASK
2018-12-17 09:53:58,JPM,99.34,6,BID
2018-12-17 09:53:58,JPM,99.35,13,ASK
2018-12-17 09:53:58,JPM,99.34,6,BID
2018-12-17 09:54:00,JPM,99.35,13,ASK
2018-12-17 09:54:01,JPM,99.33,8,BID
2018-12-17 09:54:00,JPM,99.35,8,ASK
2018-12-17 09:54:01,JPM,99.33,10,BID
2018-12-17 09:54:02,JPM,99.35,12,ASK
2018-12-17 09:54:03,JPM,99.34,2,BID
2018-12-17 09:54:03,JPM,99.35,11,ASK
2018-12-17 09:54:04,JPM,99.35,32,BID
2018-12-17 09:54:04,JPM,99.36,3,ASK
2018-12-17 09:54:05,JPM,99.34,10,BID
2018-12-17 09:54:05,JPM,99.36,12,ASK
2018-12-17 09:54:06,JPM,99.35,1,BID
2018-12-17 09:54:05,JPM,99.36,13,ASK
2018-12-17 09:54:06,JPM,99.35,11,BID
2018-12-17 09:54:06,JPM,99.36,1,ASK
2018-12-17 09:54:05,JPM,99.34,13,BID
2018-12-17 09:54:07,JPM,99.35,7,ASK
2018-12-17 09:54:08,JPM,99.32,12,BID
2018-12-17 09:54:08,JPM,99.33,3,ASK
2018-12-17 09:54:09,JPM,99.32,8,BID
2018-12-17 09:54:09,JPM,99.33,3,ASK
2018-12-17 09:54:09,JPM,99.32,9,BID
2018-12-17 09:54:09,JPM,99.33,3,ASK
2018-12-17 09:54:10,JPM,99.33,8,BID
2018-12-17 09:54:10,JPM,99.34,23,ASK
2018-12-17 09:54:10,JPM,99.32,7,BID
2018-12-17 09:54:10,JPM,99.34,22,ASK
2018-12-17 09:54:13,JPM,99.33,9,BID
2018-12-17 09:54:13,JPM,99.34,2,ASK
2018-12-17 09:54:14,JPM,99.33,9,BID
2018-12-17 09:54:14,JPM,99.34,18,ASK
2018-12-17 09:54:15,JPM,99.32,10,BID
2018-12-17 09:54:15,JPM,99.33,13,ASK
2018-12-17 09:54:16,JPM,99.33,2,BID
2018-12-17 09:54:16,JPM,99.34,12,ASK
2018-12-17 09:54:17,JPM,99.34,13,BID
2018-12-17 09:54:17,JPM,99.35,8,ASK
2018-12-17 09:54:18,JPM,99.37,17,BID
2018-12-17 09:54:18,JPM,99.39,17,ASK
2018-12-17 09:54:18,JPM,99.35,18,BID
2018-12-17 09:54:19,JPM,99.37,5,ASK
2018-12-17 09:54:21,JPM,99.38,11,BID
2018-12-17 09:54:21,JPM,99.39,9,ASK
2018-12-17 09:54:22,JPM,99.37,2,BID
2018-12-17 09:54:21,JPM,99.38,20,ASK
2018-12-17 09:54:23,JPM,99.37,10,BID
2018-12-17 09:54:23,JPM,99.38,2,ASK
2018-12-17 09:54:24,JPM,99.37,8,BID
2018-12-17 09:54:24,JPM,99.38,3,ASK
2018-12-17 09:54:25,JPM,99.38,10,BID
2018-12-17 09:54:25,JPM,99.39,8,ASK
2018-12-17 09:54:26,JPM,99.37,11,BID
2018-12-17 09:54:26,JPM,99.38,4,ASK
2018-12-17 09:54:27,JPM,99.37,2,BID
2018-12-17 09:54:27,JPM,99.38,15,ASK
2018-12-17 09:54:18,JPM,99.35,14,BID
2018-12-17 09:54:28,JPM,99.36,1,ASK
2018-12-17 09:54:29,JPM,99.37,5,BID
2018-12-17 09:54:29,JPM,99.38,14,ASK
2018-12-17 09:54:30,JPM,99.38,2,BID
2018-12-17 09:54:28,JPM,99.39,16,ASK
2018-12-17 09:54:31,JPM,99.38,3,BID
2018-12-17 09:54:28,JPM,99.39,16,ASK
2018-12-17 09:54:32,JPM,99.38,5,BID
2018-12-17 09:54:28,JPM,99.39,16,ASK
2018-12-17 09:54:33,JPM,99.38,5,BID
2018-12-17 09:54:28,JPM,99.39,14,ASK
2018-12-17 09:54:33,JPM,99.38,4,BID
2018-12-17 09:54:28,JPM,99.39,13,ASK
2018-12-17 09:54:35,JPM,99.38,7,BID
2018-12-17 09:54:35,JPM,99.39,11,ASK
2018-12-17 09:54:36,JPM,99.39,8,BID
2018-12-17 09:54:36,JPM,99.4,17,ASK
2018-12-17 09:54:37,JPM,99.4,5,BID
2018-12-17 09:54:37,JPM,99.41,11,ASK
2018-12-17 09:54:38,JPM,99.4,6,BID
2018-12-17 09:54:37,JPM,99.41,11,ASK
2018-12-17 09:54:39,JPM,99.33,7,BID
2018-12-17 09:54:39,JPM,99.34,6,ASK
2018-12-17 09:54:40,JPM,99.33,4,BID
2018-12-17 09:54:40,JPM,99.34,12,ASK
2018-12-17 09:54:41,JPM,99.33,4,BID
2018-12-17 09:54:41,JPM,99.34,10,ASK
2018-12-17 09:54:41,JPM,99.33,9,BID
2018-12-17 09:54:42,JPM,99.34,22,ASK
2018-12-17 09:54:43,JPM,99.33,17,BID
2018-12-17 09:54:43,JPM,99.35,11,ASK
2018-12-17 09:54:44,JPM,99.34,4,BID
2018-12-17 09:54:44,JPM,99.35,10,ASK
2018-12-17 09:54:45,JPM,99.34,5,BID
2018-12-17 09:54:44,JPM,99.35,7,ASK
2018-12-17 09:54:43,JPM,99.33,22,BID
2018-12-17 09:54:46,JPM,99.35,11,ASK
2018-12-17 09:54:43,JPM,99.33,20,BID
2018-12-17 09:54:47,JPM,99.35,14,ASK
2018-12-17 09:54:48,JPM,99.34,5,BID
2018-12-17 09:54:48,JPM,99.35,14,ASK
2018-12-17 09:54:43,JPM,99.33,18,BID
2018-12-17 09:54:49,JPM,99.34,15,ASK
2018-12-17 09:54:50,JPM,99.34,11,BID
2018-12-17 09:54:50,JPM,99.35,15,ASK
2018-12-17 09:54:51,JPM,99.34,6,BID
2018-12-17 09:54:51,JPM,99.35,17,ASK
2018-12-17 09:54:51,JPM,99.34,6,BID
2018-12-17 09:54:51,JPM,99.35,17,ASK
2018-12-17 09:54:53,JPM,99.34,8,BID
2018-12-17 09:54:53,JPM,99.35,17,ASK
2018-12-17 09:54:53,JPM,99.35,12,BID
2018-12-17 09:54:54,JPM,99.36,11,ASK
2018-12-17 09:54:55,JPM,99.34,12,BID
2018-12-17 09:54:55,JPM,99.35,5,ASK
2018-12-17 09:54:56,JPM,99.33,14,BID
2018-12-17 09:54:56,JPM,99.35,6,ASK
2018-12-17 09:54:57,JPM,99.34,2,BID
2018-12-17 09:54:56,JPM,99.35,6,ASK
2018-12-17 09:54:58,JPM,99.29,11,BID
2018-12-17 09:54:58,JPM,99.31,3,ASK
2018-12-17 09:54:59,JPM,99.26,6,BID
2018-12-17 09:54:59,JPM,99.27,4,ASK
2018-12-17 09:55:00,JPM,99.27,3,BID
2018-12-17 09:55:00,JPM,99.28,8,ASK
2018-12-17 09:55:01,JPM,99.29,25,BID
2018-12-17 09:55:01,JPM,99.31,12,ASK
2018-12-17 09:55:01,JPM,99.28,16,BID
2018-12-17 09:55:01,JPM,99.3,5,ASK
2018-12-17 09:55:01,JPM,99.28,14,BID
2018-12-17 09:55:01,JPM,99.3,5,ASK
2018-12-17 09:55:02,JPM,99.3,9,BID
2018-12-17 09:55:02,JPM,99.31,17,ASK
2018-12-17 09:55:03,JPM,99.3,6,BID
2018-12-17 09:55:02,JPM,99.31,15,ASK
2018-12-17 09:55:04,JPM,99.34,1,BID
2018-12-17 09:54:57,JPM,99.35,11,ASK
2018-12-17 09:55:04,JPM,99.34,5,BID
2018-12-17 09:55:04,JPM,99.35,7,ASK
2018-12-17 09:55:04,JPM,99.35,3,BID
2018-12-17 09:55:04,JPM,99.36,13,ASK
2018-12-17 09:55:04,JPM,99.34,7,BID
2018-12-17 09:55:05,JPM,99.36,14,ASK
2018-12-17 09:55:07,JPM,99.35,4,BID
2018-12-17 09:55:06,JPM,99.36,13,ASK
2018-12-17 09:55:09,JPM,99.38,4,BID
2018-12-17 09:55:09,JPM,99.39,8,ASK
2018-12-17 09:55:10,JPM,99.38,9,BID
2018-12-17 09:55:10,JPM,99.39,6,ASK
2018-12-17 09:55:10,JPM,99.38,10,BID
2018-12-17 09:55:12,JPM,99.39,5,ASK
2018-12-17 09:55:14,JPM,99.38,12,BID
2018-12-17 09:55:14,JPM,99.39,1,ASK
2018-12-17 09:55:15,JPM,99.42,13,BID
2018-12-17 09:55:15,JPM,99.44,9,ASK
2018-12-17 09:55:16,JPM,99.43,2,BID
2018-12-17 09:55:16,JPM,99.44,8,ASK
2018-12-17 09:55:17,JPM,99.43,8,BID
2018-12-17 09:55:17,JPM,99.44,19,ASK
2018-12-17 09:55:18,JPM,99.41,25,BID
2018-12-17 09:55:18,JPM,99.43,16,ASK
2018-12-17 09:55:19,JPM,99.41,19,BID
2018-12-17 09:55:19,JPM,99.43,18,ASK
2018-12-17 09:55:20,JPM,99.42,2,BID
2018-12-17 09:55:17,JPM,99.44,18,ASK
2018-12-17 09:55:21,JPM,99.42,6,BID
2018-12-17 09:55:17,JPM,99.44,16,ASK
2018-12-17 09:55:21,JPM,99.42,13,BID
2018-12-17 09:55:22,JPM,99.43,4,ASK
2018-12-17 09:55:23,JPM,99.42,15,BID
2018-12-17 09:55:22,JPM,99.44,19,ASK
2018-12-17 09:55:23,JPM,99.42,15,BID
2018-12-17 09:55:22,JPM,99.44,19,ASK
2018-12-17 09:55:23,JPM,99.42,14,BID
2018-12-17 09:55:25,JPM,99.43,17,ASK
2018-12-17 09:55:23,JPM,99.42,13,BID
2018-12-17 09:55:22,JPM,99.44,22,ASK
2018-12-17 09:55:23,JPM,99.42,13,BID
2018-12-17 09:55:28,JPM,99.43,1,ASK
2018-12-17 09:55:23,JPM,99.42,17,BID
2018-12-17 09:55:28,JPM,99.43,4,ASK
2018-12-17 09:55:23,JPM,99.42,18,BID
2018-12-17 09:55:30,JPM,99.43,4,ASK
2018-12-17 09:55:23,JPM,99.42,19,BID
2018-12-17 09:55:30,JPM,99.43,4,ASK
2018-12-17 09:55:23,JPM,99.42,19,BID
2018-12-17 09:55:31,JPM,99.43,2,ASK
2018-12-17 09:55:23,JPM,99.42,16,BID
2018-12-17 09:55:32,JPM,99.43,3,ASK
2018-12-17 09:55:23,JPM,99.42,17,BID
2018-12-17 09:55:33,JPM,99.43,3,ASK
2018-12-17 09:55:34,JPM,99.4,7,BID
2018-12-17 09:55:34,JPM,99.41,8,ASK
2018-12-17 09:55:35,JPM,99.39,5,BID
2018-12-17 09:55:35,JPM,99.4,8,ASK
2018-12-17 09:55:14,JPM,99.38,10,BID
2018-12-17 09:55:36,JPM,99.39,7,ASK
2018-12-17 09:55:14,JPM,99.38,11,BID
2018-12-17 09:55:38,JPM,99.39,7,ASK
2018-12-17 09:55:14,JPM,99.38,10,BID
2018-12-17 09:55:38,JPM,99.39,7,ASK
2018-12-17 09:55:39,JPM,99.38,16,BID
2018-12-17 09:55:39,JPM,99.39,6,ASK
2018-12-17 09:55:40,JPM,99.38,8,BID
2018-12-17 09:55:40,JPM,99.39,6,ASK
2018-12-17 09:55:40,JPM,99.38,9,BID
2018-12-17 09:55:41,JPM,99.39,7,ASK
2018-12-17 09:55:42,JPM,99.38,12,BID
2018-12-17 09:55:42,JPM,99.39,9,ASK
2018-12-17 09:55:43,JPM,99.37,15,BID
2018-12-17 09:55:42,JPM,99.39,17,ASK
2018-12-17 09:55:44,JPM,99.39,5,BID
2018-12-17 09:55:44,JPM,99.4,14,ASK
2018-12-17 09:55:45,JPM,99.4,12,BID
2018-12-17 09:55:45,JPM,99.41,6,ASK
2018-12-17 09:55:46,JPM,99.4,14,BID
2018-12-17 09:55:46,JPM,99.41,9,ASK
2018-12-17 09:55:48,JPM,99.41,6,BID
2018-12-17 09:55:48,JPM,99.42,17,ASK
2018-12-17 09:55:48,JPM,99.41,10,BID
2018-12-17 09:55:48,JPM,99.42,12,ASK
2018-12-17 09:55:50,JPM,99.43,8,BID
2018-12-17 09:55:50,JPM,99.44,4,ASK
2018-12-17 09:55:50,JPM,99.44,2,BID
2018-12-17 09:55:50,JPM,99.45,15,ASK
2018-12-17 09:55:51,JPM,99.43,11,BID
2018-12-17 09:55:51,JPM,99.44,6,ASK
2018-12-17 09:55:51,JPM,99.42,13,BID
2018-12-17 09:55:52,JPM,99.44,16,ASK
2018-12-17 09:55:53,JPM,99.42,19,BID
2018-12-17 09:55:53,JPM,99.44,16,ASK
2018-12-17 09:55:53,JPM,99.42,19,BID
2018-12-17 09:55:54,JPM,99.45,14,ASK
2018-12-17 09:55:55,JPM,99.42,11,BID
2018-12-17 09:55:55,JPM,99.44,8,ASK
2018-12-17 09:55:48,JPM,99.41,13,BID
2018-12-17 09:55:57,JPM,99.42,12,ASK
2018-12-17 09:55:48,JPM,99.41,11,BID
2018-12-17 09:55:58,JPM,99.43,11,ASK
2018-12-17 09:55:59,JPM,99.42,5,BID
2018-12-17 09:55:59,JPM,99.43,16,ASK
2018-12-17 09:55:59,JPM,99.42,5,BID
2018-12-17 09:55:59,JPM,99.43,9,ASK
2018-12-17 09:55:59,JPM,99.42,7,BID
2018-12-17 09:56:00,JPM,99.43,7,ASK
2018-12-17 09:56:02,JPM,99.4,11,BID
2018-12-17 09:56:01,JPM,99.41,20,ASK
2018-12-17 09:56:03,JPM,99.41,1,BID
2018-12-17 09:56:03,JPM,99.42,14,ASK
2018-12-17 09:56:03,JPM,99.41,9,BID
2018-12-17 09:56:03,JPM,99.42,9,ASK
2018-12-17 09:56:05,JPM,99.41,16,BID
2018-12-17 09:56:05,JPM,99.42,3,ASK
2018-12-17 09:56:05,JPM,99.41,16,BID
2018-12-17 09:56:05,JPM,99.42,3,ASK
2018-12-17 09:56:07,JPM,99.41,17,BID
2018-12-17 09:56:07,JPM,99.42,3,ASK
2018-12-17 09:56:07,JPM,99.43,7,BID
2018-12-17 09:56:07,JPM,99.44,14,ASK
2018-12-17 09:56:08,JPM,99.43,17,BID
2018-12-17 09:55:55,JPM,99.45,23,ASK
2018-12-17 09:56:09,JPM,99.44,14,BID
2018-12-17 09:56:09,JPM,99.45,1,ASK
2018-12-17 09:56:11,JPM,99.45,7,BID
2018-12-17 09:56:11,JPM,99.47,14,ASK
2018-12-17 09:56:11,JPM,99.47,16,BID
2018-12-17 09:56:12,JPM,99.48,7,ASK
2018-12-17 09:56:11,JPM,99.47,13,BID
2018-12-17 09:56:12,JPM,99.48,7,ASK
2018-12-17 09:56:11,JPM,99.47,15,BID
2018-12-17 09:56:14,JPM,99.48,5,ASK
2018-12-17 09:56:14,JPM,99.48,10,BID
2018-12-17 09:56:14,JPM,99.49,10,ASK
2018-12-17 09:56:16,JPM,99.5,9,BID
2018-12-17 09:56:15,JPM,99.51,20,ASK
2018-12-17 09:56:17,JPM,99.53,4,BID
2018-12-17 09:56:17,JPM,99.54,3,ASK
2018-12-17 09:56:17,JPM,99.54,7,BID
2018-12-17 09:56:17,JPM,99.56,9,ASK
2018-12-17 09:56:18,JPM,99.55,14,BID
2018-12-17 09:56:18,JPM,99.57,20,ASK
2018-12-17 09:56:19,JPM,99.55,8,BID
2018-12-17 09:56:19,JPM,99.57,18,ASK
2018-12-17 09:56:21,JPM,99.56,1,BID
2018-12-17 09:56:21,JPM,99.57,17,ASK
2018-12-17 09:56:22,JPM,99.57,7,BID
2018-12-17 09:56:22,JPM,99.59,18,ASK
2018-12-17 09:56:23,JPM,99.58,2,BID
2018-12-17 09:56:23,JPM,99.6,10,ASK
2018-12-17 09:56:24,JPM,99.59,5,BID
2018-12-17 09:56:24,JPM,99.61,10,ASK
2018-12-17 09:56:24,JPM,99.59,6,BID
2018-12-17 09:56:25,JPM,99.6,6,ASK
2018-12-17 09:56:26,JPM,99.58,7,BID
2018-12-17 09:56:26,JPM,99.6,11,ASK
2018-12-17 09:56:26,JPM,99.58,7,BID
2018-12-17 09:56:26,JPM,99.6,11,ASK
2018-12-17 09:56:27,JPM,99.59,2,BID
2018-12-17 09:56:26,JPM,99.6,13,ASK
2018-12-17 09:56:28,JPM,99.59,6,BID
2018-12-17 09:56:26,JPM,99.6,12,ASK
2018-12-17 09:56:29,JPM,99.57,9,BID
2018-12-17 09:56:29,JPM,99.58,3,ASK
2018-12-17 09:56:30,JPM,99.58,5,BID
2018-12-17 09:56:30,JPM,99.59,6,ASK
2018-12-17 09:56:31,JPM,99.57,14,BID
2018-12-17 09:56:32,JPM,99.58,4,ASK
2018-12-17 09:56:31,JPM,99.57,13,BID
2018-12-17 09:56:32,JPM,99.59,17,ASK
2018-12-17 09:56:31,JPM,99.57,13,BID
2018-12-17 09:56:32,JPM,99.59,17,ASK
2018-12-17 09:56:31,JPM,99.57,15,BID
2018-12-17 09:56:35,JPM,99.58,3,ASK
2018-12-17 09:56:17,JPM,99.54,17,BID
2018-12-17 09:56:36,JPM,99.56,15,ASK
2018-12-17 09:56:17,JPM,99.54,17,BID
2018-12-17 09:56:36,JPM,99.56,14,ASK
2018-12-17 09:56:17,JPM,99.54,17,BID
2018-12-17 09:56:37,JPM,99.55,2,ASK
2018-12-17 09:56:17,JPM,99.54,14,BID
2018-12-17 09:56:39,JPM,99.55,2,ASK
2018-12-17 09:56:40,JPM,99.55,6,BID
2018-12-17 09:56:40,JPM,99.56,15,ASK
2018-12-17 09:56:41,JPM,99.52,5,BID
2018-12-17 09:56:41,JPM,99.53,1,ASK
2018-12-17 09:56:42,JPM,99.52,11,BID
2018-12-17 09:56:42,JPM,99.53,2,ASK
2018-12-17 09:56:43,JPM,99.5,10,BID
2018-12-17 09:56:43,JPM,99.51,5,ASK
2018-12-17 09:56:44,JPM,99.5,12,BID
2018-12-17 09:56:44,JPM,99.51,3,ASK
2018-12-17 09:56:44,JPM,99.5,11,BID
2018-12-17 09:56:45,JPM,99.51,8,ASK
2018-12-17 09:56:46,JPM,99.53,7,BID
2018-12-17 09:56:45,JPM,99.55,15,ASK
2018-12-17 09:56:47,JPM,99.53,8,BID
2018-12-17 09:56:45,JPM,99.55,15,ASK
2018-12-17 09:56:48,JPM,99.54,7,BID
2018-12-17 09:56:45,JPM,99.55,15,ASK
2018-12-17 09:56:49,JPM,99.52,10,BID
2018-12-17 09:56:49,JPM,99.53,12,ASK
2018-12-17 09:56:50,JPM,99.54,1,BID
2018-12-17 09:56:49,JPM,99.55,22,ASK
2018-12-17 09:56:51,JPM,99.54,5,BID
2018-12-17 09:56:51,JPM,99.55,11,ASK
2018-12-17 09:56:51,JPM,99.54,6,BID
2018-12-17 09:56:52,JPM,99.56,18,ASK
2018-12-17 09:56:52,JPM,99.54,10,BID
2018-12-17 09:56:52,JPM,99.56,17,ASK
2018-12-17 09:56:52,JPM,99.54,10,BID
2018-12-17 09:56:52,JPM,99.56,17,ASK
2018-12-17 09:56:55,JPM,99.6,5,BID
2018-12-17 09:56:55,JPM,99.61,8,ASK
2018-12-17 09:56:54,JPM,99.59,6,BID
2018-12-17 09:56:56,JPM,99.61,11,ASK
2018-12-17 09:56:54,JPM,99.58,10,BID
2018-12-17 09:56:57,JPM,99.61,11,ASK
2018-12-17 09:56:58,JPM,99.59,4,BID
2018-12-17 09:56:58,JPM,99.61,6,ASK
2018-12-17 09:56:58,JPM,99.59,4,BID
2018-12-17 09:56:58,JPM,99.61,6,ASK
2018-12-17 09:56:59,JPM,99.59,4,BID
2018-12-17 09:56:59,JPM,99.61,10,ASK
2018-12-17 09:57:01,JPM,99.6,1,BID
2018-12-17 09:56:59,JPM,99.61,10,ASK
2018-12-17 09:57:02,JPM,99.6,1,BID
2018-12-17 09:57:02,JPM,99.61,3,ASK
2018-12-17 09:57:02,JPM,99.56,8,BID
2018-12-17 09:57:03,JPM,99.58,3,ASK
2018-12-17 09:57:04,JPM,99.56,8,BID
2018-12-17 09:57:04,JPM,99.57,1,ASK
2018-12-17 09:57:04,JPM,99.55,3,BID
2018-12-17 09:57:04,JPM,99.56,26,ASK
2018-12-17 09:57:04,JPM,99.54,13,BID
2018-12-17 09:57:05,JPM,99.55,11,ASK
2018-12-17 09:57:04,JPM,99.54,13,BID
2018-12-17 09:57:07,JPM,99.55,10,ASK
2018-12-17 09:57:08,JPM,99.55,7,BID
2018-12-17 09:57:08,JPM,99.56,28,ASK
2018-12-17 09:57:04,JPM,99.54,9,BID
2018-12-17 09:57:09,JPM,99.55,3,ASK
2018-12-17 09:57:09,JPM,99.53,14,BID
2018-12-17 09:57:09,JPM,99.54,10,ASK
2018-12-17 09:56:49,JPM,99.52,9,BID
2018-12-17 09:57:11,JPM,99.53,3,ASK
2018-12-17 09:56:45,JPM,99.5,18,BID
2018-12-17 09:57:11,JPM,99.52,5,ASK
2018-12-17 09:57:13,JPM,99.5,3,BID
2018-12-17 09:57:13,JPM,99.51,9,ASK
2018-12-17 09:57:13,JPM,99.5,3,BID
2018-12-17 09:57:13,JPM,99.51,9,ASK
2018-12-17 09:57:15,JPM,99.51,12,BID
2018-12-17 09:57:15,JPM,99.52,7,ASK
2018-12-17 09:57:15,JPM,99.51,10,BID
2018-12-17 09:57:16,JPM,99.52,1,ASK
2018-12-17 09:57:15,JPM,99.51,11,BID
2018-12-17 09:57:17,JPM,99.52,3,ASK
2018-12-17 09:57:18,JPM,99.51,10,BID
2018-12-17 09:57:18,JPM,99.52,4,ASK
2018-12-17 09:57:19,JPM,99.53,14,BID
2018-12-17 09:57:19,JPM,99.54,13,ASK
2018-12-17 09:57:20,JPM,99.55,8,BID
2018-12-17 09:57:20,JPM,99.56,1,ASK
2018-12-17 09:57:20,JPM,99.55,8,BID
2018-12-17 09:57:21,JPM,99.56,2,ASK
2018-12-17 09:57:20,JPM,99.55,8,BID
2018-12-17 09:57:22,JPM,99.56,4,ASK
2018-12-17 09:57:20,JPM,99.55,8,BID
2018-12-17 09:57:22,JPM,99.56,4,ASK
2018-12-17 09:57:24,JPM,99.58,1,BID
2018-12-17 09:57:24,JPM,99.6,12,ASK
2018-12-17 09:57:24,JPM,99.57,5,BID
2018-12-17 09:57:24,JPM,99.58,6,ASK
2018-12-17 09:57:24,JPM,99.57,5,BID
2018-12-17 09:57:24,JPM,99.58,4,ASK
2018-12-17 09:57:27,JPM,99.59,4,BID
2018-12-17 09:57:27,JPM,99.6,9,ASK
2018-12-17 09:57:27,JPM,99.58,13,BID
2018-12-17 09:57:27,JPM,99.6,17,ASK
2018-12-17 09:57:28,JPM,99.58,9,BID
2018-12-17 09:57:27,JPM,99.6,18,ASK
2018-12-17 09:57:30,JPM,99.58,7,BID
2018-12-17 09:57:30,JPM,99.59,24,ASK
2018-12-17 09:57:31,JPM,99.59,5,BID
2018-12-17 09:57:31,JPM,99.6,14,ASK
2018-12-17 09:57:32,JPM,99.61,6,BID
2018-12-17 09:57:32,JPM,99.62,22,ASK
2018-12-17 09:57:33,JPM,99.66,1,BID
2018-12-17 09:41:05,JPM,99.67,12,ASK
2018-12-17 09:57:34,JPM,99.66,4,BID
2018-12-17 09:57:34,JPM,99.67,9,ASK
2018-12-17 09:57:35,JPM,99.65,11,BID
2018-12-17 09:57:35,JPM,99.66,9,ASK
2018-12-17 09:57:35,JPM,99.65,12,BID
2018-12-17 09:57:36,JPM,99.66,8,ASK
2018-12-17 09:57:37,JPM,99.64,8,BID
2018-12-17 09:57:37,JPM,99.65,21,ASK
2018-12-17 09:57:38,JPM,99.64,7,BID
2018-12-17 09:57:38,JPM,99.65,3,ASK
2018-12-17 09:57:39,JPM,99.64,12,BID
2018-12-17 09:57:39,JPM,99.65,2,ASK
2018-12-17 09:57:40,JPM,99.64,12,BID
2018-12-17 09:57:40,JPM,99.65,6,ASK
2018-12-17 09:57:40,JPM,99.64,10,BID
2018-12-17 09:57:41,JPM,99.65,6,ASK
2018-12-17 09:57:42,JPM,99.63,1,BID
2018-12-17 09:57:42,JPM,99.64,4,ASK
2018-12-17 09:57:43,JPM,99.64,3,BID
2018-12-17 09:57:42,JPM,99.65,8,ASK
2018-12-17 09:57:44,JPM,99.63,1,BID
2018-12-17 09:57:44,JPM,99.64,10,ASK
2018-12-17 09:57:44,JPM,99.61,13,BID
2018-12-17 09:57:44,JPM,99.63,19,ASK
2018-12-17 09:57:46,JPM,99.61,19,BID
2018-12-17 09:57:44,JPM,99.63,23,ASK
2018-12-17 09:57:46,JPM,99.61,9,BID
2018-12-17 09:57:47,JPM,99.62,5,ASK
2018-12-17 09:57:32,JPM,99.59,10,BID
2018-12-17 09:57:48,JPM,99.61,8,ASK
2018-12-17 09:57:30,JPM,99.58,8,BID
2018-12-17 09:57:48,JPM,99.6,13,ASK
2018-12-17 09:57:50,JPM,99.59,1,BID
2018-12-17 09:57:48,JPM,99.6,12,ASK
2018-12-17 09:57:51,JPM,99.62,2,BID
2018-12-17 09:57:44,JPM,99.63,36,ASK
2018-12-17 09:57:52,JPM,99.6,15,BID
2018-12-17 09:57:52,JPM,99.62,12,ASK
2018-12-17 09:57:53,JPM,99.6,11,BID
2018-12-17 09:57:53,JPM,99.62,12,ASK
2018-12-17 09:57:54,JPM,99.6,10,BID
2018-12-17 09:57:54,JPM,99.61,4,ASK
2018-12-17 09:57:55,JPM,99.59,9,BID
2018-12-17 09:57:55,JPM,99.6,15,ASK
2018-12-17 09:57:55,JPM,99.59,11,BID
2018-12-17 09:57:56,JPM,99.61,11,ASK
2018-12-17 09:57:57,JPM,99.56,14,BID
2018-12-17 09:57:57,JPM,99.58,1,ASK
2018-12-17 09:57:57,JPM,99.56,13,BID
2018-12-17 09:57:57,JPM,99.58,1,ASK
2018-12-17 09:57:57,JPM,99.56,13,BID
2018-12-17 09:57:57,JPM,99.58,1,ASK
2018-12-17 09:57:57,JPM,99.56,13,BID
2018-12-17 09:58:00,JPM,99.58,1,ASK
2018-12-17 09:58:01,JPM,99.58,11,BID
2018-12-17 09:58:01,JPM,99.59,14,ASK
2018-12-17 09:58:02,JPM,99.61,4,BID
2018-12-17 09:57:44,JPM,99.63,37,ASK
2018-12-17 09:58:03,JPM,99.62,7,BID
2018-12-17 09:58:03,JPM,99.63,27,ASK
2018-12-17 09:58:04,JPM,99.64,1,BID
2018-12-17 09:57:42,JPM,99.66,18,ASK
2018-12-17 09:58:04,JPM,99.64,1,BID
2018-12-17 09:57:42,JPM,99.66,17,ASK
2018-12-17 09:58:06,JPM,99.64,9,BID
2018-12-17 09:57:42,JPM,99.66,15,ASK
2018-12-17 09:58:04,JPM,99.63,4,BID
2018-12-17 09:58:07,JPM,99.65,10,ASK
2018-12-17 09:58:08,JPM,99.62,9,BID
2018-12-17 09:58:08,JPM,99.64,8,ASK
2018-12-17 09:58:09,JPM,99.64,18,BID
2018-12-17 09:58:07,JPM,99.66,16,ASK
2018-12-17 09:58:09,JPM,99.64,18,BID
2018-12-17 09:58:07,JPM,99.66,10,ASK
2018-12-17 09:58:09,JPM,99.64,17,BID
2018-12-17 09:58:07,JPM,99.66,10,ASK
2018-12-17 09:58:12,JPM,99.65,1,BID
2018-12-17 09:58:07,JPM,99.66,9,ASK
2018-12-17 09:58:13,JPM,99.65,3,BID
2018-12-17 09:58:07,JPM,99.66,9,ASK
2018-12-17 09:58:13,JPM,99.65,3,BID
2018-12-17 09:58:07,JPM,99.66,9,ASK
2018-12-17 09:58:15,JPM,99.64,7,BID
2018-12-17 09:58:15,JPM,99.65,9,ASK
2018-12-17 09:58:16,JPM,99.62,13,BID
2018-12-17 09:58:16,JPM,99.65,16,ASK
2018-12-17 09:58:17,JPM,99.63,2,BID
2018-12-17 09:58:17,JPM,99.64,12,ASK
2018-12-17 09:58:18,JPM,99.63,2,BID
2018-12-17 09:58:17,JPM,99.64,14,ASK
2018-12-17 09:58:19,JPM,99.63,16,BID
2018-12-17 09:58:19,JPM,99.64,32,ASK
2018-12-17 09:58:20,JPM,99.62,9,BID
2018-12-17 09:58:20,JPM,99.63,26,ASK
2018-12-17 09:58:21,JPM,99.65,12,BID
2018-12-17 09:58:21,JPM,99.66,9,ASK
2018-12-17 09:58:21,JPM,99.65,12,BID
2018-12-17 09:58:22,JPM,99.66,6,ASK
2018-12-17 09:58:21,JPM,99.65,12,BID
2018-12-17 09:58:22,JPM,99.66,6,ASK
2018-12-17 09:58:24,JPM,99.64,11,BID
2018-12-17 09:58:24,JPM,99.66,16,ASK
2018-12-17 09:58:25,JPM,99.65,2,BID
2018-12-17 09:58:24,JPM,99.66,12,ASK
2018-12-17 09:58:25,JPM,99.64,11,BID
2018-12-17 09:58:25,JPM,99.66,13,ASK
2018-12-17 09:58:27,JPM,99.65,4,BID
2018-12-17 09:58:25,JPM,99.66,11,ASK
2018-12-17 09:58:28,JPM,99.68,6,BID
2018-12-17 09:58:28,JPM,99.69,4,ASK
2018-12-17 09:58:29,JPM,99.68,7,BID
2018-12-17 09:58:29,JPM,99.69,1,ASK
2018-12-17 09:58:30,JPM,99.66,10,BID
2018-12-17 09:58:30,JPM,99.68,16,ASK
2018-12-17 09:58:31,JPM,99.67,8,BID
2018-12-17 09:58:30,JPM,99.69,8,ASK
2018-12-17 09:58:32,JPM,99.68,6,BID
2018-12-17 09:58:31,JPM,99.69,13,ASK
2018-12-17 09:58:33,JPM,99.68,7,BID
2018-12-17 09:58:31,JPM,99.69,12,ASK
2018-12-17 09:58:34,JPM,99.68,16,BID
2018-12-17 09:58:31,JPM,99.69,7,ASK
2018-12-17 09:58:35,JPM,99.69,16,BID
2018-12-17 09:58:35,JPM,99.7,2,ASK
2018-12-17 09:58:35,JPM,99.69,18,BID
2018-12-17 09:58:35,JPM,99.7,3,ASK
2018-12-17 09:58:37,JPM,99.68,13,BID
2018-12-17 09:58:37,JPM,99.69,9,ASK
2018-12-17 09:58:38,JPM,99.7,12,BID
2018-12-17 09:58:38,JPM,99.71,17,ASK
2018-12-17 09:58:38,JPM,99.7,13,BID
2018-12-17 09:58:38,JPM,99.71,17,ASK
2018-12-17 09:58:40,JPM,99.73,6,BID
2018-12-17 09:58:40,JPM,99.74,4,ASK
2018-12-17 09:58:40,JPM,99.73,13,BID
2018-12-17 09:58:41,JPM,99.74,2,ASK
2018-12-17 09:58:40,JPM,99.73,17,BID
2018-12-17 09:58:42,JPM,99.74,2,ASK
2018-12-17 09:58:43,JPM,99.74,3,BID
2018-12-17 09:58:43,JPM,99.75,12,ASK
2018-12-17 09:58:44,JPM,99.71,35,BID
2018-12-17 09:58:44,JPM,99.73,2,ASK
2018-12-17 09:58:45,JPM,99.72,3,BID
2018-12-17 09:58:45,JPM,99.73,4,ASK
2018-12-17 09:58:46,JPM,99.74,8,BID
2018-12-17 09:58:46,JPM,99.75,17,ASK
2018-12-17 09:58:47,JPM,99.74,6,BID
2018-12-17 09:58:47,JPM,99.75,14,ASK
2018-12-17 09:58:48,JPM,99.73,11,BID
2018-12-17 09:58:48,JPM,99.75,14,ASK
2018-12-17 09:58:49,JPM,99.73,18,BID
2018-12-17 09:58:48,JPM,99.75,15,ASK
2018-12-17 09:58:50,JPM,99.74,1,BID
2018-12-17 09:58:48,JPM,99.75,15,ASK
2018-12-17 09:58:51,JPM,99.74,6,BID
2018-12-17 09:58:48,JPM,99.75,16,ASK
2018-12-17 09:58:49,JPM,99.73,20,BID
2018-12-17 09:58:48,JPM,99.75,17,ASK
2018-12-17 09:58:53,JPM,99.72,20,BID
2018-12-17 09:58:53,JPM,99.74,9,ASK
2018-12-17 09:58:54,JPM,99.76,11,BID
2018-12-17 09:58:54,JPM,99.77,2,ASK
2018-12-17 09:58:55,JPM,99.75,12,BID
2018-12-17 09:58:55,JPM,99.77,5,ASK
2018-12-17 09:58:56,JPM,99.75,13,BID
2018-12-17 09:58:56,JPM,99.77,11,ASK
2018-12-17 09:58:57,JPM,99.77,3,BID
2018-12-17 09:58:56,JPM,99.78,19,ASK
2018-12-17 09:58:58,JPM,99.77,32,BID
2018-12-17 09:58:58,JPM,99.8,7,ASK
2018-12-17 09:58:58,JPM,99.77,22,BID
2018-12-17 09:58:59,JPM,99.8,6,ASK
2018-12-17 09:59:00,JPM,99.78,8,BID
2018-12-17 09:59:00,JPM,99.8,5,ASK
2018-12-17 09:59:01,JPM,99.78,6,BID
2018-12-17 09:59:01,JPM,99.8,6,ASK
2018-12-17 09:59:02,JPM,99.78,13,BID
2018-12-17 09:59:02,JPM,99.8,9,ASK
2018-12-17 09:58:58,JPM,99.76,17,BID
2018-12-17 09:59:03,JPM,99.77,3,ASK
2018-12-17 09:59:04,JPM,99.75,15,BID
2018-12-17 09:59:04,JPM,99.77,12,ASK
2018-12-17 09:59:04,JPM,99.75,14,BID
2018-12-17 09:59:04,JPM,99.77,12,ASK
2018-12-17 09:59:06,JPM,99.76,13,BID
2018-12-17 09:59:06,JPM,99.77,16,ASK
2018-12-17 09:59:06,JPM,99.76,14,BID
2018-12-17 09:59:07,JPM,99.77,1,ASK
2018-12-17 09:59:05,JPM,99.75,17,BID
2018-12-17 09:59:08,JPM,99.77,11,ASK
2018-12-17 09:59:09,JPM,99.78,8,BID
2018-12-17 09:59:09,JPM,99.8,7,ASK
2018-12-17 09:59:10,JPM,99.78,13,BID
2018-12-17 09:59:09,JPM,99.8,7,ASK
2018-12-17 09:59:11,JPM,99.78,12,BID
2018-12-17 09:59:09,JPM,99.8,7,ASK
2018-12-17 09:59:12,JPM,99.78,14,BID
2018-12-17 09:59:09,JPM,99.8,7,ASK
2018-12-17 09:59:13,JPM,99.8,12,BID
2018-12-17 09:59:13,JPM,99.82,3,ASK
2018-12-17 09:59:14,JPM,99.78,8,BID
2018-12-17 09:59:14,JPM,99.8,7,ASK
2018-12-17 09:59:14,JPM,99.78,8,BID
2018-12-17 09:59:14,JPM,99.8,7,ASK
2018-12-17 09:59:16,JPM,99.78,7,BID
2018-12-17 09:59:16,JPM,99.8,9,ASK
2018-12-17 09:59:17,JPM,99.78,6,BID
2018-12-17 09:59:17,JPM,99.8,8,ASK
2018-12-17 09:59:18,JPM,99.78,6,BID
2018-12-17 09:59:18,JPM,99.8,8,ASK
2018-12-17 09:59:19,JPM,99.79,10,BID
2018-12-17 09:59:19,JPM,99.8,4,ASK
2018-12-17 09:59:19,JPM,99.79,10,BID
2018-12-17 09:59:19,JPM,99.8,4,ASK
2018-12-17 09:59:21,JPM,99.79,17,BID
2018-12-17 09:59:21,JPM,99.8,4,ASK
2018-12-17 09:59:22,JPM,99.78,11,BID
2018-12-17 09:59:22,JPM,99.79,6,ASK
2018-12-17 09:59:23,JPM,99.77,5,BID
2018-12-17 09:59:23,JPM,99.78,13,ASK
2018-12-17 09:59:24,JPM,99.77,8,BID
2018-12-17 09:59:24,JPM,99.78,4,ASK
2018-12-17 09:59:25,JPM,99.86,1,BID
2018-12-17 09:59:24,JPM,99.87,9,ASK
2018-12-17 09:59:26,JPM,99.84,5,BID
2018-12-17 09:59:26,JPM,99.86,6,ASK
2018-12-17 09:59:27,JPM,99.85,3,BID
2018-12-17 09:59:27,JPM,99.86,6,ASK
2018-12-17 09:59:27,JPM,99.85,3,BID
2018-12-17 09:59:27,JPM,99.86,6,ASK
2018-12-17 09:59:29,JPM,99.82,17,BID
2018-12-17 09:59:29,JPM,99.84,4,ASK
2018-12-17 09:59:30,JPM,99.83,13,BID
2018-12-17 09:59:30,JPM,99.85,3,ASK
2018-12-17 09:59:30,JPM,99.84,11,BID
2018-12-17 09:59:30,JPM,99.86,5,ASK
2018-12-17 09:59:32,JPM,99.82,19,BID
2018-12-17 09:59:32,JPM,99.84,2,ASK
2018-12-17 09:59:32,JPM,99.82,19,BID
2018-12-17 09:59:32,JPM,99.84,3,ASK
2018-12-17 09:59:34,JPM,99.82,18,BID
2018-12-17 09:59:34,JPM,99.84,3,ASK
2018-12-17 09:59:36,JPM,99.84,10,BID
2018-12-17 09:59:36,JPM,99.86,6,ASK
2018-12-17 09:59:36,JPM,99.87,17,BID
2018-12-17 09:59:36,JPM,99.89,11,ASK
2018-12-17 09:59:36,JPM,99.9,5,BID
2018-12-17 09:59:36,JPM,99.92,11,ASK
2018-12-17 09:59:37,JPM,99.92,1,BID
2018-12-17 09:59:37,JPM,99.93,2,ASK
2018-12-17 09:59:38,JPM,99.91,1,BID
2018-12-17 09:59:38,JPM,99.92,3,ASK
2018-12-17 09:59:38,JPM,99.96,10,BID
2018-12-17 09:59:38,JPM,99.98,4,ASK
2018-12-17 09:59:41,JPM,99.92,10,BID
2018-12-17 09:59:41,JPM,99.93,1,ASK
2018-12-17 09:59:41,JPM,99.92,11,BID
2018-12-17 09:59:42,JPM,99.94,2,ASK
2018-12-17 09:59:43,JPM,99.87,9,BID
2018-12-17 09:59:43,JPM,99.88,1,ASK
2018-12-17 09:59:45,JPM,99.86,3,BID
2018-12-17 09:59:45,JPM,99.87,4,ASK
2018-12-17 09:59:45,JPM,99.88,2,BID
2018-12-17 09:59:45,JPM,99.9,6,ASK
2018-12-17 09:59:46,JPM,99.88,3,BID
2018-12-17 09:59:45,JPM,99.9,6,ASK
2018-12-17 09:59:47,JPM,99.88,1,BID
2018-12-17 09:59:47,JPM,99.89,4,ASK
2018-12-17 09:59:49,JPM,99.88,5,BID
2018-12-17 09:59:45,JPM,99.9,7,ASK
2018-12-17 09:59:49,JPM,99.88,4,BID
2018-12-17 09:59:49,JPM,99.89,7,ASK
2018-12-17 09:59:50,JPM,99.95,2,BID
2018-12-17 09:59:50,JPM,99.98,7,ASK
2018-12-17 09:59:51,JPM,99.9,3,BID
2018-12-17 09:59:51,JPM,99.92,2,ASK
2018-12-17 09:59:52,JPM,99.91,4,BID
2018-12-17 09:59:52,JPM,99.93,9,ASK
2018-12-17 09:59:52,JPM,99.89,3,BID
2018-12-17 09:59:52,JPM,99.91,9,ASK
2018-12-17 09:59:54,JPM,99.94,2,BID
2018-12-17 09:59:54,JPM,99.97,4,ASK
2018-12-17 09:59:53,JPM,99.9,7,BID
2018-12-17 09:59:55,JPM,99.92,3,ASK
2018-12-17 09:59:55,JPM,99.92,5,BID
2018-12-17 09:59:55,JPM,99.94,2,ASK
2018-12-17 09:59:53,JPM,99.9,7,BID
2018-12-17 09:59:57,JPM,99.93,3,ASK
2018-12-17 09:59:58,JPM,99.91,4,BID
2018-12-17 09:59:59,JPM,99.93,6,ASK
2018-12-17 09:59:59,JPM,99.89,18,BID
2018-12-17 09:59:59,JPM,99.91,8,ASK
2018-12-17 10:00:00,JPM,99.91,3,BID
2018-12-17 10:00:00,JPM,99.93,7,ASK
2018-12-17 09:59:49,JPM,99.88,6,BID
2018-12-17 10:00:00,JPM,99.89,1,ASK
2018-12-17 09:59:49,JPM,99.88,6,BID
2018-12-17 10:00:01,JPM,99.89,3,ASK
2018-12-17 10:00:02,JPM,99.91,3,BID
2018-12-17 10:00:02,JPM,99.93,5,ASK
2018-12-17 10:00:02,JPM,99.9,5,BID
2018-12-17 10:00:02,JPM,99.91,3,ASK
2018-12-17 10:00:02,JPM,99.9,8,BID
2018-12-17 10:00:02,JPM,99.93,9,ASK
2018-12-17 10:00:02,JPM,99.9,6,BID
2018-12-17 10:00:04,JPM,99.93,1,ASK
2018-12-17 10:00:05,JPM,99.92,4,BID
2018-12-17 10:00:05,JPM,99.94,1,ASK
2018-12-17 10:00:07,JPM,99.88,8,BID
2018-12-17 10:00:07,JPM,99.89,1,ASK
2018-12-17 10:00:07,JPM,99.89,6,BID
2018-12-17 10:00:07,JPM,99.9,3,ASK
2018-12-17 10:00:08,JPM,99.92,4,BID
2018-12-17 10:00:08,JPM,99.95,2,ASK
2018-12-17 10:00:08,JPM,99.9,4,BID
2018-12-17 10:00:08,JPM,99.92,2,ASK
2018-12-17 10:00:09,JPM,99.92,4,BID
2018-12-17 10:00:09,JPM,99.94,2,ASK
2018-12-17 10:00:07,JPM,99.88,11,BID
2018-12-17 10:00:10,JPM,99.92,4,ASK
2018-12-17 10:00:10,JPM,99.97,2,BID
2018-12-17 10:00:10,JPM,99.99,11,ASK
2018-12-17 10:00:12,JPM,99.97,5,BID
2018-12-17 10:00:12,JPM,100.0,24,ASK
2018-12-17 10:00:13,JPM,99.94,8,BID
2018-12-17 10:00:13,JPM,99.99,3,ASK
2018-12-17 10:00:15,JPM,99.98,1,BID
2018-12-17 10:00:15,JPM,100.0,22,ASK
2018-12-17 10:00:15,JPM,99.97,4,BID
2018-12-17 10:00:15,JPM,99.99,1,ASK
2018-12-17 10:00:15,JPM,99.97,4,BID
2018-12-17 10:00:17,JPM,99.99,3,ASK
2018-12-17 10:00:19,JPM,99.98,3,BID
2018-12-17 10:00:19,JPM,99.99,3,ASK
2018-12-17 10:00:21,JPM,99.98,7,BID
2018-12-17 10:00:21,JPM,99.99,7,ASK
2018-12-17 10:00:22,JPM,99.95,2,BID
2018-12-17 10:00:22,JPM,99.97,2,ASK
2018-12-17 10:00:24,JPM,99.95,1,BID
2018-12-17 10:00:24,JPM,99.97,2,ASK
2018-12-17 10:00:24,JPM,99.96,4,BID
2018-12-17 10:00:25,JPM,99.98,4,ASK
2018-12-17 10:00:24,JPM,99.96,4,BID
2018-12-17 10:00:21,JPM,99.99,7,ASK
2018-12-17 10:00:26,JPM,99.95,3,BID
2018-12-17 10:00:26,JPM,99.96,2,ASK
2018-12-17 10:00:27,JPM,99.95,2,BID
2018-12-17 10:00:27,JPM,99.97,6,ASK
2018-12-17 10:00:29,JPM,99.97,6,BID
2018-12-17 10:00:29,JPM,99.99,3,ASK
2018-12-17 10:00:30,JPM,99.96,5,BID
2018-12-17 10:00:30,JPM,99.97,2,ASK
2018-12-17 10:00:30,JPM,99.99,1,BID
2018-12-17 10:00:30,JPM,100.0,10,ASK
2018-12-17 10:00:30,JPM,99.98,6,BID
2018-12-17 10:00:30,JPM,100.0,8,ASK
2018-12-17 10:00:33,JPM,99.98,9,BID
2018-12-17 10:00:30,JPM,100.0,9,ASK
2018-12-17 10:00:34,JPM,99.99,5,BID
2018-12-17 10:00:30,JPM,100.0,10,ASK
2018-12-17 10:00:35,JPM,99.98,7,BID
2018-12-17 10:00:35,JPM,100.0,18,ASK
2018-12-17 10:00:35,JPM,99.98,7,BID
2018-12-17 10:00:35,JPM,100.0,12,ASK
2018-12-17 10:00:37,JPM,99.97,2,BID
2018-12-17 10:00:36,JPM,99.99,6,ASK
2018-12-17 10:00:37,JPM,99.98,1,BID
2018-12-17 10:00:35,JPM,100.0,12,ASK
2018-12-17 10:00:37,JPM,99.98,1,BID
2018-12-17 10:00:35,JPM,100.0,12,ASK
2018-12-17 10:00:39,JPM,99.97,9,BID
2018-12-17 10:00:39,JPM,99.99,4,ASK
2018-12-17 10:00:41,JPM,99.96,5,BID
2018-12-17 10:00:41,JPM,99.97,17,ASK
2018-12-17 10:00:42,JPM,99.96,5,BID
2018-12-17 10:00:41,JPM,99.98,18,ASK
2018-12-17 10:00:43,JPM,99.99,15,BID
2018-12-17 10:00:43,JPM,100.0,3,ASK
2018-12-17 10:00:44,JPM,99.97,12,BID
2018-12-17 10:00:44,JPM,99.99,7,ASK
2018-12-17 10:00:45,JPM,99.97,7,BID
2018-12-17 10:00:45,JPM,99.98,3,ASK
2018-12-17 10:00:45,JPM,99.96,14,BID
2018-12-17 10:00:45,JPM,99.98,12,ASK
2018-12-17 10:00:46,JPM,99.94,14,BID
2018-12-17 10:00:47,JPM,99.96,6,ASK
2018-12-17 10:00:48,JPM,99.99,4,BID
2018-12-17 10:00:47,JPM,100.0,18,ASK
2018-12-17 10:00:49,JPM,99.99,6,BID
2018-12-17 10:00:47,JPM,100.0,18,ASK
2018-12-17 10:00:49,JPM,99.99,6,BID
2018-12-17 10:00:47,JPM,100.0,19,ASK
2018-12-17 10:00:49,JPM,99.99,6,BID
2018-12-17 10:00:47,JPM,100.0,19,ASK
2018-12-17 10:00:52,JPM,99.98,1,BID
2018-12-17 10:00:52,JPM,99.99,8,ASK
2018-12-17 10:00:53,JPM,99.98,2,BID
2018-12-17 10:00:53,JPM,99.99,8,ASK
2018-12-17 10:00:53,JPM,99.99,4,BID
2018-12-17 10:00:51,JPM,100.0,22,ASK
2018-12-17 10:00:54,JPM,100.01,3,BID
2018-12-17 10:00:54,JPM,100.02,15,ASK
2018-12-17 10:00:55,JPM,100.01,6,BID
2018-12-17 10:00:54,JPM,100.02,11,ASK
2018-12-17 10:00:56,JPM,100.05,4,BID
2018-12-17 10:00:56,JPM,100.07,7,ASK
2018-12-17 10:00:58,JPM,100.04,14,BID
2018-12-17 10:00:58,JPM,100.06,11,ASK
2018-12-17 10:00:59,JPM,100.06,1,BID
2018-12-17 10:00:59,JPM,100.07,1,ASK
2018-12-17 10:01:00,JPM,100.05,15,BID
2018-12-17 10:01:00,JPM,100.06,4,ASK
2018-12-17 10:01:01,JPM,100.04,5,BID
2018-12-17 10:01:00,JPM,100.05,14,ASK
2018-12-17 10:01:02,JPM,100.02,1,BID
2018-12-17 10:01:02,JPM,100.03,12,ASK
2018-12-17 10:01:03,JPM,99.99,14,BID
2018-12-17 10:01:03,JPM,100.0,12,ASK
2018-12-17 10:01:04,JPM,100.04,1,BID
2018-12-17 10:01:04,JPM,100.05,13,ASK
2018-12-17 10:01:05,JPM,100.07,4,BID
2018-12-17 10:01:05,JPM,100.08,2,ASK
2018-12-17 10:01:06,JPM,100.07,6,BID
2018-12-17 10:01:06,JPM,100.08,1,ASK
2018-12-17 10:01:07,JPM,100.07,9,BID
2018-12-17 10:01:07,JPM,100.1,7,ASK
2018-12-17 10:01:07,JPM,100.07,9,BID
2018-12-17 10:01:07,JPM,100.1,7,ASK
2018-12-17 10:01:09,JPM,100.08,10,BID
2018-12-17 10:01:09,JPM,100.09,1,ASK
2018-12-17 10:01:10,JPM,100.08,7,BID
2018-12-17 10:01:08,JPM,100.1,11,ASK
2018-12-17 10:01:10,JPM,100.08,7,BID
2018-12-17 10:01:10,JPM,100.1,11,ASK
2018-12-17 10:01:12,JPM,100.05,4,BID
2018-12-17 10:01:12,JPM,100.07,11,ASK
2018-12-17 10:01:12,JPM,100.05,2,BID
2018-12-17 10:01:12,JPM,100.06,3,ASK
2018-12-17 10:01:14,JPM,100.03,6,BID
2018-12-17 10:01:14,JPM,100.05,15,ASK
2018-12-17 10:01:15,JPM,100.04,2,BID
2018-12-17 10:01:15,JPM,100.05,12,ASK
2018-12-17 10:01:16,JPM,100.05,12,BID
2018-12-17 10:01:16,JPM,100.07,10,ASK
2018-12-17 10:01:17,JPM,100.06,5,BID
2018-12-17 10:01:17,JPM,100.07,10,ASK
2018-12-17 10:01:18,JPM,100.08,1,BID
2018-12-17 10:01:18,JPM,100.09,15,ASK
2018-12-17 10:01:19,JPM,100.08,5,BID
2018-12-17 10:01:19,JPM,100.09,10,ASK
2018-12-17 10:01:19,JPM,100.08,5,BID
2018-12-17 10:01:19,JPM,100.09,10,ASK
2018-12-17 10:01:21,JPM,100.07,11,BID
2018-12-17 10:01:21,JPM,100.08,22,ASK
2018-12-17 10:01:21,JPM,100.06,6,BID
2018-12-17 10:01:22,JPM,100.07,16,ASK
2018-12-17 10:01:23,JPM,100.07,28,BID
2018-12-17 10:01:23,JPM,100.08,18,ASK
2018-12-17 10:01:23,JPM,100.08,1,BID
2018-12-17 10:01:23,JPM,100.09,1,ASK
2018-12-17 10:01:24,JPM,100.08,3,BID
2018-12-17 10:01:24,JPM,100.09,2,ASK
2018-12-17 10:01:23,JPM,100.06,16,BID
2018-12-17 10:01:26,JPM,100.08,1,ASK
2018-12-17 10:01:26,JPM,100.07,6,BID
2018-12-17 10:01:26,JPM,100.08,1,ASK
2018-12-17 10:01:23,JPM,100.06,13,BID
2018-12-17 10:01:28,JPM,100.07,9,ASK
2018-12-17 10:01:29,JPM,100.04,5,BID
2018-12-17 10:01:29,JPM,100.06,16,ASK
2018-12-17 10:01:30,JPM,100.05,2,BID
2018-12-17 10:01:29,JPM,100.06,13,ASK
2018-12-17 10:01:31,JPM,100.05,7,BID
2018-12-17 10:01:30,JPM,100.06,15,ASK
2018-12-17 10:01:31,JPM,100.05,7,BID
2018-12-17 10:01:30,JPM,100.06,15,ASK
2018-12-17 10:01:33,JPM,100.07,7,BID
2018-12-17 10:01:33,JPM,100.08,14,ASK
2018-12-17 10:01:34,JPM,100.06,6,BID
2018-12-17 10:01:34,JPM,100.07,3,ASK
2018-12-17 10:01:34,JPM,100.09,1,BID
2018-12-17 10:01:34,JPM,100.1,10,ASK
2018-12-17 10:01:36,JPM,100.06,8,BID
2018-12-17 10:01:36,JPM,100.08,12,ASK
2018-12-17 10:01:36,JPM,100.05,5,BID
2018-12-17 10:01:36,JPM,100.07,18,ASK
2018-12-17 10:01:37,JPM,100.07,2,BID
2018-12-17 10:01:37,JPM,100.08,2,ASK
2018-12-17 10:01:38,JPM,100.09,1,BID
2018-12-17 10:01:38,JPM,100.1,1,ASK
2018-12-17 10:01:39,JPM,100.09,6,BID
2018-12-17 10:01:40,JPM,100.1,1,ASK
2018-12-17 10:01:40,JPM,100.09,5,BID
2018-12-17 10:01:40,JPM,100.1,3,ASK
2018-12-17 10:01:42,JPM,100.06,5,BID
2018-12-17 10:01:42,JPM,100.08,13,ASK
2018-12-17 10:01:43,JPM,100.06,5,BID
2018-12-17 10:01:43,JPM,100.07,19,ASK
2018-12-17 10:01:43,JPM,100.05,7,BID
2018-12-17 10:01:43,JPM,100.06,16,ASK
2018-12-17 10:01:43,JPM,100.05,7,BID
2018-12-17 10:01:45,JPM,100.06,3,ASK
2018-12-17 10:01:30,JPM,100.04,12,BID
2018-12-17 10:01:46,JPM,100.06,17,ASK
2018-12-17 10:01:47,JPM,100.04,1,BID
2018-12-17 10:01:47,JPM,100.05,8,ASK
2018-12-17 10:01:47,JPM,100.04,1,BID
2018-12-17 10:01:47,JPM,100.05,8,ASK
2018-12-17 10:01:48,JPM,100.06,7,BID
2018-12-17 10:01:43,JPM,100.08,13,ASK
2018-12-17 10:01:50,JPM,100.06,1,BID
2018-12-17 10:01:50,JPM,100.07,1,ASK
2018-12-17 10:01:50,JPM,100.03,12,BID
2018-12-17 10:01:51,JPM,100.05,14,ASK
2018-12-17 10:01:51,JPM,100.01,12,BID
2018-12-17 10:01:52,JPM,100.03,1,ASK
2018-12-17 10:01:53,JPM,100.0,14,BID
2018-12-17 10:01:53,JPM,100.01,13,ASK
2018-12-17 10:01:54,JPM,100.0,15,BID
2018-12-17 10:01:54,JPM,100.02,20,ASK
2018-12-17 10:01:54,JPM,100.0,15,BID
2018-12-17 10:01:54,JPM,100.02,20,ASK
2018-12-17 10:01:55,JPM,100.02,17,BID
2018-12-17 10:01:55,JPM,100.04,12,ASK
2018-12-17 10:01:55,JPM,100.02,17,BID
2018-12-17 10:01:55,JPM,100.04,19,ASK
2018-12-17 10:01:57,JPM,100.03,5,BID
2018-12-17 10:01:58,JPM,100.05,17,ASK
2018-12-17 10:01:57,JPM,100.03,3,BID
2018-12-17 10:01:59,JPM,100.05,14,ASK
2018-12-17 10:02:00,JPM,100.0,11,BID
2018-12-17 10:02:00,JPM,100.02,13,ASK
2018-12-17 10:02:01,JPM,100.0,11,BID
2018-12-17 10:02:01,JPM,100.01,2,ASK
2018-12-17 10:02:02,JPM,100.0,2,BID
2018-12-17 10:02:02,JPM,100.02,15,ASK
2018-12-17 10:02:03,JPM,100.0,2,BID
2018-12-17 10:02:03,JPM,100.02,15,ASK
2018-12-17 10:02:04,JPM,100.0,7,BID
2018-12-17 10:02:03,JPM,100.02,12,ASK
2018-12-17 10:02:05,JPM,100.0,3,BID
2018-12-17 10:02:05,JPM,100.01,1,ASK
2018-12-17 10:01:02,JPM,99.99,19,BID
2018-12-17 10:02:06,JPM,100.01,11,ASK
2018-12-17 10:02:07,JPM,100.0,6,BID
2018-12-17 10:02:07,JPM,100.01,9,ASK
2018-12-17 10:02:08,JPM,100.0,6,BID
2018-12-17 10:02:07,JPM,100.01,8,ASK
2018-12-17 10:02:09,JPM,100.0,6,BID
2018-12-17 10:02:07,JPM,100.01,10,ASK
2018-12-17 10:02:09,JPM,100.0,6,BID
2018-12-17 10:02:07,JPM,100.01,10,ASK
2018-12-17 10:02:09,JPM,100.0,6,BID
2018-12-17 10:02:07,JPM,100.01,10,ASK
2018-12-17 10:02:12,JPM,99.97,16,BID
2018-12-17 10:02:12,JPM,99.98,4,ASK
2018-12-17 10:02:13,JPM,99.97,5,BID
2018-12-17 10:02:13,JPM,99.98,8,ASK
2018-12-17 10:02:14,JPM,99.97,5,BID
2018-12-17 10:02:14,JPM,99.98,7,ASK
2018-12-17 10:02:14,JPM,99.97,5,BID
2018-12-17 10:02:14,JPM,99.98,7,ASK
2018-12-17 10:02:16,JPM,99.96,7,BID
2018-12-17 10:02:16,JPM,99.97,14,ASK
2018-12-17 10:02:17,JPM,99.96,2,BID
2018-12-17 10:02:17,JPM,99.97,22,ASK
2018-12-17 10:02:18,JPM,99.95,1,BID
2018-12-17 10:02:18,JPM,99.96,15,ASK
2018-12-17 10:02:19,JPM,99.98,8,BID
2018-12-17 10:02:19,JPM,99.99,9,ASK
2018-12-17 10:02:19,JPM,99.98,7,BID
2018-12-17 10:02:19,JPM,99.99,9,ASK
2018-12-17 10:02:21,JPM,99.98,3,BID
2018-12-17 10:02:21,JPM,99.99,20,ASK
2018-12-17 10:02:22,JPM,99.98,5,BID
2018-12-17 10:02:21,JPM,99.99,17,ASK
2018-12-17 10:02:23,JPM,99.96,8,BID
2018-12-17 10:02:23,JPM,99.98,19,ASK
2018-12-17 10:02:24,JPM,99.93,8,BID
2018-12-17 10:02:23,JPM,99.95,19,ASK
2018-12-17 10:02:25,JPM,99.92,8,BID
2018-12-17 10:02:23,JPM,99.95,19,ASK
2018-12-17 10:02:26,JPM,99.93,3,BID
2018-12-17 10:02:23,JPM,99.95,20,ASK
2018-12-17 10:02:27,JPM,99.93,5,BID
2018-12-17 10:02:23,JPM,99.95,20,ASK
2018-12-17 10:02:27,JPM,99.93,8,BID
2018-12-17 10:02:28,JPM,99.94,1,ASK
2018-12-17 10:02:28,JPM,99.93,4,BID
2018-12-17 10:02:28,JPM,99.94,17,ASK
2018-12-17 10:02:30,JPM,99.92,5,BID
2018-12-17 10:02:30,JPM,99.94,12,ASK
2018-12-17 10:02:30,JPM,99.92,4,BID
2018-12-17 10:02:31,JPM,99.93,5,ASK
2018-12-17 10:02:32,JPM,99.89,6,BID
2018-12-17 10:02:32,JPM,99.92,21,ASK
2018-12-17 10:02:33,JPM,99.9,10,BID
2018-12-17 10:02:33,JPM,99.92,15,ASK
2018-12-17 10:02:34,JPM,99.91,10,BID
2018-12-17 10:02:34,JPM,99.92,4,ASK
2018-12-17 10:02:35,JPM,99.93,7,BID
2018-12-17 10:02:30,JPM,99.95,13,ASK
2018-12-17 10:02:35,JPM,99.92,10,BID
2018-12-17 10:02:35,JPM,99.93,8,ASK
2018-12-17 10:02:36,JPM,99.92,15,BID
2018-12-17 10:02:37,JPM,99.93,18,ASK
2018-12-17 10:02:36,JPM,99.92,13,BID
2018-12-17 10:02:38,JPM,99.93,10,ASK
2018-12-17 10:02:39,JPM,99.94,3,BID
2018-12-17 10:02:39,JPM,99.95,1,ASK
2018-12-17 10:02:39,JPM,99.94,4,BID
2018-12-17 10:02:40,JPM,99.95,1,ASK
2018-12-17 10:02:39,JPM,99.94,4,BID
2018-12-17 10:02:41,JPM,99.95,5,ASK
2018-12-17 10:02:36,JPM,99.92,13,BID
2018-12-17 10:02:42,JPM,99.94,11,ASK
2018-12-17 10:02:43,JPM,99.94,1,BID
2018-12-17 10:02:43,JPM,99.95,9,ASK
2018-12-17 10:02:44,JPM,99.93,17,BID
2018-12-17 10:02:44,JPM,99.95,12,ASK
2018-12-17 10:02:45,JPM,99.95,3,BID
2018-12-17 10:02:23,JPM,99.97,14,ASK
2018-12-17 10:02:45,JPM,99.97,10,BID
2018-12-17 10:02:45,JPM,99.98,1,ASK
2018-12-17 10:02:46,JPM,99.97,7,BID
2018-12-17 10:02:46,JPM,99.98,1,ASK
2018-12-17 10:02:45,JPM,99.95,9,BID
2018-12-17 10:02:48,JPM,99.97,9,ASK
2018-12-17 10:02:49,JPM,99.95,14,BID
2018-12-17 10:02:49,JPM,99.96,3,ASK
2018-12-17 10:02:49,JPM,99.95,12,BID
2018-12-17 10:02:50,JPM,99.96,3,ASK
2018-12-17 10:02:49,JPM,99.95,12,BID
2018-12-17 10:02:50,JPM,99.96,3,ASK
2018-12-17 10:02:52,JPM,99.96,11,BID
2018-12-17 10:02:52,JPM,99.97,9,ASK
2018-12-17 10:02:53,JPM,99.96,10,BID
2018-12-17 10:02:53,JPM,99.98,12,ASK
2018-12-17 10:02:53,JPM,99.96,9,BID
2018-12-17 10:02:53,JPM,99.98,8,ASK
2018-12-17 10:02:53,JPM,99.96,9,BID
2018-12-17 10:02:53,JPM,99.98,8,ASK
2018-12-17 10:02:56,JPM,99.96,10,BID
2018-12-17 10:02:56,JPM,99.98,8,ASK
2018-12-17 10:02:56,JPM,99.96,10,BID
2018-12-17 10:02:56,JPM,99.98,8,ASK
2018-12-17 10:02:58,JPM,99.93,18,BID
2018-12-17 10:02:58,JPM,99.95,8,ASK
2018-12-17 10:02:59,JPM,99.93,18,BID
2018-12-17 10:02:59,JPM,99.94,1,ASK
2018-12-17 10:03:00,JPM,99.91,10,BID
2018-12-17 10:03:00,JPM,99.93,15,ASK
2018-12-17 10:03:01,JPM,99.92,9,BID
2018-12-17 10:03:01,JPM,99.94,18,ASK
2018-12-17 10:03:01,JPM,99.92,9,BID
2018-12-17 10:03:02,JPM,99.94,11,ASK
2018-12-17 10:03:03,JPM,99.9,1,BID
2018-12-17 10:03:03,JPM,99.91,1,ASK
2018-12-17 10:03:04,JPM,99.92,2,BID
2018-12-17 10:03:02,JPM,99.94,17,ASK
2018-12-17 10:03:05,JPM,99.92,3,BID
2018-12-17 10:03:02,JPM,99.94,16,ASK
2018-12-17 10:03:06,JPM,99.92,13,BID
2018-12-17 10:03:06,JPM,99.93,12,ASK
2018-12-17 10:03:07,JPM,99.93,1,BID
2018-12-17 10:03:06,JPM,99.94,17,ASK
2018-12-17 10:03:08,JPM,99.94,8,BID
2018-12-17 10:03:08,JPM,99.95,6,ASK
2018-12-17 10:03:08,JPM,99.93,10,BID
2018-12-17 10:03:09,JPM,99.94,16,ASK
2018-12-17 10:03:10,JPM,99.94,17,BID
2018-12-17 10:03:10,JPM,99.96,22,ASK
2018-12-17 10:03:10,JPM,99.95,18,BID
2018-12-17 10:03:10,JPM,99.98,16,ASK
2018-12-17 10:03:12,JPM,99.97,4,BID
2018-12-17 10:03:12,JPM,99.98,3,ASK
2018-12-17 10:03:13,JPM,99.96,3,BID
2018-12-17 10:03:13,JPM,99.97,10,ASK
2018-12-17 10:03:13,JPM,99.96,3,BID
2018-12-17 10:03:14,JPM,99.97,10,ASK
2018-12-17 10:03:15,JPM,99.96,3,BID
2018-12-17 10:03:13,JPM,99.97,10,ASK
2018-12-17 10:03:15,JPM,99.96,3,BID
2018-12-17 10:03:13,JPM,99.97,10,ASK
2018-12-17 10:03:17,JPM,99.96,4,BID
2018-12-17 10:03:17,JPM,99.97,11,ASK
2018-12-17 10:03:18,JPM,99.98,12,BID
2018-12-17 10:02:22,JPM,99.99,29,ASK
2018-12-17 10:03:19,JPM,99.98,18,BID
2018-12-17 10:03:19,JPM,99.99,11,ASK
2018-12-17 10:03:19,JPM,99.98,18,BID
2018-12-17 10:03:20,JPM,99.99,10,ASK
2018-12-17 10:03:21,JPM,99.99,4,BID
2018-12-17 10:03:21,JPM,100.0,13,ASK
2018-12-17 10:03:22,JPM,100.02,7,BID
2018-12-17 10:03:22,JPM,100.04,5,ASK
2018-12-17 10:03:23,JPM,100.05,2,BID
2018-12-17 10:03:23,JPM,100.06,2,ASK
2018-12-17 10:03:23,JPM,100.09,5,BID
2018-12-17 10:03:23,JPM,100.1,2,ASK
2018-12-17 10:03:25,JPM,100.06,12,BID
2018-12-17 10:03:25,JPM,100.08,2,ASK
2018-12-17 10:03:25,JPM,100.06,12,BID
2018-12-17 10:03:25,JPM,100.08,2,ASK
2018-12-17 10:03:27,JPM,100.06,13,BID
2018-12-17 10:03:27,JPM,100.08,2,ASK
2018-12-17 10:03:28,JPM,100.06,14,BID
2018-12-17 10:03:28,JPM,100.08,3,ASK
2018-12-17 10:03:29,JPM,100.06,17,BID
2018-12-17 10:03:29,JPM,100.08,5,ASK
2018-12-17 10:03:30,JPM,100.05,7,BID
2018-12-17 10:03:30,JPM,100.06,7,ASK
2018-12-17 10:03:30,JPM,100.05,9,BID
2018-12-17 10:03:30,JPM,100.06,7,ASK
