timestamp,ticker,price,volume,bid_ask
2018-12-17 09:40:34,KO,49.11,9,BID
2018-12-17 09:40:34,KO,49.12,21,ASK
2018-12-17 09:40:36,KO,49.11,10,BID
2018-12-17 09:40:36,KO,49.12,21,ASK
2018-12-17 09:40:38,KO,49.1,11,BID
2018-12-17 09:40:38,KO,49.11,17,ASK
2018-12-17 09:40:38,KO,49.1,10,BID
2018-12-17 09:40:38,KO,49.11,20,ASK
2018-12-17 09:40:38,KO,49.1,10,BID
2018-12-17 09:40:38,KO,49.11,20,ASK
2018-12-17 09:40:41,KO,49.11,24,BID
2018-12-17 09:40:41,KO,49.12,14,ASK
2018-12-17 09:40:41,KO,49.11,23,BID
2018-12-17 09:40:41,KO,49.12,14,ASK
2018-12-17 09:40:41,KO,49.11,23,BID
2018-12-17 09:40:42,KO,49.12,13,ASK
2018-12-17 09:40:41,KO,49.11,23,BID
2018-12-17 09:40:44,KO,49.12,13,ASK
2018-12-17 09:40:41,KO,49.11,22,BID
2018-12-17 09:40:44,KO,49.12,13,ASK
2018-12-17 09:40:41,KO,49.11,22,BID
2018-12-17 09:40:46,KO,49.12,13,ASK
2018-12-17 09:40:47,KO,49.12,19,BID
2018-12-17 09:40:47,KO,49.12,11,ASK
2018-12-17 09:40:47,KO,49.12,16,BID
2018-12-17 09:40:47,KO,49.13,16,ASK
2018-12-17 09:40:40,KO,49.1,15,BID
2018-12-17 09:40:48,KO,49.11,24,ASK
2018-12-17 09:40:40,KO,49.1,15,BID
2018-12-17 09:40:48,KO,49.11,27,ASK
2018-12-17 09:40:40,KO,49.1,15,BID
2018-12-17 09:40:48,KO,49.11,22,ASK
2018-12-17 09:40:40,KO,49.1,15,BID
2018-12-17 09:40:48,KO,49.11,23,ASK
2018-12-17 09:40:52,KO,49.1,9,BID
2018-12-17 09:40:48,KO,49.11,32,ASK
2018-12-17 09:40:54,KO,49.09,8,BID
2018-12-17 09:40:54,KO,49.1,30,ASK
2018-12-17 09:40:54,KO,49.09,7,BID
2018-12-17 09:40:54,KO,49.1,28,ASK
2018-12-17 09:40:55,KO,49.08,4,BID
2018-12-17 09:40:55,KO,49.09,27,ASK
2018-12-17 09:40:56,KO,49.07,5,BID
2018-12-17 09:40:56,KO,49.08,15,ASK
2018-12-17 09:40:57,KO,49.07,9,BID
2018-12-17 09:40:57,KO,49.08,12,ASK
2018-12-17 09:40:58,KO,49.07,10,BID
2018-12-17 09:40:58,KO,49.08,22,ASK
2018-12-17 09:40:58,KO,49.07,10,BID
2018-12-17 09:40:58,KO,49.08,22,ASK
2018-12-17 09:41:01,KO,49.06,9,BID
2018-12-17 09:41:00,KO,49.07,14,ASK
2018-12-17 09:41:01,KO,49.06,9,BID
2018-12-17 09:41:00,KO,49.07,14,ASK
2018-12-17 09:41:02,KO,49.07,21,BID
2018-12-17 09:41:02,KO,49.08,19,ASK
2018-12-17 09:41:03,KO,49.07,21,BID
2018-12-17 09:41:03,KO,49.08,20,ASK
2018-12-17 09:41:05,KO,49.08,22,BID
2018-12-17 09:40:55,KO,49.09,21,ASK
2018-12-17 09:41:05,KO,49.08,20,BID
2018-12-17 09:40:55,KO,49.09,18,ASK
2018-12-17 09:41:06,KO,49.08,20,BID
2018-12-17 09:41:06,KO,49.09,20,ASK
2018-12-17 09:41:06,KO,49.08,24,BID
2018-12-17 09:41:07,KO,49.09,20,ASK
2018-12-17 09:41:06,KO,49.08,19,BID
2018-12-17 09:41:07,KO,49.09,22,ASK
2018-12-17 09:41:06,KO,49.08,19,BID
2018-12-17 09:41:07,KO,49.09,22,ASK
2018-12-17 09:41:06,KO,49.08,19,BID
2018-12-17 09:41:07,KO,49.09,22,ASK
2018-12-17 09:41:11,KO,49.08,18,BID
2018-12-17 09:41:11,KO,49.09,29,ASK
2018-12-17 09:41:02,KO,49.07,26,BID
2018-12-17 09:41:12,KO,49.08,18,ASK
2018-12-17 09:41:12,KO,49.07,18,BID
2018-12-17 09:41:12,KO,49.08,15,ASK
2018-12-17 09:41:14,KO,49.06,15,BID
2018-12-17 09:41:14,KO,49.07,21,ASK
2018-12-17 09:41:15,KO,49.06,13,BID
2018-12-17 09:41:15,KO,49.07,22,ASK
2018-12-17 09:41:16,KO,49.06,14,BID
2018-12-17 09:41:16,KO,49.07,22,ASK
2018-12-17 09:41:17,KO,49.07,23,BID
2018-12-17 09:41:12,KO,49.08,35,ASK
2018-12-17 09:41:18,KO,49.07,13,BID
2018-12-17 09:41:12,KO,49.08,35,ASK
2018-12-17 09:41:19,KO,49.07,11,BID
2018-12-17 09:41:12,KO,49.08,37,ASK
2018-12-17 09:41:20,KO,49.07,11,BID
2018-12-17 09:41:12,KO,49.08,37,ASK
2018-12-17 09:41:22,KO,49.07,12,BID
2018-12-17 09:41:12,KO,49.08,37,ASK
2018-12-17 09:41:22,KO,49.07,12,BID
2018-12-17 09:41:12,KO,49.08,37,ASK
2018-12-17 09:41:23,KO,49.07,14,BID
2018-12-17 09:41:12,KO,49.08,37,ASK
2018-12-17 09:41:25,KO,49.07,25,BID
2018-12-17 09:41:24,KO,49.08,24,ASK
2018-12-17 09:41:25,KO,49.07,26,BID
2018-12-17 09:41:24,KO,49.08,24,ASK
2018-12-17 09:41:25,KO,49.07,27,BID
2018-12-17 09:41:24,KO,49.08,24,ASK
2018-12-17 09:41:28,KO,49.07,28,BID
2018-12-17 09:41:27,KO,49.08,23,ASK
2018-12-17 09:41:28,KO,49.07,32,BID
2018-12-17 09:41:29,KO,49.08,19,ASK
2018-12-17 09:41:28,KO,49.07,31,BID
2018-12-17 09:41:30,KO,49.08,22,ASK
2018-12-17 09:41:28,KO,49.07,27,BID
2018-12-17 09:41:30,KO,49.08,24,ASK
2018-12-17 09:41:28,KO,49.07,24,BID
2018-12-17 09:41:30,KO,49.08,25,ASK
2018-12-17 09:41:32,KO,49.07,16,BID
2018-12-17 09:41:30,KO,49.08,29,ASK
2018-12-17 09:41:16,KO,49.06,19,BID
2018-12-17 09:41:34,KO,49.07,14,ASK
2018-12-17 09:41:35,KO,49.06,19,BID
2018-12-17 09:41:35,KO,49.07,13,ASK
2018-12-17 09:41:35,KO,49.06,22,BID
2018-12-17 09:41:35,KO,49.07,12,ASK
2018-12-17 09:41:37,KO,49.06,25,BID
2018-12-17 09:41:37,KO,49.07,13,ASK
2018-12-17 09:41:37,KO,49.06,19,BID
2018-12-17 09:41:37,KO,49.07,12,ASK
2018-12-17 09:41:37,KO,49.06,21,BID
2018-12-17 09:41:39,KO,49.07,12,ASK
2018-12-17 09:41:37,KO,49.06,19,BID
2018-12-17 09:41:40,KO,49.07,12,ASK
2018-12-17 09:41:37,KO,49.06,19,BID
2018-12-17 09:41:40,KO,49.07,12,ASK
2018-12-17 09:41:37,KO,49.06,16,BID
2018-12-17 09:41:42,KO,49.07,14,ASK
2018-12-17 09:41:37,KO,49.06,16,BID
2018-12-17 09:41:42,KO,49.07,14,ASK
2018-12-17 09:41:37,KO,49.06,16,BID
2018-12-17 09:41:42,KO,49.07,14,ASK
2018-12-17 09:41:37,KO,49.06,16,BID
2018-12-17 09:41:45,KO,49.07,13,ASK
2018-12-17 09:41:37,KO,49.06,16,BID
2018-12-17 09:41:46,KO,49.07,16,ASK
2018-12-17 09:41:37,KO,49.06,18,BID
2018-12-17 09:41:47,KO,49.07,15,ASK
2018-12-17 09:41:37,KO,49.06,19,BID
2018-12-17 09:41:47,KO,49.07,15,ASK
2018-12-17 09:41:37,KO,49.06,40,BID
2018-12-17 09:41:49,KO,49.07,16,ASK
2018-12-17 09:41:49,KO,49.07,16,BID
2018-12-17 09:41:30,KO,49.08,26,ASK
2018-12-17 09:41:49,KO,49.07,16,BID
2018-12-17 09:41:30,KO,49.08,22,ASK
2018-12-17 09:41:52,KO,49.08,25,BID
2018-12-17 09:41:52,KO,49.09,27,ASK
2018-12-17 09:41:52,KO,49.09,38,BID
2018-12-17 09:40:55,KO,49.1,50,ASK
2018-12-17 09:41:49,KO,49.07,37,BID
2018-12-17 09:41:53,KO,49.08,19,ASK
2018-12-17 09:41:49,KO,49.07,33,BID
2018-12-17 09:41:53,KO,49.08,19,ASK
2018-12-17 09:41:54,KO,49.08,24,BID
2018-12-17 09:41:54,KO,49.09,10,ASK
2018-12-17 09:41:55,KO,49.09,12,BID
2018-12-17 09:41:56,KO,49.1,34,ASK
2018-12-17 09:41:55,KO,49.09,16,BID
2018-12-17 09:41:57,KO,49.1,34,ASK
2018-12-17 09:41:58,KO,49.09,7,BID
2018-12-17 09:41:58,KO,49.1,36,ASK
2018-12-17 09:41:58,KO,49.09,6,BID
2018-12-17 09:41:58,KO,49.1,38,ASK
2018-12-17 09:42:01,KO,49.09,21,BID
2018-12-17 09:42:01,KO,49.1,31,ASK
2018-12-17 09:42:02,KO,49.09,38,BID
2018-12-17 09:42:02,KO,49.1,29,ASK
2018-12-17 09:42:02,KO,49.09,25,BID
2018-12-17 09:42:02,KO,49.1,30,ASK
2018-12-17 09:42:02,KO,49.09,25,BID
2018-12-17 09:42:02,KO,49.1,30,ASK
2018-12-17 09:42:02,KO,49.09,29,BID
2018-12-17 09:42:02,KO,49.1,30,ASK
2018-12-17 09:42:02,KO,49.09,29,BID
2018-12-17 09:42:02,KO,49.1,28,ASK
2018-12-17 09:42:02,KO,49.09,34,BID
2018-12-17 09:42:06,KO,49.1,10,ASK
2018-12-17 09:42:02,KO,49.09,30,BID
2018-12-17 09:42:08,KO,49.1,11,ASK
2018-12-17 09:42:02,KO,49.09,27,BID
2018-12-17 09:42:09,KO,49.1,16,ASK
2018-12-17 09:41:54,KO,49.08,26,BID
2018-12-17 09:42:10,KO,49.09,34,ASK
2018-12-17 09:41:54,KO,49.08,32,BID
2018-12-17 09:42:10,KO,49.09,26,ASK
2018-12-17 09:42:12,KO,49.09,11,BID
2018-12-17 09:42:11,KO,49.1,17,ASK
2018-12-17 09:42:12,KO,49.09,12,BID
2018-12-17 09:42:11,KO,49.1,18,ASK
2018-12-17 09:42:13,KO,49.09,14,BID
2018-12-17 09:42:11,KO,49.1,20,ASK
2018-12-17 09:42:13,KO,49.09,14,BID
2018-12-17 09:42:11,KO,49.1,20,ASK
2018-12-17 09:42:13,KO,49.09,15,BID
2018-12-17 09:42:11,KO,49.1,20,ASK
2018-12-17 09:42:13,KO,49.09,15,BID
2018-12-17 09:42:11,KO,49.1,20,ASK
2018-12-17 09:42:13,KO,49.09,15,BID
2018-12-17 09:42:17,KO,49.1,20,ASK
2018-12-17 09:42:19,KO,49.09,16,BID
2018-12-17 09:42:19,KO,49.1,19,ASK
2018-12-17 09:42:19,KO,49.09,16,BID
2018-12-17 09:42:19,KO,49.1,19,ASK
2018-12-17 09:42:20,KO,49.09,12,BID
2018-12-17 09:42:19,KO,49.1,16,ASK
2018-12-17 09:42:21,KO,49.09,23,BID
2018-12-17 09:42:19,KO,49.1,25,ASK
2018-12-17 09:41:54,KO,49.08,27,BID
2018-12-17 09:42:23,KO,49.09,27,ASK
2018-12-17 09:41:54,KO,49.08,33,BID
2018-12-17 09:42:23,KO,49.09,27,ASK
2018-12-17 09:41:54,KO,49.08,29,BID
2018-12-17 09:42:23,KO,49.09,27,ASK
2018-12-17 09:41:54,KO,49.08,34,BID
2018-12-17 09:42:23,KO,49.09,27,ASK
2018-12-17 09:41:54,KO,49.08,34,BID
2018-12-17 09:42:23,KO,49.09,27,ASK
2018-12-17 09:41:54,KO,49.08,33,BID
2018-12-17 09:42:23,KO,49.09,27,ASK
2018-12-17 09:41:54,KO,49.08,33,BID
2018-12-17 09:42:29,KO,49.09,27,ASK
2018-12-17 09:41:54,KO,49.08,27,BID
2018-12-17 09:42:30,KO,49.09,28,ASK
2018-12-17 09:41:54,KO,49.08,25,BID
2018-12-17 09:42:31,KO,49.09,28,ASK
2018-12-17 09:42:32,KO,49.09,20,BID
2018-12-17 09:42:19,KO,49.1,28,ASK
2018-12-17 09:42:33,KO,49.1,36,BID
2018-12-17 09:40:48,KO,49.11,26,ASK
2018-12-17 09:42:33,KO,49.1,28,BID
2018-12-17 09:40:48,KO,49.11,27,ASK
2018-12-17 09:42:35,KO,49.11,10,BID
2018-12-17 09:42:35,KO,49.11,9,ASK
2018-12-17 09:42:35,KO,49.11,33,BID
2018-12-17 09:42:36,KO,49.12,18,ASK
2018-12-17 09:42:37,KO,49.12,29,BID
2018-12-17 09:42:37,KO,49.13,28,ASK
2018-12-17 09:42:38,KO,49.12,23,BID
2018-12-17 09:42:38,KO,49.13,22,ASK
2018-12-17 09:42:39,KO,49.12,25,BID
2018-12-17 09:42:38,KO,49.13,32,ASK
2018-12-17 09:42:40,KO,49.12,18,BID
2018-12-17 09:42:38,KO,49.13,28,ASK
2018-12-17 09:42:40,KO,49.12,28,BID
2018-12-17 09:42:40,KO,49.13,11,ASK
2018-12-17 09:42:41,KO,49.13,12,BID
2018-12-17 09:42:42,KO,49.14,44,ASK
2018-12-17 09:42:41,KO,49.13,12,BID
2018-12-17 09:42:42,KO,49.14,44,ASK
2018-12-17 09:42:41,KO,49.13,12,BID
2018-12-17 09:42:42,KO,49.14,44,ASK
2018-12-17 09:42:41,KO,49.13,12,BID
2018-12-17 09:42:42,KO,49.14,44,ASK
2018-12-17 09:42:46,KO,49.13,12,BID
2018-12-17 09:42:46,KO,49.14,44,ASK
2018-12-17 09:42:47,KO,49.12,23,BID
2018-12-17 09:42:47,KO,49.13,36,ASK
2018-12-17 09:42:48,KO,49.12,17,BID
2018-12-17 09:42:47,KO,49.13,36,ASK
2018-12-17 09:42:48,KO,49.12,17,BID
2018-12-17 09:42:47,KO,49.13,39,ASK
2018-12-17 09:42:50,KO,49.12,9,BID
2018-12-17 09:42:50,KO,49.13,42,ASK
2018-12-17 09:42:50,KO,49.12,9,BID
2018-12-17 09:42:50,KO,49.13,45,ASK
2018-12-17 09:42:50,KO,49.12,9,BID
2018-12-17 09:42:50,KO,49.13,49,ASK
2018-12-17 09:42:50,KO,49.12,10,BID
2018-12-17 09:42:50,KO,49.13,43,ASK
2018-12-17 09:42:50,KO,49.12,10,BID
2018-12-17 09:42:50,KO,49.13,45,ASK
2018-12-17 09:42:50,KO,49.12,11,BID
2018-12-17 09:42:50,KO,49.13,50,ASK
2018-12-17 09:42:50,KO,49.12,12,BID
2018-12-17 09:42:50,KO,49.13,50,ASK
2018-12-17 09:42:50,KO,49.12,12,BID
2018-12-17 09:42:50,KO,49.13,50,ASK
2018-12-17 09:42:50,KO,49.12,11,BID
2018-12-17 09:42:50,KO,49.13,50,ASK
2018-12-17 09:42:50,KO,49.12,11,BID
2018-12-17 09:42:50,KO,49.13,50,ASK
2018-12-17 09:43:00,KO,49.12,21,BID
2018-12-17 09:42:50,KO,49.13,50,ASK
2018-12-17 09:43:00,KO,49.12,21,BID
2018-12-17 09:42:50,KO,49.13,50,ASK
2018-12-17 09:43:00,KO,49.12,21,BID
2018-12-17 09:42:50,KO,49.13,50,ASK
2018-12-17 09:43:03,KO,49.13,36,BID
2018-12-17 09:43:03,KO,49.14,43,ASK
2018-12-17 09:43:04,KO,49.13,35,BID
2018-12-17 09:43:04,KO,49.14,41,ASK
2018-12-17 09:43:05,KO,49.13,23,BID
2018-12-17 09:43:05,KO,49.14,45,ASK
2018-12-17 09:43:06,KO,49.13,20,BID
2018-12-17 09:43:06,KO,49.14,43,ASK
2018-12-17 09:43:07,KO,49.13,20,BID
2018-12-17 09:43:07,KO,49.14,43,ASK
2018-12-17 09:43:08,KO,49.13,21,BID
2018-12-17 09:43:08,KO,49.14,44,ASK
2018-12-17 09:43:09,KO,49.12,24,BID
2018-12-17 09:43:09,KO,49.13,20,ASK
2018-12-17 09:43:10,KO,49.12,21,BID
2018-12-17 09:43:10,KO,49.13,19,ASK
2018-12-17 09:43:10,KO,49.12,21,BID
2018-12-17 09:43:10,KO,49.13,20,ASK
2018-12-17 09:43:11,KO,49.12,21,BID
2018-12-17 09:43:10,KO,49.13,15,ASK
2018-12-17 09:43:13,KO,49.12,23,BID
2018-12-17 09:43:10,KO,49.13,14,ASK
2018-12-17 09:43:14,KO,49.12,22,BID
2018-12-17 09:43:10,KO,49.13,14,ASK
2018-12-17 09:43:15,KO,49.12,19,BID
2018-12-17 09:43:10,KO,49.13,18,ASK
2018-12-17 09:43:16,KO,49.12,20,BID
2018-12-17 09:43:10,KO,49.13,23,ASK
2018-12-17 09:43:17,KO,49.12,20,BID
2018-12-17 09:43:10,KO,49.13,22,ASK
2018-12-17 09:43:18,KO,49.12,19,BID
2018-12-17 09:43:10,KO,49.13,18,ASK
2018-12-17 09:42:33,KO,49.1,30,BID
2018-12-17 09:43:19,KO,49.11,32,ASK
2018-12-17 09:43:19,KO,49.09,15,BID
2018-12-17 09:43:19,KO,49.1,23,ASK
2018-12-17 09:43:19,KO,49.09,17,BID
2018-12-17 09:43:19,KO,49.1,22,ASK
2018-12-17 09:41:54,KO,49.08,36,BID
2018-12-17 09:43:20,KO,49.09,22,ASK
2018-12-17 09:41:52,KO,49.07,34,BID
2018-12-17 09:43:21,KO,49.08,14,ASK
2018-12-17 09:43:21,KO,49.08,32,BID
2018-12-17 09:43:21,KO,49.09,35,ASK
2018-12-17 09:43:21,KO,49.08,21,BID
2018-12-17 09:43:21,KO,49.09,35,ASK
2018-12-17 09:41:52,KO,49.07,34,BID
2018-12-17 09:43:22,KO,49.08,8,ASK
2018-12-17 09:41:52,KO,49.07,31,BID
2018-12-17 09:43:22,KO,49.08,5,ASK
2018-12-17 09:43:23,KO,49.08,12,BID
2018-12-17 09:43:23,KO,49.09,32,ASK
2018-12-17 09:43:24,KO,49.08,12,BID
2018-12-17 09:43:24,KO,49.09,29,ASK
2018-12-17 09:43:25,KO,49.08,12,BID
2018-12-17 09:43:25,KO,49.09,31,ASK
2018-12-17 09:43:26,KO,49.08,11,BID
2018-12-17 09:43:26,KO,49.09,37,ASK
2018-12-17 09:41:52,KO,49.07,31,BID
2018-12-17 09:43:27,KO,49.08,17,ASK
2018-12-17 09:41:52,KO,49.07,32,BID
2018-12-17 09:43:29,KO,49.08,16,ASK
2018-12-17 09:41:52,KO,49.07,30,BID
2018-12-17 09:43:30,KO,49.08,15,ASK
2018-12-17 09:41:52,KO,49.07,30,BID
2018-12-17 09:43:31,KO,49.08,15,ASK
2018-12-17 09:43:32,KO,49.05,9,BID
2018-12-17 09:43:32,KO,49.06,20,ASK
2018-12-17 09:43:34,KO,49.07,24,BID
2018-12-17 09:43:34,KO,49.08,19,ASK
2018-12-17 09:43:34,KO,49.07,29,BID
2018-12-17 09:43:34,KO,49.08,15,ASK
2018-12-17 09:43:34,KO,49.07,20,BID
2018-12-17 09:43:38,KO,49.08,22,ASK
2018-12-17 09:43:34,KO,49.06,19,BID
2018-12-17 09:43:38,KO,49.07,77,ASK
2018-12-17 09:43:39,KO,49.05,6,BID
2018-12-17 09:43:39,KO,49.06,17,ASK
2018-12-17 09:43:39,KO,49.05,6,BID
2018-12-17 09:43:39,KO,49.06,17,ASK
2018-12-17 09:43:40,KO,49.04,12,BID
2018-12-17 09:43:40,KO,49.05,17,ASK
2018-12-17 09:43:41,KO,49.04,11,BID
2018-12-17 09:43:42,KO,49.05,18,ASK
2018-12-17 09:43:43,KO,49.06,13,BID
2018-12-17 09:43:43,KO,49.07,40,ASK
2018-12-17 09:43:46,KO,49.05,21,BID
2018-12-17 09:43:46,KO,49.06,5,ASK
2018-12-17 09:43:47,KO,49.05,20,BID
2018-12-17 09:43:47,KO,49.06,5,ASK
2018-12-17 09:43:48,KO,49.05,20,BID
2018-12-17 09:43:48,KO,49.06,5,ASK
2018-12-17 09:43:49,KO,49.05,20,BID
2018-12-17 09:43:49,KO,49.06,3,ASK
2018-12-17 09:43:50,KO,49.06,40,BID
2018-12-17 09:43:46,KO,49.07,28,ASK
2018-12-17 09:43:50,KO,49.06,40,BID
2018-12-17 09:43:51,KO,49.07,26,ASK
2018-12-17 09:43:50,KO,49.06,40,BID
2018-12-17 09:43:51,KO,49.07,26,ASK
2018-12-17 09:43:50,KO,49.06,44,BID
2018-12-17 09:43:53,KO,49.07,22,ASK
2018-12-17 09:43:50,KO,49.06,41,BID
2018-12-17 09:43:53,KO,49.07,17,ASK
2018-12-17 09:43:50,KO,49.06,46,BID
2018-12-17 09:43:55,KO,49.07,18,ASK
2018-12-17 09:43:56,KO,49.07,35,BID
2018-12-17 09:43:56,KO,49.08,18,ASK
2018-12-17 09:43:57,KO,49.07,38,BID
2018-12-17 09:43:57,KO,49.08,6,ASK
2018-12-17 09:43:58,KO,49.07,34,BID
2018-12-17 09:43:57,KO,49.08,5,ASK
2018-12-17 09:44:00,KO,49.07,38,BID
2018-12-17 09:43:57,KO,49.08,8,ASK
2018-12-17 09:44:00,KO,49.07,38,BID
2018-12-17 09:43:57,KO,49.08,6,ASK
2018-12-17 09:44:01,KO,49.08,11,BID
2018-12-17 09:43:37,KO,49.09,30,ASK
2018-12-17 09:44:02,KO,49.08,19,BID
2018-12-17 09:44:02,KO,49.09,26,ASK
2018-12-17 09:44:03,KO,49.08,22,BID
2018-12-17 09:44:03,KO,49.09,25,ASK
2018-12-17 09:44:04,KO,49.09,17,BID
2018-12-17 09:43:19,KO,49.1,32,ASK
2018-12-17 09:44:04,KO,49.09,12,BID
2018-12-17 09:43:19,KO,49.1,28,ASK
2018-12-17 09:44:04,KO,49.09,12,BID
2018-12-17 09:43:19,KO,49.1,31,ASK
2018-12-17 09:44:06,KO,49.07,37,BID
2018-12-17 09:44:06,KO,49.08,18,ASK
2018-12-17 09:44:07,KO,49.06,28,BID
2018-12-17 09:44:07,KO,49.07,33,ASK
2018-12-17 09:44:07,KO,49.06,11,BID
2018-12-17 09:44:07,KO,49.07,29,ASK
2018-12-17 09:44:07,KO,49.06,11,BID
2018-12-17 09:44:07,KO,49.07,32,ASK
2018-12-17 09:44:07,KO,49.06,13,BID
2018-12-17 09:44:07,KO,49.07,31,ASK
2018-12-17 09:44:11,KO,49.06,14,BID
2018-12-17 09:44:11,KO,49.07,27,ASK
2018-12-17 09:43:42,KO,49.05,14,BID
2018-12-17 09:44:12,KO,49.06,18,ASK
2018-12-17 09:44:14,KO,49.05,24,BID
2018-12-17 09:44:12,KO,49.06,17,ASK
2018-12-17 09:44:14,KO,49.05,21,BID
2018-12-17 09:44:12,KO,49.06,17,ASK
2018-12-17 09:44:14,KO,49.05,16,BID
2018-12-17 09:44:12,KO,49.06,17,ASK
2018-12-17 09:44:14,KO,49.05,16,BID
2018-12-17 09:44:12,KO,49.06,17,ASK
2018-12-17 09:44:14,KO,49.05,22,BID
2018-12-17 09:44:19,KO,49.06,3,ASK
2018-12-17 09:44:14,KO,49.05,20,BID
2018-12-17 09:44:20,KO,49.06,3,ASK
2018-12-17 09:44:20,KO,49.06,22,BID
2018-12-17 09:44:20,KO,49.07,21,ASK
2018-12-17 09:44:21,KO,49.06,22,BID
2018-12-17 09:44:20,KO,49.07,20,ASK
2018-12-17 09:44:22,KO,49.06,23,BID
2018-12-17 09:44:22,KO,49.07,23,ASK
2018-12-17 09:44:24,KO,49.06,28,BID
2018-12-17 09:44:24,KO,49.07,23,ASK
2018-12-17 09:44:24,KO,49.06,26,BID
2018-12-17 09:44:24,KO,49.07,23,ASK
2018-12-17 09:44:24,KO,49.06,26,BID
2018-12-17 09:44:24,KO,49.07,23,ASK
2018-12-17 09:44:26,KO,49.06,26,BID
2018-12-17 09:44:26,KO,49.07,21,ASK
2018-12-17 09:44:28,KO,49.06,25,BID
2018-12-17 09:44:27,KO,49.07,23,ASK
2018-12-17 09:44:28,KO,49.06,23,BID
2018-12-17 09:44:27,KO,49.07,23,ASK
2018-12-17 09:44:30,KO,49.06,23,BID
2018-12-17 09:44:27,KO,49.07,28,ASK
2018-12-17 09:44:31,KO,49.06,24,BID
2018-12-17 09:44:27,KO,49.07,24,ASK
2018-12-17 09:44:31,KO,49.06,24,BID
2018-12-17 09:44:27,KO,49.07,24,ASK
2018-12-17 09:44:31,KO,49.06,24,BID
2018-12-17 09:44:27,KO,49.07,23,ASK
2018-12-17 09:44:34,KO,49.06,25,BID
2018-12-17 09:44:27,KO,49.07,23,ASK
2018-12-17 09:44:35,KO,49.06,23,BID
2018-12-17 09:44:27,KO,49.07,24,ASK
2018-12-17 09:44:35,KO,49.07,12,BID
2018-12-17 09:44:35,KO,49.07,1,ASK
2018-12-17 09:44:35,KO,49.08,22,BID
2018-12-17 09:44:36,KO,49.09,9,ASK
2018-12-17 09:44:37,KO,49.08,18,BID
2018-12-17 09:44:36,KO,49.09,11,ASK
2018-12-17 09:44:38,KO,49.08,17,BID
2018-12-17 09:44:36,KO,49.09,11,ASK
2018-12-17 09:44:39,KO,49.08,13,BID
2018-12-17 09:44:36,KO,49.09,23,ASK
2018-12-17 09:44:41,KO,49.08,22,BID
2018-12-17 09:44:36,KO,49.09,32,ASK
2018-12-17 09:44:41,KO,49.08,27,BID
2018-12-17 09:44:36,KO,49.09,29,ASK
2018-12-17 09:44:43,KO,49.09,19,BID
2018-12-17 09:44:43,KO,49.1,27,ASK
2018-12-17 09:44:43,KO,49.09,25,BID
2018-12-17 09:44:44,KO,49.1,26,ASK
2018-12-17 09:44:44,KO,49.09,7,BID
2018-12-17 09:44:44,KO,49.1,31,ASK
2018-12-17 09:44:44,KO,49.09,7,BID
2018-12-17 09:44:44,KO,49.1,35,ASK
2018-12-17 09:44:46,KO,49.09,5,BID
2018-12-17 09:44:44,KO,49.1,36,ASK
2018-12-17 09:44:46,KO,49.09,5,BID
2018-12-17 09:44:44,KO,49.1,36,ASK
2018-12-17 09:44:46,KO,49.09,16,BID
2018-12-17 09:44:48,KO,49.1,29,ASK
2018-12-17 09:44:49,KO,49.09,21,BID
2018-12-17 09:44:49,KO,49.1,20,ASK
2018-12-17 09:44:41,KO,49.08,23,BID
2018-12-17 09:44:50,KO,49.09,32,ASK
2018-12-17 09:44:41,KO,49.08,22,BID
2018-12-17 09:44:52,KO,49.09,31,ASK
2018-12-17 09:44:41,KO,49.08,22,BID
2018-12-17 09:44:52,KO,49.09,31,ASK
2018-12-17 09:44:41,KO,49.08,22,BID
2018-12-17 09:44:52,KO,49.09,31,ASK
2018-12-17 09:44:41,KO,49.08,23,BID
2018-12-17 09:44:54,KO,49.09,31,ASK
2018-12-17 09:44:41,KO,49.08,22,BID
2018-12-17 09:44:55,KO,49.09,30,ASK
2018-12-17 09:44:41,KO,49.08,19,BID
2018-12-17 09:44:56,KO,49.09,34,ASK
2018-12-17 09:44:57,KO,49.07,16,BID
2018-12-17 09:44:57,KO,49.08,26,ASK
2018-12-17 09:44:59,KO,49.07,17,BID
2018-12-17 09:44:59,KO,49.08,37,ASK
2018-12-17 09:44:59,KO,49.07,17,BID
2018-12-17 09:45:00,KO,49.08,29,ASK
2018-12-17 09:45:00,KO,49.07,21,BID
2018-12-17 09:45:00,KO,49.08,9,ASK
2018-12-17 09:45:00,KO,49.07,41,BID
2018-12-17 09:45:01,KO,49.08,11,ASK
2018-12-17 09:45:00,KO,49.07,37,BID
2018-12-17 09:45:01,KO,49.08,16,ASK
2018-12-17 09:44:35,KO,49.06,38,BID
2018-12-17 09:45:03,KO,49.07,22,ASK
2018-12-17 09:45:03,KO,49.07,5,BID
2018-12-17 09:45:01,KO,49.08,21,ASK
2018-12-17 09:45:06,KO,49.08,41,BID
2018-12-17 09:45:06,KO,49.09,24,ASK
2018-12-17 09:45:07,KO,49.07,11,BID
2018-12-17 09:45:07,KO,49.08,10,ASK
2018-12-17 09:45:07,KO,49.08,6,BID
2018-12-17 09:45:08,KO,49.09,30,ASK
2018-12-17 09:45:07,KO,49.08,6,BID
2018-12-17 09:45:08,KO,49.09,28,ASK
2018-12-17 09:45:07,KO,49.08,6,BID
2018-12-17 09:45:09,KO,49.09,28,ASK
2018-12-17 09:45:07,KO,49.08,6,BID
2018-12-17 09:45:11,KO,49.09,37,ASK
2018-12-17 09:45:07,KO,49.08,8,BID
2018-12-17 09:45:11,KO,49.09,28,ASK
2018-12-17 09:45:12,KO,49.09,21,BID
2018-12-17 09:44:49,KO,49.1,20,ASK
2018-12-17 09:45:13,KO,49.09,12,BID
2018-12-17 09:44:49,KO,49.1,26,ASK
2018-12-17 09:45:15,KO,49.1,20,BID
2018-12-17 09:45:15,KO,49.11,30,ASK
2018-12-17 09:45:16,KO,49.1,18,BID
2018-12-17 09:45:16,KO,49.11,30,ASK
2018-12-17 09:45:16,KO,49.11,18,BID
2018-12-17 09:43:18,KO,49.12,68,ASK
2018-12-17 09:45:16,KO,49.11,17,BID
2018-12-17 09:43:18,KO,49.12,71,ASK
2018-12-17 09:45:16,KO,49.11,19,BID
2018-12-17 09:43:18,KO,49.12,61,ASK
2018-12-17 09:45:19,KO,49.11,25,BID
2018-12-17 09:43:18,KO,49.12,63,ASK
2018-12-17 09:45:19,KO,49.11,19,BID
2018-12-17 09:43:18,KO,49.12,63,ASK
2018-12-17 09:45:19,KO,49.11,19,BID
2018-12-17 09:43:18,KO,49.12,68,ASK
2018-12-17 09:45:19,KO,49.11,20,BID
2018-12-17 09:45:21,KO,49.12,21,ASK
2018-12-17 09:45:19,KO,49.11,27,BID
2018-12-17 09:45:21,KO,49.12,21,ASK
2018-12-17 09:45:19,KO,49.11,19,BID
2018-12-17 09:45:21,KO,49.12,28,ASK
2018-12-17 09:45:24,KO,49.11,18,BID
2018-12-17 09:45:21,KO,49.12,29,ASK
2018-12-17 09:45:25,KO,49.12,21,BID
2018-12-17 09:43:18,KO,49.13,31,ASK
2018-12-17 09:45:26,KO,49.1,14,BID
2018-12-17 09:45:26,KO,49.11,48,ASK
2018-12-17 09:45:13,KO,49.09,17,BID
2018-12-17 09:45:28,KO,49.1,8,ASK
2018-12-17 09:45:13,KO,49.09,15,BID
2018-12-17 09:45:29,KO,49.1,32,ASK
2018-12-17 09:45:31,KO,49.09,15,BID
2018-12-17 09:45:29,KO,49.1,33,ASK
2018-12-17 09:45:32,KO,49.09,12,BID
2018-12-17 09:45:29,KO,49.1,37,ASK
2018-12-17 09:45:12,KO,49.08,18,BID
2018-12-17 09:45:32,KO,49.09,21,ASK
2018-12-17 09:45:34,KO,49.08,8,BID
2018-12-17 09:45:32,KO,49.09,32,ASK
2018-12-17 09:45:34,KO,49.09,35,BID
2018-12-17 09:45:29,KO,49.1,34,ASK
2018-12-17 09:45:35,KO,49.09,31,BID
2018-12-17 09:45:29,KO,49.1,28,ASK
2018-12-17 09:45:35,KO,49.09,27,BID
2018-12-17 09:45:29,KO,49.1,30,ASK
2018-12-17 09:45:36,KO,49.09,12,BID
2018-12-17 09:45:29,KO,49.1,34,ASK
2018-12-17 09:45:36,KO,49.09,12,BID
2018-12-17 09:45:29,KO,49.1,35,ASK
2018-12-17 09:45:36,KO,49.09,18,BID
2018-12-17 09:45:29,KO,49.1,27,ASK
2018-12-17 09:45:36,KO,49.09,14,BID
2018-12-17 09:45:40,KO,49.1,12,ASK
2018-12-17 09:45:36,KO,49.09,14,BID
2018-12-17 09:45:40,KO,49.1,12,ASK
2018-12-17 09:45:36,KO,49.09,13,BID
2018-12-17 09:45:40,KO,49.1,12,ASK
2018-12-17 09:45:36,KO,49.09,13,BID
2018-12-17 09:45:40,KO,49.1,12,ASK
2018-12-17 09:45:36,KO,49.09,18,BID
2018-12-17 09:45:40,KO,49.1,12,ASK
2018-12-17 09:45:34,KO,49.08,18,BID
2018-12-17 09:45:45,KO,49.09,64,ASK
2018-12-17 09:45:46,KO,49.07,26,BID
2018-12-17 09:45:47,KO,49.08,11,ASK
2018-12-17 09:45:48,KO,49.08,13,BID
2018-12-17 09:45:48,KO,49.09,60,ASK
2018-12-17 09:45:46,KO,49.07,24,BID
2018-12-17 09:45:48,KO,49.08,8,ASK
2018-12-17 09:45:50,KO,49.07,22,BID
2018-12-17 09:45:48,KO,49.08,19,ASK
2018-12-17 09:45:03,KO,49.06,29,BID
2018-12-17 09:45:51,KO,49.07,19,ASK
2018-12-17 09:45:51,KO,49.05,15,BID
2018-12-17 09:45:51,KO,49.06,25,ASK
2018-12-17 09:45:53,KO,49.05,11,BID
2018-12-17 09:45:51,KO,49.06,31,ASK
2018-12-17 09:43:42,KO,49.04,16,BID
2018-12-17 09:45:54,KO,49.05,3,ASK
2018-12-17 09:43:42,KO,49.04,15,BID
2018-12-17 09:45:54,KO,49.05,25,ASK
2018-12-17 09:43:42,KO,49.04,18,BID
2018-12-17 09:45:55,KO,49.05,29,ASK
2018-12-17 09:45:57,KO,49.04,17,BID
2018-12-17 09:45:55,KO,49.05,33,ASK
2018-12-17 09:45:57,KO,49.04,20,BID
2018-12-17 09:45:57,KO,49.05,29,ASK
2018-12-17 09:45:57,KO,49.04,20,BID
2018-12-17 09:45:59,KO,49.05,28,ASK
2018-12-17 09:46:00,KO,49.05,38,BID
2018-12-17 09:45:51,KO,49.06,26,ASK
2018-12-17 09:46:00,KO,49.05,21,BID
2018-12-17 09:45:51,KO,49.06,30,ASK
2018-12-17 09:46:00,KO,49.05,21,BID
2018-12-17 09:45:51,KO,49.06,31,ASK
2018-12-17 09:45:57,KO,49.04,18,BID
2018-12-17 09:46:02,KO,49.05,21,ASK
2018-12-17 09:46:03,KO,49.04,28,BID
2018-12-17 09:46:03,KO,49.05,13,ASK
2018-12-17 09:46:03,KO,49.04,28,BID
2018-12-17 09:46:03,KO,49.05,14,ASK
2018-12-17 09:46:06,KO,49.04,17,BID
2018-12-17 09:46:03,KO,49.05,21,ASK
2018-12-17 09:46:07,KO,49.03,8,BID
2018-12-17 09:46:07,KO,49.04,21,ASK
2018-12-17 09:46:07,KO,49.03,11,BID
2018-12-17 09:46:07,KO,49.04,24,ASK
2018-12-17 09:46:07,KO,49.03,11,BID
2018-12-17 09:46:07,KO,49.04,24,ASK
2018-12-17 09:46:09,KO,49.03,9,BID
2018-12-17 09:46:07,KO,49.04,24,ASK
2018-12-17 09:46:09,KO,49.03,9,BID
2018-12-17 09:46:07,KO,49.04,24,ASK
2018-12-17 09:46:11,KO,49.03,8,BID
2018-12-17 09:46:07,KO,49.04,24,ASK
2018-12-17 09:46:13,KO,49.03,9,BID
2018-12-17 09:46:13,KO,49.04,33,ASK
2018-12-17 09:46:14,KO,49.03,22,BID
2018-12-17 09:46:13,KO,49.04,30,ASK
2018-12-17 09:46:14,KO,49.03,22,BID
2018-12-17 09:46:15,KO,49.04,20,ASK
2018-12-17 09:46:14,KO,49.03,15,BID
2018-12-17 09:46:15,KO,49.04,28,ASK
2018-12-17 09:46:14,KO,49.03,20,BID
2018-12-17 09:46:15,KO,49.04,22,ASK
2018-12-17 09:46:14,KO,49.03,19,BID
2018-12-17 09:46:15,KO,49.04,22,ASK
2018-12-17 09:46:14,KO,49.03,19,BID
2018-12-17 09:46:15,KO,49.04,23,ASK
2018-12-17 09:46:14,KO,49.03,26,BID
2018-12-17 09:46:15,KO,49.04,15,ASK
2018-12-17 09:46:21,KO,49.04,18,BID
2018-12-17 09:46:21,KO,49.05,25,ASK
2018-12-17 09:46:14,KO,49.03,23,BID
2018-12-17 09:46:22,KO,49.04,9,ASK
2018-12-17 09:46:14,KO,49.03,23,BID
2018-12-17 09:46:23,KO,49.04,7,ASK
2018-12-17 09:46:14,KO,49.03,23,BID
2018-12-17 09:46:23,KO,49.04,9,ASK
2018-12-17 09:46:14,KO,49.03,23,BID
2018-12-17 09:46:25,KO,49.04,8,ASK
2018-12-17 09:46:14,KO,49.03,23,BID
2018-12-17 09:46:25,KO,49.04,8,ASK
2018-12-17 09:46:14,KO,49.03,23,BID
2018-12-17 09:46:25,KO,49.04,8,ASK
2018-12-17 09:46:28,KO,49.03,13,BID
2018-12-17 09:46:28,KO,49.04,15,ASK
2018-12-17 09:46:28,KO,49.03,13,BID
2018-12-17 09:46:29,KO,49.04,15,ASK
2018-12-17 09:46:30,KO,49.03,16,BID
2018-12-17 09:46:30,KO,49.04,16,ASK
2018-12-17 09:46:30,KO,49.03,16,BID
2018-12-17 09:46:31,KO,49.04,15,ASK
2018-12-17 09:46:30,KO,49.03,23,BID
2018-12-17 09:46:31,KO,49.04,1,ASK
2018-12-17 09:46:32,KO,49.04,72,BID
2018-12-17 09:46:21,KO,49.05,18,ASK
2018-12-17 09:46:32,KO,49.04,56,BID
2018-12-17 09:46:32,KO,49.05,7,ASK
2018-12-17 09:46:32,KO,49.04,56,BID
2018-12-17 09:46:32,KO,49.05,9,ASK
2018-12-17 09:46:33,KO,49.04,42,BID
2018-12-17 09:46:33,KO,49.05,12,ASK
2018-12-17 09:46:36,KO,49.04,42,BID
2018-12-17 09:46:33,KO,49.05,12,ASK
2018-12-17 09:46:30,KO,49.03,30,BID
2018-12-17 09:46:38,KO,49.04,22,ASK
2018-12-17 09:46:30,KO,49.03,30,BID
2018-12-17 09:46:38,KO,49.04,22,ASK
2018-12-17 09:46:30,KO,49.03,30,BID
2018-12-17 09:46:38,KO,49.04,22,ASK
2018-12-17 09:46:41,KO,49.03,18,BID
2018-12-17 09:46:41,KO,49.04,25,ASK
2018-12-17 09:46:42,KO,49.03,20,BID
2018-12-17 09:46:41,KO,49.04,22,ASK
2018-12-17 09:46:43,KO,49.03,20,BID
2018-12-17 09:46:41,KO,49.04,21,ASK
2018-12-17 09:46:44,KO,49.03,9,BID
2018-12-17 09:46:41,KO,49.04,24,ASK
2018-12-17 09:46:45,KO,49.03,9,BID
2018-12-17 09:46:41,KO,49.04,23,ASK
2018-12-17 09:46:46,KO,49.03,8,BID
2018-12-17 09:46:41,KO,49.04,27,ASK
2018-12-17 09:46:46,KO,49.03,12,BID
2018-12-17 09:46:41,KO,49.04,20,ASK
2018-12-17 09:46:46,KO,49.03,13,BID
2018-12-17 09:46:41,KO,49.04,15,ASK
2018-12-17 09:46:46,KO,49.03,14,BID
2018-12-17 09:46:41,KO,49.04,17,ASK
2018-12-17 09:46:46,KO,49.03,13,BID
2018-12-17 09:46:41,KO,49.04,17,ASK
2018-12-17 09:46:46,KO,49.03,10,BID
2018-12-17 09:46:41,KO,49.04,26,ASK
2018-12-17 09:46:46,KO,49.03,10,BID
2018-12-17 09:46:41,KO,49.04,26,ASK
2018-12-17 09:46:46,KO,49.03,10,BID
2018-12-17 09:46:41,KO,49.04,21,ASK
2018-12-17 09:46:46,KO,49.03,10,BID
2018-12-17 09:46:41,KO,49.04,23,ASK
2018-12-17 09:46:55,KO,49.02,19,BID
2018-12-17 09:46:55,KO,49.03,12,ASK
2018-12-17 09:46:55,KO,49.02,21,BID
2018-12-17 09:46:55,KO,49.03,12,ASK
2018-12-17 09:46:57,KO,49.02,25,BID
2018-12-17 09:46:57,KO,49.03,8,ASK
2018-12-17 09:46:58,KO,49.03,22,BID
2018-12-17 09:46:41,KO,49.04,19,ASK
2018-12-17 09:46:58,KO,49.03,21,BID
2018-12-17 09:46:41,KO,49.04,26,ASK
2018-12-17 09:46:58,KO,49.03,21,BID
2018-12-17 09:46:41,KO,49.04,28,ASK
2018-12-17 09:46:58,KO,49.03,15,BID
2018-12-17 09:46:41,KO,49.04,26,ASK
2018-12-17 09:46:58,KO,49.03,15,BID
2018-12-17 09:46:41,KO,49.04,26,ASK
2018-12-17 09:47:03,KO,49.04,26,BID
2018-12-17 09:46:33,KO,49.05,21,ASK
2018-12-17 09:46:58,KO,49.03,40,BID
2018-12-17 09:47:03,KO,49.04,11,ASK
2018-12-17 09:46:58,KO,49.03,36,BID
2018-12-17 09:47:05,KO,49.04,12,ASK
2018-12-17 09:46:58,KO,49.03,34,BID
2018-12-17 09:47:06,KO,49.04,12,ASK
2018-12-17 09:46:58,KO,49.03,27,BID
2018-12-17 09:47:06,KO,49.04,31,ASK
2018-12-17 09:46:58,KO,49.03,27,BID
2018-12-17 09:47:06,KO,49.04,31,ASK
2018-12-17 09:46:58,KO,49.02,28,BID
2018-12-17 09:47:09,KO,49.03,11,ASK
2018-12-17 09:47:10,KO,49.03,19,BID
2018-12-17 09:47:06,KO,49.04,32,ASK
2018-12-17 09:46:58,KO,49.02,29,BID
2018-12-17 09:47:11,KO,49.03,17,ASK
2018-12-17 09:47:12,KO,49.03,4,BID
2018-12-17 09:47:12,KO,49.03,1,ASK
2018-12-17 09:47:13,KO,49.02,23,BID
2018-12-17 09:47:13,KO,49.03,19,ASK
2018-12-17 09:47:14,KO,49.02,19,BID
2018-12-17 09:47:14,KO,49.03,19,ASK
2018-12-17 09:47:15,KO,49.02,17,BID
2018-12-17 09:47:15,KO,49.03,20,ASK
2018-12-17 09:47:16,KO,49.02,26,BID
2018-12-17 09:47:16,KO,49.03,17,ASK
2018-12-17 09:47:16,KO,49.02,26,BID
2018-12-17 09:47:16,KO,49.03,6,ASK
2018-12-17 09:47:16,KO,49.02,24,BID
2018-12-17 09:47:18,KO,49.03,35,ASK
2018-12-17 09:47:16,KO,49.02,24,BID
2018-12-17 09:47:18,KO,49.03,30,ASK
2018-12-17 09:47:20,KO,49.02,17,BID
2018-12-17 09:47:18,KO,49.03,33,ASK
2018-12-17 09:47:21,KO,49.02,14,BID
2018-12-17 09:47:18,KO,49.03,37,ASK
2018-12-17 09:47:22,KO,49.02,14,BID
2018-12-17 09:47:18,KO,49.03,36,ASK
2018-12-17 09:47:20,KO,49.01,23,BID
2018-12-17 09:47:23,KO,49.02,29,ASK
2018-12-17 09:47:20,KO,49.01,23,BID
2018-12-17 09:47:24,KO,49.02,28,ASK
2018-12-17 09:47:20,KO,49.01,23,BID
2018-12-17 09:47:24,KO,49.02,28,ASK
2018-12-17 09:47:20,KO,49.01,24,BID
2018-12-17 09:47:26,KO,49.02,28,ASK
2018-12-17 09:47:20,KO,49.01,21,BID
2018-12-17 09:47:27,KO,49.02,28,ASK
2018-12-17 09:47:20,KO,49.01,21,BID
2018-12-17 09:47:28,KO,49.02,26,ASK
2018-12-17 09:47:20,KO,49.01,21,BID
2018-12-17 09:47:28,KO,49.02,25,ASK
2018-12-17 09:47:20,KO,49.01,21,BID
2018-12-17 09:47:28,KO,49.02,28,ASK
2018-12-17 09:47:20,KO,49.01,20,BID
2018-12-17 09:47:28,KO,49.02,24,ASK
2018-12-17 09:47:32,KO,49.02,19,BID
2018-12-17 09:47:18,KO,49.03,29,ASK
2018-12-17 09:47:33,KO,49.02,22,BID
2018-12-17 09:47:18,KO,49.03,27,ASK
2018-12-17 09:47:34,KO,49.03,31,BID
2018-12-17 09:47:06,KO,49.04,21,ASK
2018-12-17 09:47:34,KO,49.03,31,BID
2018-12-17 09:47:06,KO,49.04,18,ASK
2018-12-17 09:47:34,KO,49.03,43,BID
2018-12-17 09:47:06,KO,49.04,18,ASK
2018-12-17 09:47:37,KO,49.04,25,BID
2018-12-17 09:46:37,KO,49.05,17,ASK
2018-12-17 09:47:37,KO,49.04,25,BID
2018-12-17 09:47:38,KO,49.05,23,ASK
2018-12-17 09:47:39,KO,49.04,15,BID
2018-12-17 09:47:39,KO,49.05,24,ASK
2018-12-17 09:47:39,KO,49.04,15,BID
2018-12-17 09:47:39,KO,49.05,24,ASK
2018-12-17 09:47:41,KO,49.04,18,BID
2018-12-17 09:47:39,KO,49.05,39,ASK
2018-12-17 09:47:41,KO,49.04,18,BID
2018-12-17 09:47:39,KO,49.05,35,ASK
2018-12-17 09:47:34,KO,49.03,27,BID
2018-12-17 09:47:43,KO,49.04,17,ASK
2018-12-17 09:47:34,KO,49.03,27,BID
2018-12-17 09:47:43,KO,49.04,17,ASK
2018-12-17 09:47:45,KO,49.03,22,BID
2018-12-17 09:47:45,KO,49.04,19,ASK
2018-12-17 09:47:45,KO,49.03,22,BID
2018-12-17 09:47:46,KO,49.04,16,ASK
2018-12-17 09:47:47,KO,49.03,19,BID
2018-12-17 09:47:47,KO,49.04,16,ASK
2018-12-17 09:47:48,KO,49.03,17,BID
2018-12-17 09:47:48,KO,49.04,22,ASK
2018-12-17 09:47:49,KO,49.02,19,BID
2018-12-17 09:47:49,KO,49.03,24,ASK
2018-12-17 09:47:50,KO,49.02,16,BID
2018-12-17 09:47:49,KO,49.03,21,ASK
2018-12-17 09:47:51,KO,49.02,28,BID
2018-12-17 09:47:49,KO,49.03,18,ASK
2018-12-17 09:47:51,KO,49.02,28,BID
2018-12-17 09:47:49,KO,49.03,23,ASK
2018-12-17 09:47:51,KO,49.02,27,BID
2018-12-17 09:47:49,KO,49.03,23,ASK
2018-12-17 09:47:51,KO,49.02,27,BID
2018-12-17 09:47:49,KO,49.03,23,ASK
2018-12-17 09:47:51,KO,49.02,27,BID
2018-12-17 09:47:49,KO,49.03,23,ASK
2018-12-17 09:47:51,KO,49.02,27,BID
2018-12-17 09:47:49,KO,49.03,23,ASK
2018-12-17 09:47:51,KO,49.02,27,BID
2018-12-17 09:47:49,KO,49.03,12,ASK
2018-12-17 09:47:58,KO,49.03,29,BID
2018-12-17 09:47:58,KO,49.04,19,ASK
2018-12-17 09:47:59,KO,49.03,7,BID
2018-12-17 09:47:59,KO,49.04,30,ASK
2018-12-17 09:48:00,KO,49.03,15,BID
2018-12-17 09:47:59,KO,49.04,27,ASK
2018-12-17 09:48:00,KO,49.03,22,BID
2018-12-17 09:48:01,KO,49.04,19,ASK
2018-12-17 09:48:02,KO,49.03,14,BID
2018-12-17 09:48:01,KO,49.04,24,ASK
2018-12-17 09:48:03,KO,49.03,16,BID
2018-12-17 09:48:01,KO,49.04,21,ASK
2018-12-17 09:48:03,KO,49.03,17,BID
2018-12-17 09:48:01,KO,49.04,21,ASK
2018-12-17 09:48:03,KO,49.03,17,BID
2018-12-17 09:48:01,KO,49.04,21,ASK
2018-12-17 09:48:03,KO,49.03,16,BID
2018-12-17 09:48:01,KO,49.04,26,ASK
2018-12-17 09:48:07,KO,49.03,15,BID
2018-12-17 09:48:01,KO,49.04,29,ASK
2018-12-17 09:47:58,KO,49.02,33,BID
2018-12-17 09:48:08,KO,49.03,15,ASK
2018-12-17 09:48:09,KO,49.03,17,BID
2018-12-17 09:48:01,KO,49.04,31,ASK
2018-12-17 09:47:58,KO,49.02,30,BID
2018-12-17 09:48:10,KO,49.03,11,ASK
2018-12-17 09:47:58,KO,49.02,35,BID
2018-12-17 09:48:12,KO,49.03,11,ASK
2018-12-17 09:47:58,KO,49.02,35,BID
2018-12-17 09:48:12,KO,49.03,11,ASK
2018-12-17 09:47:58,KO,49.02,35,BID
2018-12-17 09:48:13,KO,49.03,12,ASK
2018-12-17 09:48:14,KO,49.03,21,BID
2018-12-17 09:48:14,KO,49.04,31,ASK
2018-12-17 09:48:14,KO,49.03,20,BID
2018-12-17 09:48:14,KO,49.04,32,ASK
2018-12-17 09:48:16,KO,49.03,24,BID
2018-12-17 09:48:14,KO,49.04,33,ASK
2018-12-17 09:48:16,KO,49.03,24,BID
2018-12-17 09:48:14,KO,49.04,34,ASK
2018-12-17 09:48:18,KO,49.03,20,BID
2018-12-17 09:48:14,KO,49.04,31,ASK
2018-12-17 09:48:18,KO,49.03,20,BID
2018-12-17 09:48:14,KO,49.04,28,ASK
2018-12-17 09:48:18,KO,49.03,24,BID
2018-12-17 09:48:14,KO,49.04,26,ASK
2018-12-17 09:48:22,KO,49.03,24,BID
2018-12-17 09:48:14,KO,49.04,29,ASK
2018-12-17 09:48:22,KO,49.03,24,BID
2018-12-17 09:48:14,KO,49.04,29,ASK
2018-12-17 09:48:22,KO,49.03,22,BID
2018-12-17 09:48:14,KO,49.04,30,ASK
2018-12-17 09:48:25,KO,49.04,25,BID
2018-12-17 09:47:41,KO,49.05,35,ASK
2018-12-17 09:48:25,KO,49.04,28,BID
2018-12-17 09:47:41,KO,49.05,35,ASK
2018-12-17 09:48:25,KO,49.04,24,BID
2018-12-17 09:48:26,KO,49.05,27,ASK
2018-12-17 09:48:25,KO,49.04,25,BID
2018-12-17 09:48:26,KO,49.05,25,ASK
2018-12-17 09:48:29,KO,49.05,24,BID
2018-12-17 09:45:51,KO,49.06,31,ASK
2018-12-17 09:48:30,KO,49.05,20,BID
2018-12-17 09:45:51,KO,49.06,21,ASK
2018-12-17 09:48:31,KO,49.05,17,BID
2018-12-17 09:45:51,KO,49.06,26,ASK
2018-12-17 09:48:31,KO,49.05,15,BID
2018-12-17 09:45:51,KO,49.06,23,ASK
2018-12-17 09:48:31,KO,49.05,15,BID
2018-12-17 09:45:51,KO,49.06,23,ASK
2018-12-17 09:48:31,KO,49.05,14,BID
2018-12-17 09:45:51,KO,49.06,23,ASK
2018-12-17 09:48:31,KO,49.05,14,BID
2018-12-17 09:45:51,KO,49.06,23,ASK
2018-12-17 09:48:31,KO,49.05,23,BID
2018-12-17 09:45:51,KO,49.06,20,ASK
2018-12-17 09:48:31,KO,49.05,18,BID
2018-12-17 09:45:51,KO,49.06,21,ASK
2018-12-17 09:48:31,KO,49.05,27,BID
2018-12-17 09:45:51,KO,49.06,18,ASK
2018-12-17 09:48:31,KO,49.05,22,BID
2018-12-17 09:45:51,KO,49.06,18,ASK
2018-12-17 09:48:31,KO,49.05,23,BID
2018-12-17 09:45:51,KO,49.06,18,ASK
2018-12-17 09:48:31,KO,49.05,23,BID
2018-12-17 09:45:51,KO,49.06,19,ASK
2018-12-17 09:48:31,KO,49.05,21,BID
2018-12-17 09:48:42,KO,49.06,25,ASK
2018-12-17 09:48:31,KO,49.05,21,BID
2018-12-17 09:48:42,KO,49.06,20,ASK
2018-12-17 09:48:31,KO,49.05,18,BID
2018-12-17 09:48:42,KO,49.06,26,ASK
2018-12-17 09:48:31,KO,49.05,27,BID
2018-12-17 09:48:44,KO,49.06,13,ASK
2018-12-17 09:48:31,KO,49.05,29,BID
2018-12-17 09:48:44,KO,49.06,13,ASK
2018-12-17 09:48:31,KO,49.05,20,BID
2018-12-17 09:48:44,KO,49.06,25,ASK
2018-12-17 09:48:48,KO,49.05,29,BID
2018-12-17 09:48:44,KO,49.06,22,ASK
2018-12-17 09:48:48,KO,49.05,29,BID
2018-12-17 09:48:44,KO,49.06,22,ASK
2018-12-17 09:48:50,KO,49.05,12,BID
2018-12-17 09:48:44,KO,49.06,25,ASK
2018-12-17 09:48:50,KO,49.05,15,BID
2018-12-17 09:48:44,KO,49.06,22,ASK
2018-12-17 09:48:50,KO,49.05,16,BID
2018-12-17 09:48:44,KO,49.06,26,ASK
2018-12-17 09:48:50,KO,49.05,34,BID
2018-12-17 09:48:53,KO,49.06,7,ASK
2018-12-17 09:48:50,KO,49.05,39,BID
2018-12-17 09:48:53,KO,49.06,7,ASK
2018-12-17 09:48:50,KO,49.05,40,BID
2018-12-17 09:48:55,KO,49.06,10,ASK
2018-12-17 09:48:50,KO,49.05,50,BID
2018-12-17 09:48:56,KO,49.06,9,ASK
2018-12-17 09:48:57,KO,49.06,21,BID
2018-12-17 09:48:57,KO,49.07,20,ASK
2018-12-17 09:48:57,KO,49.07,16,BID
2018-12-17 09:45:48,KO,49.08,23,ASK
2018-12-17 09:48:58,KO,49.07,40,BID
2018-12-17 09:48:58,KO,49.08,9,ASK
2018-12-17 09:48:58,KO,49.07,43,BID
2018-12-17 09:48:59,KO,49.08,9,ASK
2018-12-17 09:49:00,KO,49.08,24,BID
2018-12-17 09:49:01,KO,49.09,20,ASK
2018-12-17 09:49:01,KO,49.09,26,BID
2018-12-17 09:45:41,KO,49.1,20,ASK
2018-12-17 09:49:02,KO,49.1,8,BID
2018-12-17 09:45:26,KO,49.11,43,ASK
2018-12-17 09:49:02,KO,49.1,13,BID
2018-12-17 09:49:02,KO,49.11,34,ASK
2018-12-17 09:49:02,KO,49.1,13,BID
2018-12-17 09:49:03,KO,49.11,40,ASK
2018-12-17 09:49:02,KO,49.1,14,BID
2018-12-17 09:49:03,KO,49.11,40,ASK
2018-12-17 09:49:04,KO,49.1,24,BID
2018-12-17 09:49:05,KO,49.11,15,ASK
2018-12-17 09:49:04,KO,49.1,23,BID
2018-12-17 09:49:05,KO,49.11,13,ASK
2018-12-17 09:49:06,KO,49.1,14,BID
2018-12-17 09:49:05,KO,49.11,19,ASK
2018-12-17 09:49:07,KO,49.1,27,BID
2018-12-17 09:49:08,KO,49.11,19,ASK
2018-12-17 09:49:09,KO,49.1,15,BID
2018-12-17 09:49:08,KO,49.11,22,ASK
2018-12-17 09:49:09,KO,49.1,15,BID
2018-12-17 09:49:08,KO,49.11,33,ASK
2018-12-17 09:49:09,KO,49.1,16,BID
2018-12-17 09:49:08,KO,49.11,32,ASK
2018-12-17 09:49:12,KO,49.1,17,BID
2018-12-17 09:49:09,KO,49.11,33,ASK
2018-12-17 09:49:12,KO,49.1,11,BID
2018-12-17 09:49:09,KO,49.11,29,ASK
2018-12-17 09:49:12,KO,49.1,18,BID
2018-12-17 09:49:15,KO,49.11,18,ASK
2018-12-17 09:49:16,KO,49.1,17,BID
2018-12-17 09:49:15,KO,49.11,25,ASK
2018-12-17 09:49:18,KO,49.1,19,BID
2018-12-17 09:49:15,KO,49.11,21,ASK
2018-12-17 09:49:19,KO,49.1,17,BID
2018-12-17 09:49:15,KO,49.11,23,ASK
2018-12-17 09:49:19,KO,49.09,22,BID
2018-12-17 09:49:19,KO,49.1,26,ASK
2018-12-17 09:49:00,KO,49.08,21,BID
2018-12-17 09:49:20,KO,49.09,24,ASK
2018-12-17 09:49:00,KO,49.08,21,BID
2018-12-17 09:49:20,KO,49.09,18,ASK
2018-12-17 09:49:00,KO,49.08,21,BID
2018-12-17 09:49:20,KO,49.09,17,ASK
2018-12-17 09:49:00,KO,49.08,21,BID
2018-12-17 09:49:20,KO,49.09,16,ASK
2018-12-17 09:49:00,KO,49.08,21,BID
2018-12-17 09:49:20,KO,49.09,16,ASK
2018-12-17 09:49:00,KO,49.08,22,BID
2018-12-17 09:49:20,KO,49.09,15,ASK
2018-12-17 09:49:00,KO,49.08,23,BID
2018-12-17 09:49:20,KO,49.09,16,ASK
2018-12-17 09:49:24,KO,49.08,10,BID
2018-12-17 09:49:20,KO,49.09,23,ASK
2018-12-17 09:49:25,KO,49.08,11,BID
2018-12-17 09:49:20,KO,49.09,25,ASK
2018-12-17 09:49:26,KO,49.08,25,BID
2018-12-17 09:49:20,KO,49.09,23,ASK
2018-12-17 09:49:27,KO,49.09,28,BID
2018-12-17 09:49:26,KO,49.1,19,ASK
2018-12-17 09:49:27,KO,49.09,35,BID
2018-12-17 09:49:26,KO,49.1,14,ASK
2018-12-17 09:49:26,KO,49.08,51,BID
2018-12-17 09:49:27,KO,49.09,39,ASK
2018-12-17 09:49:26,KO,49.08,51,BID
2018-12-17 09:49:27,KO,49.09,37,ASK
2018-12-17 09:49:26,KO,49.08,51,BID
2018-12-17 09:49:27,KO,49.09,37,ASK
2018-12-17 09:49:26,KO,49.08,49,BID
2018-12-17 09:49:27,KO,49.09,38,ASK
2018-12-17 09:49:26,KO,49.08,29,BID
2018-12-17 09:49:29,KO,49.09,43,ASK
2018-12-17 09:48:58,KO,49.07,39,BID
2018-12-17 09:49:30,KO,49.08,31,ASK
2018-12-17 09:49:32,KO,49.08,24,BID
2018-12-17 09:49:32,KO,49.09,72,ASK
2018-12-17 09:49:33,KO,49.08,20,BID
2018-12-17 09:49:33,KO,49.09,68,ASK
2018-12-17 09:49:33,KO,49.09,11,BID
2018-12-17 09:49:26,KO,49.1,22,ASK
2018-12-17 09:49:34,KO,49.09,26,BID
2018-12-17 09:49:34,KO,49.1,12,ASK
2018-12-17 09:49:36,KO,49.1,21,BID
2018-12-17 09:49:15,KO,49.11,36,ASK
2018-12-17 09:49:37,KO,49.1,18,BID
2018-12-17 09:49:15,KO,49.11,29,ASK
2018-12-17 09:49:34,KO,49.09,31,BID
2018-12-17 09:49:39,KO,49.1,25,ASK
2018-12-17 09:49:39,KO,49.1,22,BID
2018-12-17 09:49:15,KO,49.11,31,ASK
2018-12-17 09:49:39,KO,49.1,25,BID
2018-12-17 09:49:15,KO,49.11,21,ASK
2018-12-17 09:49:45,KO,49.11,42,BID
2018-12-17 09:49:45,KO,49.12,19,ASK
2018-12-17 09:49:45,KO,49.11,21,BID
2018-12-17 09:49:46,KO,49.12,17,ASK
2018-12-17 09:49:45,KO,49.11,21,BID
2018-12-17 09:49:48,KO,49.12,17,ASK
2018-12-17 09:49:50,KO,49.11,19,BID
2018-12-17 09:49:50,KO,49.12,20,ASK
2018-12-17 09:49:51,KO,49.11,23,BID
2018-12-17 09:49:51,KO,49.12,22,ASK
2018-12-17 09:49:52,KO,49.11,22,BID
2018-12-17 09:49:52,KO,49.12,30,ASK
2018-12-17 09:49:53,KO,49.1,22,BID
2018-12-17 09:49:53,KO,49.11,27,ASK
2018-12-17 09:49:54,KO,49.1,20,BID
2018-12-17 09:49:54,KO,49.11,28,ASK
2018-12-17 09:49:55,KO,49.1,19,BID
2018-12-17 09:49:56,KO,49.11,28,ASK
2018-12-17 09:49:56,KO,49.1,16,BID
2018-12-17 09:49:56,KO,49.11,30,ASK
2018-12-17 09:49:56,KO,49.1,16,BID
2018-12-17 09:49:57,KO,49.11,26,ASK
2018-12-17 09:49:56,KO,49.1,16,BID
2018-12-17 09:49:57,KO,49.11,26,ASK
2018-12-17 09:49:56,KO,49.1,16,BID
2018-12-17 09:50:00,KO,49.11,25,ASK
2018-12-17 09:50:01,KO,49.1,17,BID
2018-12-17 09:50:01,KO,49.11,30,ASK
2018-12-17 09:50:01,KO,49.1,14,BID
2018-12-17 09:50:01,KO,49.11,30,ASK
2018-12-17 09:50:03,KO,49.1,15,BID
2018-12-17 09:50:02,KO,49.11,30,ASK
2018-12-17 09:50:04,KO,49.1,15,BID
2018-12-17 09:50:02,KO,49.11,34,ASK
2018-12-17 09:50:05,KO,49.1,15,BID
2018-12-17 09:50:02,KO,49.11,34,ASK
2018-12-17 09:50:06,KO,49.1,14,BID
2018-12-17 09:50:06,KO,49.1,3,ASK
2018-12-17 09:50:06,KO,49.1,25,BID
2018-12-17 09:50:06,KO,49.11,37,ASK
2018-12-17 09:50:08,KO,49.1,25,BID
2018-12-17 09:50:07,KO,49.11,31,ASK
2018-12-17 09:50:08,KO,49.1,19,BID
2018-12-17 09:50:07,KO,49.11,31,ASK
2018-12-17 09:50:08,KO,49.1,19,BID
2018-12-17 09:50:07,KO,49.11,33,ASK
2018-12-17 09:50:11,KO,49.1,16,BID
2018-12-17 09:50:07,KO,49.11,38,ASK
2018-12-17 09:50:11,KO,49.1,13,BID
2018-12-17 09:50:07,KO,49.11,35,ASK
2018-12-17 09:50:12,KO,49.1,13,BID
2018-12-17 09:50:09,KO,49.11,35,ASK
2018-12-17 09:50:14,KO,49.1,27,BID
2018-12-17 09:50:09,KO,49.11,28,ASK
2018-12-17 09:50:14,KO,49.1,21,BID
2018-12-17 09:50:15,KO,49.11,17,ASK
2018-12-17 09:50:14,KO,49.1,25,BID
2018-12-17 09:50:16,KO,49.11,16,ASK
2018-12-17 09:50:14,KO,49.1,25,BID
2018-12-17 09:50:16,KO,49.11,16,ASK
2018-12-17 09:50:14,KO,49.1,25,BID
2018-12-17 09:50:16,KO,49.11,16,ASK
2018-12-17 09:50:14,KO,49.1,22,BID
2018-12-17 09:50:16,KO,49.11,16,ASK
2018-12-17 09:50:20,KO,49.1,17,BID
2018-12-17 09:50:16,KO,49.11,28,ASK
2018-12-17 09:50:21,KO,49.09,43,BID
2018-12-17 09:50:20,KO,49.1,15,ASK
2018-12-17 09:50:21,KO,49.1,22,BID
2018-12-17 09:50:20,KO,49.11,39,ASK
2018-12-17 09:50:21,KO,49.1,15,BID
2018-12-17 09:50:20,KO,49.11,44,ASK
2018-12-17 09:50:24,KO,49.09,36,BID
2018-12-17 09:50:24,KO,49.1,19,ASK
2018-12-17 09:50:24,KO,49.09,39,BID
2018-12-17 09:50:25,KO,49.1,16,ASK
2018-12-17 09:50:24,KO,49.09,39,BID
2018-12-17 09:50:25,KO,49.1,15,ASK
2018-12-17 09:50:24,KO,49.09,39,BID
2018-12-17 09:50:25,KO,49.1,15,ASK
2018-12-17 09:50:24,KO,49.09,36,BID
2018-12-17 09:50:28,KO,49.1,13,ASK
2018-12-17 09:50:29,KO,49.09,41,BID
2018-12-17 09:50:29,KO,49.1,3,ASK
2018-12-17 09:50:29,KO,49.09,41,BID
2018-12-17 09:50:29,KO,49.1,3,ASK
2018-12-17 09:50:31,KO,49.09,39,BID
2018-12-17 09:50:31,KO,49.1,11,ASK
2018-12-17 09:50:31,KO,49.09,43,BID
2018-12-17 09:50:32,KO,49.1,6,ASK
2018-12-17 09:50:31,KO,49.09,43,BID
2018-12-17 09:50:33,KO,49.1,11,ASK
2018-12-17 09:50:31,KO,49.09,39,BID
2018-12-17 09:50:33,KO,49.1,14,ASK
2018-12-17 09:50:35,KO,49.09,34,BID
2018-12-17 09:50:33,KO,49.1,18,ASK
2018-12-17 09:50:36,KO,49.09,34,BID
2018-12-17 09:50:33,KO,49.1,21,ASK
2018-12-17 09:50:37,KO,49.09,34,BID
2018-12-17 09:50:33,KO,49.1,23,ASK
2018-12-17 09:50:38,KO,49.09,33,BID
2018-12-17 09:50:33,KO,49.1,15,ASK
2018-12-17 09:50:39,KO,49.09,33,BID
2018-12-17 09:50:33,KO,49.1,15,ASK
2018-12-17 09:50:40,KO,49.09,33,BID
2018-12-17 09:50:33,KO,49.1,15,ASK
2018-12-17 09:50:41,KO,49.1,12,BID
2018-12-17 09:50:41,KO,49.1,1,ASK
2018-12-17 09:50:42,KO,49.1,10,BID
2018-12-17 09:50:31,KO,49.11,39,ASK
2018-12-17 09:50:43,KO,49.1,13,BID
2018-12-17 09:50:43,KO,49.11,23,ASK
2018-12-17 09:50:43,KO,49.1,12,BID
2018-12-17 09:50:43,KO,49.11,24,ASK
2018-12-17 09:50:43,KO,49.1,12,BID
2018-12-17 09:50:43,KO,49.11,28,ASK
2018-12-17 09:50:46,KO,49.1,64,BID
2018-12-17 09:50:46,KO,49.11,17,ASK
2018-12-17 09:50:46,KO,49.1,45,BID
2018-12-17 09:50:46,KO,49.11,15,ASK
2018-12-17 09:50:48,KO,49.11,16,BID
2018-12-17 09:50:48,KO,49.12,29,ASK
2018-12-17 09:50:49,KO,49.11,38,BID
2018-12-17 09:50:49,KO,49.12,28,ASK
2018-12-17 09:50:50,KO,49.11,36,BID
2018-12-17 09:50:49,KO,49.12,28,ASK
2018-12-17 09:50:51,KO,49.11,34,BID
2018-12-17 09:50:51,KO,49.12,9,ASK
2018-12-17 09:50:52,KO,49.11,34,BID
2018-12-17 09:50:52,KO,49.12,9,ASK
2018-12-17 09:50:53,KO,49.11,41,BID
2018-12-17 09:50:53,KO,49.12,9,ASK
2018-12-17 09:50:54,KO,49.11,43,BID
2018-12-17 09:50:54,KO,49.12,12,ASK
2018-12-17 09:50:55,KO,49.11,39,BID
2018-12-17 09:50:54,KO,49.12,16,ASK
2018-12-17 09:50:55,KO,49.11,39,BID
2018-12-17 09:50:54,KO,49.12,16,ASK
2018-12-17 09:50:55,KO,49.11,27,BID
2018-12-17 09:50:54,KO,49.12,20,ASK
2018-12-17 09:50:58,KO,49.11,24,BID
2018-12-17 09:50:54,KO,49.12,25,ASK
2018-12-17 09:50:59,KO,49.11,11,BID
2018-12-17 09:50:54,KO,49.12,24,ASK
2018-12-17 09:51:00,KO,49.11,15,BID
2018-12-17 09:50:54,KO,49.12,26,ASK
2018-12-17 09:51:00,KO,49.11,29,BID
2018-12-17 09:50:54,KO,49.12,14,ASK
2018-12-17 09:51:00,KO,49.11,28,BID
2018-12-17 09:50:54,KO,49.12,14,ASK
2018-12-17 09:51:00,KO,49.11,26,BID
2018-12-17 09:50:54,KO,49.12,29,ASK
2018-12-17 09:51:00,KO,49.11,23,BID
2018-12-17 09:50:54,KO,49.12,15,ASK
2018-12-17 09:51:00,KO,49.11,21,BID
2018-12-17 09:50:54,KO,49.12,17,ASK
2018-12-17 09:51:00,KO,49.11,30,BID
2018-12-17 09:50:54,KO,49.12,13,ASK
2018-12-17 09:51:00,KO,49.11,20,BID
2018-12-17 09:50:54,KO,49.12,19,ASK
2018-12-17 09:51:00,KO,49.11,20,BID
2018-12-17 09:50:54,KO,49.12,23,ASK
2018-12-17 09:51:00,KO,49.11,18,BID
2018-12-17 09:50:54,KO,49.12,27,ASK
2018-12-17 09:51:10,KO,49.1,26,BID
2018-12-17 09:51:09,KO,49.11,25,ASK
2018-12-17 09:51:10,KO,49.1,30,BID
2018-12-17 09:51:09,KO,49.11,25,ASK
2018-12-17 09:51:10,KO,49.1,36,BID
2018-12-17 09:51:09,KO,49.11,20,ASK
2018-12-17 09:51:10,KO,49.1,38,BID
2018-12-17 09:51:09,KO,49.11,19,ASK
2018-12-17 09:51:10,KO,49.1,38,BID
2018-12-17 09:51:09,KO,49.11,19,ASK
2018-12-17 09:51:10,KO,49.1,29,BID
2018-12-17 09:51:14,KO,49.11,23,ASK
2018-12-17 09:51:15,KO,49.1,13,BID
2018-12-17 09:51:15,KO,49.11,73,ASK
2018-12-17 09:49:39,KO,49.09,38,BID
2018-12-17 09:51:16,KO,49.1,32,ASK
2018-12-17 09:51:17,KO,49.1,15,BID
2018-12-17 09:51:15,KO,49.11,60,ASK
2018-12-17 09:51:18,KO,49.11,25,BID
2018-12-17 09:51:07,KO,49.12,25,ASK
2018-12-17 09:51:18,KO,49.12,26,BID
2018-12-17 09:49:52,KO,49.13,39,ASK
2018-12-17 09:51:18,KO,49.12,26,BID
2018-12-17 09:49:52,KO,49.13,33,ASK
2018-12-17 09:51:18,KO,49.12,32,BID
2018-12-17 09:51:22,KO,49.13,35,ASK
2018-12-17 09:51:18,KO,49.12,33,BID
2018-12-17 09:51:23,KO,49.13,32,ASK
2018-12-17 09:51:24,KO,49.13,17,BID
2018-12-17 09:51:24,KO,49.14,37,ASK
2018-12-17 09:51:24,KO,49.13,16,BID
2018-12-17 09:51:24,KO,49.14,35,ASK
2018-12-17 09:51:24,KO,49.13,14,BID
2018-12-17 09:51:24,KO,49.14,36,ASK
2018-12-17 09:51:24,KO,49.13,15,BID
2018-12-17 09:51:24,KO,49.14,35,ASK
2018-12-17 09:51:24,KO,49.13,16,BID
2018-12-17 09:51:24,KO,49.14,35,ASK
2018-12-17 09:51:24,KO,49.13,17,BID
2018-12-17 09:51:29,KO,49.14,35,ASK
2018-12-17 09:51:24,KO,49.13,15,BID
2018-12-17 09:51:30,KO,49.14,35,ASK
2018-12-17 09:51:24,KO,49.13,34,BID
2018-12-17 09:51:31,KO,49.14,21,ASK
2018-12-17 09:51:31,KO,49.14,45,BID
2018-12-17 09:40:21,KO,49.15,30,ASK
2018-12-17 09:51:32,KO,49.14,12,BID
2018-12-17 09:40:21,KO,49.15,33,ASK
2018-12-17 09:51:32,KO,49.14,15,BID
2018-12-17 09:40:21,KO,49.15,33,ASK
2018-12-17 09:51:31,KO,49.13,36,BID
2018-12-17 09:51:34,KO,49.14,23,ASK
2018-12-17 09:51:36,KO,49.13,19,BID
2018-12-17 09:51:34,KO,49.14,20,ASK
2018-12-17 09:51:36,KO,49.13,18,BID
2018-12-17 09:51:34,KO,49.14,22,ASK
2018-12-17 09:51:36,KO,49.13,17,BID
2018-12-17 09:51:34,KO,49.14,28,ASK
2018-12-17 09:51:36,KO,49.13,19,BID
2018-12-17 09:51:34,KO,49.14,27,ASK
2018-12-17 09:51:40,KO,49.13,15,BID
2018-12-17 09:51:34,KO,49.14,21,ASK
2018-12-17 09:51:41,KO,49.13,18,BID
2018-12-17 09:51:34,KO,49.14,19,ASK
2018-12-17 09:51:42,KO,49.13,20,BID
2018-12-17 09:51:34,KO,49.14,18,ASK
2018-12-17 09:51:43,KO,49.14,10,BID
2018-12-17 09:51:33,KO,49.15,45,ASK
2018-12-17 09:51:43,KO,49.13,31,BID
2018-12-17 09:51:44,KO,49.14,4,ASK
2018-12-17 09:51:45,KO,49.14,8,BID
2018-12-17 09:51:33,KO,49.15,48,ASK
2018-12-17 09:51:46,KO,49.14,13,BID
2018-12-17 09:51:46,KO,49.15,57,ASK
2018-12-17 09:51:47,KO,49.14,7,BID
2018-12-17 09:51:47,KO,49.15,45,ASK
2018-12-17 09:51:48,KO,49.13,18,BID
2018-12-17 09:51:48,KO,49.14,30,ASK
2018-12-17 09:51:49,KO,49.13,19,BID
2018-12-17 09:51:48,KO,49.14,26,ASK
2018-12-17 09:51:50,KO,49.13,21,BID
2018-12-17 09:51:48,KO,49.14,17,ASK
2018-12-17 09:51:51,KO,49.13,18,BID
2018-12-17 09:51:48,KO,49.14,25,ASK
2018-12-17 09:51:51,KO,49.13,17,BID
2018-12-17 09:51:48,KO,49.14,22,ASK
2018-12-17 09:51:53,KO,49.14,7,BID
2018-12-17 09:51:48,KO,49.15,44,ASK
2018-12-17 09:51:51,KO,49.13,25,BID
2018-12-17 09:51:54,KO,49.14,24,ASK
2018-12-17 09:51:51,KO,49.13,26,BID
2018-12-17 09:51:55,KO,49.14,16,ASK
2018-12-17 09:51:51,KO,49.13,25,BID
2018-12-17 09:51:56,KO,49.14,17,ASK
2018-12-17 09:51:51,KO,49.13,26,BID
2018-12-17 09:51:57,KO,49.14,16,ASK
2018-12-17 09:51:51,KO,49.13,25,BID
2018-12-17 09:51:58,KO,49.14,17,ASK
2018-12-17 09:52:00,KO,49.14,5,BID
2018-12-17 09:51:56,KO,49.15,44,ASK
2018-12-17 09:52:00,KO,49.14,3,BID
2018-12-17 09:52:00,KO,49.15,43,ASK
2018-12-17 09:52:01,KO,49.13,43,BID
2018-12-17 09:52:01,KO,49.14,23,ASK
2018-12-17 09:52:01,KO,49.13,40,BID
2018-12-17 09:52:01,KO,49.14,22,ASK
2018-12-17 09:52:01,KO,49.13,38,BID
2018-12-17 09:52:02,KO,49.14,21,ASK
2018-12-17 09:52:04,KO,49.13,13,BID
2018-12-17 09:52:02,KO,49.14,26,ASK
2018-12-17 09:52:05,KO,49.13,9,BID
2018-12-17 09:52:02,KO,49.14,32,ASK
2018-12-17 09:52:05,KO,49.13,12,BID
2018-12-17 09:52:02,KO,49.14,29,ASK
2018-12-17 09:52:07,KO,49.13,12,BID
2018-12-17 09:52:02,KO,49.14,33,ASK
2018-12-17 09:52:08,KO,49.13,10,BID
2018-12-17 09:52:02,KO,49.14,34,ASK
2018-12-17 09:52:08,KO,49.13,10,BID
2018-12-17 09:52:02,KO,49.14,36,ASK
2018-12-17 09:51:24,KO,49.12,33,BID
2018-12-17 09:52:10,KO,49.13,41,ASK
2018-12-17 09:51:24,KO,49.12,31,BID
2018-12-17 09:52:10,KO,49.13,50,ASK
2018-12-17 09:51:24,KO,49.12,30,BID
2018-12-17 09:52:10,KO,49.13,57,ASK
2018-12-17 09:52:13,KO,49.12,30,BID
2018-12-17 09:52:10,KO,49.13,57,ASK
2018-12-17 09:52:14,KO,49.12,33,BID
2018-12-17 09:52:10,KO,49.13,62,ASK
2018-12-17 09:52:15,KO,49.12,33,BID
2018-12-17 09:52:10,KO,49.13,60,ASK
2018-12-17 09:52:16,KO,49.12,32,BID
2018-12-17 09:52:10,KO,49.13,58,ASK
2018-12-17 09:52:17,KO,49.12,23,BID
2018-12-17 09:52:10,KO,49.13,59,ASK
2018-12-17 09:52:18,KO,49.12,23,BID
2018-12-17 09:52:10,KO,49.13,60,ASK
2018-12-17 09:52:19,KO,49.11,34,BID
2018-12-17 09:52:19,KO,49.12,33,ASK
2018-12-17 09:52:20,KO,49.11,30,BID
2018-12-17 09:52:20,KO,49.12,49,ASK
2018-12-17 09:52:20,KO,49.11,30,BID
2018-12-17 09:52:20,KO,49.12,49,ASK
2018-12-17 09:52:22,KO,49.11,25,BID
2018-12-17 09:52:22,KO,49.12,49,ASK
2018-12-17 09:52:22,KO,49.11,25,BID
2018-12-17 09:52:23,KO,49.12,49,ASK
2018-12-17 09:52:24,KO,49.11,25,BID
2018-12-17 09:52:24,KO,49.12,47,ASK
2018-12-17 09:52:25,KO,49.11,22,BID
2018-12-17 09:52:25,KO,49.12,62,ASK
2018-12-17 09:52:26,KO,49.11,25,BID
2018-12-17 09:52:25,KO,49.12,61,ASK
2018-12-17 09:52:26,KO,49.11,31,BID
2018-12-17 09:52:25,KO,49.12,58,ASK
2018-12-17 09:52:26,KO,49.11,33,BID
2018-12-17 09:52:25,KO,49.12,58,ASK
2018-12-17 09:52:26,KO,49.11,31,BID
2018-12-17 09:52:25,KO,49.12,57,ASK
2018-12-17 09:52:26,KO,49.11,22,BID
2018-12-17 09:52:25,KO,49.12,52,ASK
2018-12-17 09:52:31,KO,49.11,26,BID
2018-12-17 09:52:25,KO,49.12,52,ASK
2018-12-17 09:52:31,KO,49.11,28,BID
2018-12-17 09:52:25,KO,49.12,53,ASK
2018-12-17 09:51:17,KO,49.1,23,BID
2018-12-17 09:52:33,KO,49.11,50,ASK
2018-12-17 09:51:17,KO,49.1,21,BID
2018-12-17 09:52:33,KO,49.11,29,ASK
2018-12-17 09:52:35,KO,49.11,11,BID
2018-12-17 09:52:25,KO,49.12,69,ASK
2018-12-17 09:51:17,KO,49.1,23,BID
2018-12-17 09:52:36,KO,49.11,14,ASK
2018-12-17 09:52:37,KO,49.1,19,BID
2018-12-17 09:52:36,KO,49.11,23,ASK
2018-12-17 09:52:39,KO,49.1,19,BID
2018-12-17 09:52:36,KO,49.11,21,ASK
2018-12-17 09:52:39,KO,49.1,19,BID
2018-12-17 09:52:36,KO,49.11,21,ASK
2018-12-17 09:52:40,KO,49.1,18,BID
2018-12-17 09:52:36,KO,49.11,22,ASK
2018-12-17 09:52:41,KO,49.1,18,BID
2018-12-17 09:52:36,KO,49.11,22,ASK
2018-12-17 09:52:42,KO,49.11,27,BID
2018-12-17 09:52:25,KO,49.12,66,ASK
2018-12-17 09:52:43,KO,49.11,30,BID
2018-12-17 09:52:25,KO,49.12,66,ASK
2018-12-17 09:52:43,KO,49.11,30,BID
2018-12-17 09:52:25,KO,49.12,63,ASK
2018-12-17 09:52:43,KO,49.11,27,BID
2018-12-17 09:52:25,KO,49.12,66,ASK
2018-12-17 09:52:43,KO,49.11,22,BID
2018-12-17 09:52:25,KO,49.12,53,ASK
2018-12-17 09:52:43,KO,49.11,22,BID
2018-12-17 09:52:25,KO,49.12,53,ASK
2018-12-17 09:52:43,KO,49.11,22,BID
2018-12-17 09:52:25,KO,49.12,53,ASK
2018-12-17 09:52:43,KO,49.11,22,BID
2018-12-17 09:52:25,KO,49.12,53,ASK
2018-12-17 09:52:43,KO,49.11,33,BID
2018-12-17 09:52:25,KO,49.12,47,ASK
2018-12-17 09:52:51,KO,49.12,29,BID
2018-12-17 09:52:52,KO,49.13,53,ASK
2018-12-17 09:52:52,KO,49.13,35,BID
2018-12-17 09:52:52,KO,49.14,32,ASK
2018-12-17 09:52:52,KO,49.13,33,BID
2018-12-17 09:52:54,KO,49.14,34,ASK
2018-12-17 09:52:52,KO,49.13,35,BID
2018-12-17 09:52:55,KO,49.14,30,ASK
2018-12-17 09:52:56,KO,49.14,27,BID
2018-12-17 09:52:00,KO,49.15,47,ASK
2018-12-17 09:52:56,KO,49.14,24,BID
2018-12-17 09:52:00,KO,49.15,43,ASK
2018-12-17 09:52:57,KO,49.14,23,BID
2018-12-17 09:52:00,KO,49.15,43,ASK
2018-12-17 09:52:57,KO,49.14,23,BID
2018-12-17 09:52:00,KO,49.15,44,ASK
2018-12-17 09:53:00,KO,49.14,25,BID
2018-12-17 09:52:59,KO,49.15,55,ASK
2018-12-17 09:53:00,KO,49.14,26,BID
2018-12-17 09:52:59,KO,49.15,52,ASK
2018-12-17 09:53:01,KO,49.14,27,BID
2018-12-17 09:53:01,KO,49.15,30,ASK
2018-12-17 09:53:01,KO,49.14,27,BID
2018-12-17 09:53:01,KO,49.15,29,ASK
2018-12-17 09:53:01,KO,49.14,25,BID
2018-12-17 09:53:01,KO,49.15,29,ASK
2018-12-17 09:53:01,KO,49.14,28,BID
2018-12-17 09:53:04,KO,49.15,11,ASK
2018-12-17 09:53:01,KO,49.14,28,BID
2018-12-17 09:53:05,KO,49.15,12,ASK
2018-12-17 09:53:01,KO,49.14,33,BID
2018-12-17 09:53:06,KO,49.15,13,ASK
2018-12-17 09:53:07,KO,49.15,23,BID
2018-12-17 09:53:08,KO,49.16,36,ASK
2018-12-17 09:53:07,KO,49.15,21,BID
2018-12-17 09:53:08,KO,49.16,40,ASK
2018-12-17 09:53:01,KO,49.14,30,BID
2018-12-17 09:53:09,KO,49.15,20,ASK
2018-12-17 09:53:01,KO,49.14,30,BID
2018-12-17 09:53:10,KO,49.15,16,ASK
2018-12-17 09:53:11,KO,49.15,35,BID
2018-12-17 09:53:08,KO,49.16,40,ASK
2018-12-17 09:53:12,KO,49.15,21,BID
2018-12-17 09:53:12,KO,49.16,17,ASK
2018-12-17 09:53:12,KO,49.15,15,BID
2018-12-17 09:53:12,KO,49.16,21,ASK
2018-12-17 09:53:12,KO,49.15,15,BID
2018-12-17 09:53:12,KO,49.16,21,ASK
2018-12-17 09:53:12,KO,49.15,15,BID
2018-12-17 09:53:12,KO,49.16,21,ASK
2018-12-17 09:53:12,KO,49.15,20,BID
2018-12-17 09:53:12,KO,49.16,20,ASK
2018-12-17 09:53:12,KO,49.15,21,BID
2018-12-17 09:53:12,KO,49.16,16,ASK
2018-12-17 09:53:18,KO,49.16,8,BID
2018-12-17 09:53:18,KO,49.16,2,ASK
2018-12-17 09:53:18,KO,49.16,27,BID
2018-12-17 09:40:13,KO,49.17,13,ASK
2018-12-17 09:53:18,KO,49.16,27,BID
2018-12-17 09:40:13,KO,49.17,14,ASK
2018-12-17 09:53:18,KO,49.16,27,BID
2018-12-17 09:40:13,KO,49.17,14,ASK
2018-12-17 09:53:21,KO,49.16,16,BID
2018-12-17 09:40:13,KO,49.17,17,ASK
2018-12-17 09:53:23,KO,49.16,9,BID
2018-12-17 09:40:13,KO,49.17,26,ASK
2018-12-17 09:53:23,KO,49.16,9,BID
2018-12-17 09:40:13,KO,49.17,26,ASK
2018-12-17 09:53:12,KO,49.15,22,BID
2018-12-17 09:53:26,KO,49.16,29,ASK
2018-12-17 09:53:12,KO,49.15,19,BID
2018-12-17 09:53:27,KO,49.16,17,ASK
2018-12-17 09:53:01,KO,49.14,34,BID
2018-12-17 09:53:28,KO,49.15,38,ASK
2018-12-17 09:53:01,KO,49.14,24,BID
2018-12-17 09:53:29,KO,49.15,23,ASK
2018-12-17 09:53:01,KO,49.14,20,BID
2018-12-17 09:53:29,KO,49.15,28,ASK
2018-12-17 09:53:30,KO,49.13,36,BID
2018-12-17 09:53:30,KO,49.14,37,ASK
2018-12-17 09:53:30,KO,49.13,36,BID
2018-12-17 09:53:30,KO,49.14,37,ASK
2018-12-17 09:53:30,KO,49.13,33,BID
2018-12-17 09:53:30,KO,49.14,38,ASK
2018-12-17 09:53:33,KO,49.13,23,BID
2018-12-17 09:53:30,KO,49.14,44,ASK
2018-12-17 09:52:51,KO,49.12,29,BID
2018-12-17 09:53:34,KO,49.13,29,ASK
2018-12-17 09:52:50,KO,49.11,27,BID
2018-12-17 09:53:35,KO,49.12,42,ASK
2018-12-17 09:52:50,KO,49.11,22,BID
2018-12-17 09:53:35,KO,49.12,26,ASK
2018-12-17 09:52:50,KO,49.11,22,BID
2018-12-17 09:53:36,KO,49.12,23,ASK
2018-12-17 09:52:50,KO,49.11,22,BID
2018-12-17 09:53:36,KO,49.12,28,ASK
2018-12-17 09:52:50,KO,49.11,22,BID
2018-12-17 09:53:39,KO,49.12,28,ASK
2018-12-17 09:53:40,KO,49.11,32,BID
2018-12-17 09:53:40,KO,49.12,25,ASK
2018-12-17 09:53:40,KO,49.11,33,BID
2018-12-17 09:53:42,KO,49.12,26,ASK
2018-12-17 09:53:40,KO,49.11,39,BID
2018-12-17 09:53:43,KO,49.12,23,ASK
2018-12-17 09:53:40,KO,49.11,34,BID
2018-12-17 09:53:44,KO,49.12,24,ASK
2018-12-17 09:53:40,KO,49.11,30,BID
2018-12-17 09:53:44,KO,49.12,25,ASK
2018-12-17 09:53:40,KO,49.11,29,BID
2018-12-17 09:53:45,KO,49.12,25,ASK
2018-12-17 09:53:46,KO,49.1,36,BID
2018-12-17 09:53:47,KO,49.11,26,ASK
2018-12-17 09:53:48,KO,49.11,13,BID
2018-12-17 09:53:48,KO,49.12,31,ASK
2018-12-17 09:53:48,KO,49.11,9,BID
2018-12-17 09:53:49,KO,49.12,35,ASK
2018-12-17 09:53:50,KO,49.11,6,BID
2018-12-17 09:53:50,KO,49.12,32,ASK
2018-12-17 09:53:51,KO,49.11,11,BID
2018-12-17 09:53:51,KO,49.12,30,ASK
2018-12-17 09:53:51,KO,49.11,26,BID
2018-12-17 09:53:52,KO,49.12,16,ASK
2018-12-17 09:53:51,KO,49.11,24,BID
2018-12-17 09:53:52,KO,49.12,16,ASK
2018-12-17 09:53:51,KO,49.11,16,BID
2018-12-17 09:53:53,KO,49.12,21,ASK
2018-12-17 09:53:51,KO,49.11,18,BID
2018-12-17 09:53:53,KO,49.12,19,ASK
2018-12-17 09:53:51,KO,49.11,16,BID
2018-12-17 09:53:54,KO,49.12,21,ASK
2018-12-17 09:53:51,KO,49.11,16,BID
2018-12-17 09:53:54,KO,49.12,21,ASK
2018-12-17 09:53:46,KO,49.1,45,BID
2018-12-17 09:53:57,KO,49.11,22,ASK
2018-12-17 09:53:58,KO,49.1,19,BID
2018-12-17 09:53:58,KO,49.11,33,ASK
2018-12-17 09:54:00,KO,49.1,22,BID
2018-12-17 09:53:58,KO,49.11,32,ASK
2018-12-17 09:54:00,KO,49.1,22,BID
2018-12-17 09:53:58,KO,49.11,34,ASK
2018-12-17 09:54:00,KO,49.1,22,BID
2018-12-17 09:53:58,KO,49.11,36,ASK
2018-12-17 09:54:00,KO,49.1,22,BID
2018-12-17 09:53:58,KO,49.11,31,ASK
2018-12-17 09:54:04,KO,49.1,32,BID
2018-12-17 09:54:04,KO,49.11,24,ASK
2018-12-17 09:54:05,KO,49.1,19,BID
2018-12-17 09:54:05,KO,49.11,27,ASK
2018-12-17 09:54:05,KO,49.1,32,BID
2018-12-17 09:54:06,KO,49.11,16,ASK
2018-12-17 09:54:05,KO,49.1,30,BID
2018-12-17 09:54:06,KO,49.11,16,ASK
2018-12-17 09:54:07,KO,49.11,12,BID
2018-12-17 09:53:54,KO,49.12,26,ASK
2018-12-17 09:54:08,KO,49.11,17,BID
2018-12-17 09:53:54,KO,49.12,27,ASK
2018-12-17 09:54:08,KO,49.11,21,BID
2018-12-17 09:54:08,KO,49.12,30,ASK
2018-12-17 09:54:08,KO,49.11,23,BID
2018-12-17 09:54:08,KO,49.12,27,ASK
2018-12-17 09:54:08,KO,49.11,22,BID
2018-12-17 09:54:08,KO,49.12,26,ASK
2018-12-17 09:54:11,KO,49.11,14,BID
2018-12-17 09:54:10,KO,49.12,39,ASK
2018-12-17 09:54:11,KO,49.11,20,BID
2018-12-17 09:54:11,KO,49.12,38,ASK
2018-12-17 09:54:11,KO,49.11,15,BID
2018-12-17 09:54:11,KO,49.12,37,ASK
2018-12-17 09:53:58,KO,49.1,30,BID
2018-12-17 09:54:15,KO,49.11,22,ASK
2018-12-17 09:54:16,KO,49.11,45,BID
2018-12-17 09:54:14,KO,49.12,49,ASK
2018-12-17 09:54:16,KO,49.11,42,BID
2018-12-17 09:54:16,KO,49.12,27,ASK
2018-12-17 09:54:18,KO,49.11,46,BID
2018-12-17 09:54:18,KO,49.12,25,ASK
2018-12-17 09:54:19,KO,49.11,46,BID
2018-12-17 09:54:19,KO,49.12,25,ASK
2018-12-17 09:54:19,KO,49.11,46,BID
2018-12-17 09:54:19,KO,49.12,25,ASK
2018-12-17 09:54:22,KO,49.11,42,BID
2018-12-17 09:54:19,KO,49.12,23,ASK
2018-12-17 09:54:23,KO,49.11,42,BID
2018-12-17 09:54:19,KO,49.12,23,ASK
2018-12-17 09:54:23,KO,49.11,42,BID
2018-12-17 09:54:19,KO,49.12,24,ASK
2018-12-17 09:54:25,KO,49.11,41,BID
2018-12-17 09:54:19,KO,49.12,26,ASK
2018-12-17 09:54:26,KO,49.11,40,BID
2018-12-17 09:54:19,KO,49.12,32,ASK
2018-12-17 09:54:27,KO,49.11,36,BID
2018-12-17 09:54:27,KO,49.12,47,ASK
2018-12-17 09:54:28,KO,49.11,32,BID
2018-12-17 09:54:27,KO,49.12,47,ASK
2018-12-17 09:54:29,KO,49.11,35,BID
2018-12-17 09:54:29,KO,49.12,30,ASK
2018-12-17 09:54:30,KO,49.11,36,BID
2018-12-17 09:54:30,KO,49.12,29,ASK
2018-12-17 09:54:31,KO,49.11,38,BID
2018-12-17 09:54:30,KO,49.12,29,ASK
2018-12-17 09:54:32,KO,49.11,37,BID
2018-12-17 09:54:32,KO,49.12,29,ASK
2018-12-17 09:54:33,KO,49.11,37,BID
2018-12-17 09:54:32,KO,49.12,30,ASK
2018-12-17 09:54:34,KO,49.11,36,BID
2018-12-17 09:54:32,KO,49.12,31,ASK
2018-12-17 09:54:34,KO,49.11,36,BID
2018-12-17 09:54:32,KO,49.12,31,ASK
2018-12-17 09:54:36,KO,49.11,48,BID
2018-12-17 09:54:36,KO,49.12,38,ASK
2018-12-17 09:54:36,KO,49.11,44,BID
2018-12-17 09:54:36,KO,49.12,38,ASK
2018-12-17 09:54:36,KO,49.11,44,BID
2018-12-17 09:54:36,KO,49.12,38,ASK
2018-12-17 09:54:39,KO,49.11,40,BID
2018-12-17 09:54:36,KO,49.12,38,ASK
2018-12-17 09:54:40,KO,49.11,40,BID
2018-12-17 09:54:36,KO,49.12,39,ASK
2018-12-17 09:54:41,KO,49.11,43,BID
2018-12-17 09:54:36,KO,49.12,39,ASK
2018-12-17 09:54:41,KO,49.12,39,BID
2018-12-17 09:54:42,KO,49.13,33,ASK
2018-12-17 09:54:41,KO,49.12,46,BID
2018-12-17 09:54:43,KO,49.13,31,ASK
2018-12-17 09:54:44,KO,49.13,40,BID
2018-12-17 09:54:44,KO,49.14,30,ASK
2018-12-17 09:54:45,KO,49.13,46,BID
2018-12-17 09:54:45,KO,49.14,26,ASK
2018-12-17 09:54:46,KO,49.13,46,BID
2018-12-17 09:54:46,KO,49.14,26,ASK
2018-12-17 09:54:47,KO,49.14,12,BID
2018-12-17 09:54:47,KO,49.15,28,ASK
2018-12-17 09:54:48,KO,49.14,12,BID
2018-12-17 09:54:47,KO,49.15,28,ASK
2018-12-17 09:54:48,KO,49.14,9,BID
2018-12-17 09:54:49,KO,49.15,33,ASK
2018-12-17 09:54:50,KO,49.13,39,BID
2018-12-17 09:54:50,KO,49.14,30,ASK
2018-12-17 09:54:51,KO,49.13,39,BID
2018-12-17 09:54:50,KO,49.14,30,ASK
2018-12-17 09:54:52,KO,49.13,46,BID
2018-12-17 09:54:50,KO,49.14,31,ASK
2018-12-17 09:54:52,KO,49.13,47,BID
2018-12-17 09:54:50,KO,49.14,29,ASK
2018-12-17 09:54:52,KO,49.13,53,BID
2018-12-17 09:54:50,KO,49.14,26,ASK
2018-12-17 09:54:52,KO,49.13,51,BID
2018-12-17 09:54:50,KO,49.14,20,ASK
2018-12-17 09:54:52,KO,49.13,51,BID
2018-12-17 09:54:55,KO,49.14,23,ASK
2018-12-17 09:54:52,KO,49.13,49,BID
2018-12-17 09:54:55,KO,49.14,21,ASK
2018-12-17 09:54:52,KO,49.13,50,BID
2018-12-17 09:54:55,KO,49.14,21,ASK
2018-12-17 09:54:52,KO,49.13,52,BID
2018-12-17 09:54:59,KO,49.14,18,ASK
2018-12-17 09:54:52,KO,49.13,55,BID
2018-12-17 09:55:00,KO,49.14,16,ASK
2018-12-17 09:55:01,KO,49.15,52,BID
2018-12-17 09:55:01,KO,49.15,1,ASK
2018-12-17 09:55:01,KO,49.15,53,BID
2018-12-17 09:55:01,KO,49.16,31,ASK
2018-12-17 09:55:01,KO,49.16,36,BID
2018-12-17 09:55:01,KO,49.17,17,ASK
2018-12-17 09:55:01,KO,49.16,35,BID
2018-12-17 09:55:01,KO,49.17,19,ASK
2018-12-17 09:55:03,KO,49.16,21,BID
2018-12-17 09:55:01,KO,49.17,20,ASK
2018-12-17 09:55:04,KO,49.16,20,BID
2018-12-17 09:55:01,KO,49.17,22,ASK
2018-12-17 09:55:04,KO,49.16,20,BID
2018-12-17 09:55:01,KO,49.17,22,ASK
2018-12-17 09:55:04,KO,49.16,22,BID
2018-12-17 09:55:01,KO,49.17,20,ASK
2018-12-17 09:55:05,KO,49.16,10,BID
2018-12-17 09:55:05,KO,49.17,22,ASK
2018-12-17 09:55:07,KO,49.16,19,BID
2018-12-17 09:55:06,KO,49.17,18,ASK
2018-12-17 09:55:09,KO,49.15,21,BID
2018-12-17 09:55:08,KO,49.16,29,ASK
2018-12-17 09:55:09,KO,49.15,26,BID
2018-12-17 09:55:09,KO,49.16,26,ASK
2018-12-17 09:55:09,KO,49.15,24,BID
2018-12-17 09:55:12,KO,49.16,26,ASK
2018-12-17 09:55:12,KO,49.15,27,BID
2018-12-17 09:55:13,KO,49.16,29,ASK
2018-12-17 09:55:12,KO,49.15,27,BID
2018-12-17 09:55:13,KO,49.16,28,ASK
2018-12-17 09:55:12,KO,49.15,27,BID
2018-12-17 09:55:13,KO,49.16,28,ASK
2018-12-17 09:55:12,KO,49.15,27,BID
2018-12-17 09:55:13,KO,49.16,28,ASK
2018-12-17 09:55:12,KO,49.15,27,BID
2018-12-17 09:55:18,KO,49.16,29,ASK
2018-12-17 09:55:12,KO,49.15,27,BID
2018-12-17 09:55:18,KO,49.16,29,ASK
2018-12-17 09:55:12,KO,49.15,23,BID
2018-12-17 09:55:20,KO,49.16,33,ASK
2018-12-17 09:55:01,KO,49.14,62,BID
2018-12-17 09:55:21,KO,49.15,14,ASK
2018-12-17 09:55:22,KO,49.14,41,BID
2018-12-17 09:55:22,KO,49.15,13,ASK
2018-12-17 09:55:23,KO,49.14,40,BID
2018-12-17 09:55:22,KO,49.15,15,ASK
2018-12-17 09:55:24,KO,49.14,40,BID
2018-12-17 09:55:22,KO,49.15,17,ASK
2018-12-17 09:54:44,KO,49.13,48,BID
2018-12-17 09:55:25,KO,49.14,12,ASK
2018-12-17 09:54:44,KO,49.13,44,BID
2018-12-17 09:55:26,KO,49.14,15,ASK
2018-12-17 09:54:44,KO,49.13,53,BID
2018-12-17 09:55:28,KO,49.14,13,ASK
2018-12-17 09:54:44,KO,49.13,47,BID
2018-12-17 09:55:28,KO,49.14,13,ASK
2018-12-17 09:54:44,KO,49.13,46,BID
2018-12-17 09:55:30,KO,49.14,13,ASK
2018-12-17 09:54:44,KO,49.13,40,BID
2018-12-17 09:55:30,KO,49.14,18,ASK
2018-12-17 09:54:44,KO,49.13,40,BID
2018-12-17 09:55:31,KO,49.14,19,ASK
2018-12-17 09:54:44,KO,49.13,45,BID
2018-12-17 09:55:32,KO,49.14,17,ASK
2018-12-17 09:54:44,KO,49.13,45,BID
2018-12-17 09:55:32,KO,49.14,17,ASK
2018-12-17 09:54:44,KO,49.13,47,BID
2018-12-17 09:55:34,KO,49.14,15,ASK
2018-12-17 09:54:44,KO,49.13,45,BID
2018-12-17 09:55:35,KO,49.14,18,ASK
2018-12-17 09:54:44,KO,49.13,45,BID
2018-12-17 09:55:35,KO,49.14,18,ASK
2018-12-17 09:54:44,KO,49.13,45,BID
2018-12-17 09:55:37,KO,49.14,18,ASK
2018-12-17 09:54:44,KO,49.13,41,BID
2018-12-17 09:55:38,KO,49.14,25,ASK
2018-12-17 09:54:44,KO,49.13,40,BID
2018-12-17 09:55:38,KO,49.14,24,ASK
2018-12-17 09:54:44,KO,49.13,40,BID
2018-12-17 09:55:38,KO,49.14,24,ASK
2018-12-17 09:54:44,KO,49.13,40,BID
2018-12-17 09:55:41,KO,49.14,24,ASK
2018-12-17 09:54:44,KO,49.13,41,BID
2018-12-17 09:55:42,KO,49.14,23,ASK
2018-12-17 09:54:44,KO,49.13,32,BID
2018-12-17 09:55:43,KO,49.13,23,ASK
2018-12-17 09:54:44,KO,49.12,56,BID
2018-12-17 09:55:44,KO,49.13,26,ASK
2018-12-17 09:54:44,KO,49.12,52,BID
2018-12-17 09:55:44,KO,49.13,26,ASK
2018-12-17 09:54:44,KO,49.12,54,BID
2018-12-17 09:55:44,KO,49.13,26,ASK
2018-12-17 09:54:44,KO,49.12,54,BID
2018-12-17 09:55:44,KO,49.13,26,ASK
2018-12-17 09:54:44,KO,49.12,52,BID
2018-12-17 09:55:44,KO,49.13,26,ASK
2018-12-17 09:54:44,KO,49.12,51,BID
2018-12-17 09:55:44,KO,49.13,26,ASK
2018-12-17 09:54:27,KO,49.11,41,BID
2018-12-17 09:55:50,KO,49.12,22,ASK
2018-12-17 09:54:27,KO,49.11,36,BID
2018-12-17 09:55:51,KO,49.12,20,ASK
2018-12-17 09:54:27,KO,49.11,34,BID
2018-12-17 09:55:51,KO,49.12,21,ASK
2018-12-17 09:54:27,KO,49.11,36,BID
2018-12-17 09:55:51,KO,49.12,21,ASK
2018-12-17 09:54:27,KO,49.11,36,BID
2018-12-17 09:55:54,KO,49.12,20,ASK
2018-12-17 09:54:27,KO,49.11,34,BID
2018-12-17 09:55:54,KO,49.12,22,ASK
2018-12-17 09:54:27,KO,49.11,30,BID
2018-12-17 09:55:56,KO,49.12,30,ASK
2018-12-17 09:54:27,KO,49.11,30,BID
2018-12-17 09:55:56,KO,49.12,30,ASK
2018-12-17 09:54:27,KO,49.11,30,BID
2018-12-17 09:55:56,KO,49.12,30,ASK
2018-12-17 09:54:27,KO,49.11,30,BID
2018-12-17 09:56:00,KO,49.12,30,ASK
2018-12-17 09:54:27,KO,49.11,30,BID
2018-12-17 09:56:00,KO,49.12,30,ASK
2018-12-17 09:54:27,KO,49.11,24,BID
2018-12-17 09:56:01,KO,49.12,30,ASK
2018-12-17 09:54:27,KO,49.11,23,BID
2018-12-17 09:56:02,KO,49.12,31,ASK
2018-12-17 09:53:58,KO,49.1,28,BID
2018-12-17 09:56:03,KO,49.11,15,ASK
2018-12-17 09:53:58,KO,49.1,28,BID
2018-12-17 09:56:04,KO,49.11,12,ASK
2018-12-17 09:53:58,KO,49.1,28,BID
2018-12-17 09:56:04,KO,49.11,12,ASK
2018-12-17 09:53:58,KO,49.1,28,BID
2018-12-17 09:56:05,KO,49.11,13,ASK
2018-12-17 09:56:07,KO,49.1,49,BID
2018-12-17 09:56:07,KO,49.11,10,ASK
2018-12-17 09:56:07,KO,49.1,46,BID
2018-12-17 09:56:07,KO,49.11,10,ASK
2018-12-17 09:56:07,KO,49.1,38,BID
2018-12-17 09:56:08,KO,49.11,20,ASK
2018-12-17 09:56:07,KO,49.1,37,BID
2018-12-17 09:56:08,KO,49.11,21,ASK
2018-12-17 09:56:11,KO,49.1,18,BID
2018-12-17 09:56:08,KO,49.11,21,ASK
2018-12-17 09:56:11,KO,49.1,17,BID
2018-12-17 09:56:08,KO,49.11,23,ASK
2018-12-17 09:49:39,KO,49.09,36,BID
2018-12-17 09:56:14,KO,49.1,10,ASK
2018-12-17 09:56:14,KO,49.09,15,BID
2018-12-17 09:56:15,KO,49.1,13,ASK
2018-12-17 09:56:15,KO,49.09,23,BID
2018-12-17 09:56:15,KO,49.1,22,ASK
2018-12-17 09:56:16,KO,49.09,16,BID
2018-12-17 09:56:16,KO,49.1,24,ASK
2018-12-17 09:56:16,KO,49.09,16,BID
2018-12-17 09:56:16,KO,49.1,24,ASK
2018-12-17 09:56:18,KO,49.09,15,BID
2018-12-17 09:56:18,KO,49.1,36,ASK
2018-12-17 09:49:33,KO,49.08,19,BID
2018-12-17 09:56:19,KO,49.09,32,ASK
2018-12-17 09:56:20,KO,49.08,11,BID
2018-12-17 09:56:21,KO,49.09,25,ASK
2018-12-17 09:56:20,KO,49.08,12,BID
2018-12-17 09:56:21,KO,49.09,25,ASK
2018-12-17 09:56:20,KO,49.08,11,BID
2018-12-17 09:56:21,KO,49.09,29,ASK
2018-12-17 09:49:31,KO,49.07,50,BID
2018-12-17 09:56:23,KO,49.08,20,ASK
2018-12-17 09:49:31,KO,49.07,51,BID
2018-12-17 09:56:24,KO,49.08,15,ASK
2018-12-17 09:56:26,KO,49.08,31,BID
2018-12-17 09:56:21,KO,49.09,33,ASK
2018-12-17 09:56:26,KO,49.08,31,BID
2018-12-17 09:56:21,KO,49.09,33,ASK
2018-12-17 09:56:27,KO,49.08,20,BID
2018-12-17 09:56:21,KO,49.09,34,ASK
2018-12-17 09:49:31,KO,49.07,50,BID
2018-12-17 09:56:28,KO,49.08,14,ASK
2018-12-17 09:56:29,KO,49.07,21,BID
2018-12-17 09:56:29,KO,49.08,23,ASK
2018-12-17 09:56:30,KO,49.07,5,BID
2018-12-17 09:56:31,KO,49.08,26,ASK
2018-12-17 09:56:30,KO,49.07,5,BID
2018-12-17 09:56:32,KO,49.08,25,ASK
2018-12-17 09:56:32,KO,49.07,14,BID
2018-12-17 09:56:32,KO,49.08,21,ASK
2018-12-17 09:56:32,KO,49.07,24,BID
2018-12-17 09:56:33,KO,49.08,18,ASK
2018-12-17 09:56:32,KO,49.07,11,BID
2018-12-17 09:56:34,KO,49.08,21,ASK
2018-12-17 09:56:35,KO,49.07,11,BID
2018-12-17 09:56:35,KO,49.08,37,ASK
2018-12-17 09:56:36,KO,49.06,26,BID
2018-12-17 09:56:36,KO,49.07,25,ASK
2018-12-17 09:56:36,KO,49.06,28,BID
2018-12-17 09:56:37,KO,49.07,18,ASK
2018-12-17 09:56:39,KO,49.07,13,BID
2018-12-17 09:56:35,KO,49.08,32,ASK
2018-12-17 09:56:40,KO,49.07,13,BID
2018-12-17 09:56:35,KO,49.08,32,ASK
2018-12-17 09:56:40,KO,49.07,12,BID
2018-12-17 09:56:35,KO,49.08,34,ASK
2018-12-17 09:56:41,KO,49.07,10,BID
2018-12-17 09:56:35,KO,49.08,34,ASK
2018-12-17 09:56:43,KO,49.07,20,BID
2018-12-17 09:56:35,KO,49.08,34,ASK
2018-12-17 09:56:43,KO,49.07,20,BID
2018-12-17 09:56:35,KO,49.08,32,ASK
2018-12-17 09:56:43,KO,49.07,20,BID
2018-12-17 09:56:35,KO,49.08,32,ASK
2018-12-17 09:56:45,KO,49.08,32,BID
2018-12-17 09:56:45,KO,49.09,20,ASK
2018-12-17 09:56:46,KO,49.08,23,BID
2018-12-17 09:56:46,KO,49.09,23,ASK
2018-12-17 09:56:46,KO,49.08,24,BID
2018-12-17 09:56:46,KO,49.09,23,ASK
2018-12-17 09:56:46,KO,49.08,25,BID
2018-12-17 09:56:46,KO,49.09,23,ASK
2018-12-17 09:56:46,KO,49.08,25,BID
2018-12-17 09:56:46,KO,49.09,23,ASK
2018-12-17 09:56:46,KO,49.08,27,BID
2018-12-17 09:56:46,KO,49.09,19,ASK
2018-12-17 09:56:46,KO,49.08,40,BID
2018-12-17 09:56:46,KO,49.09,15,ASK
2018-12-17 09:56:46,KO,49.08,27,BID
2018-12-17 09:56:52,KO,49.09,19,ASK
2018-12-17 09:56:46,KO,49.08,27,BID
2018-12-17 09:56:52,KO,49.09,21,ASK
2018-12-17 09:56:46,KO,49.08,27,BID
2018-12-17 09:56:52,KO,49.09,22,ASK
2018-12-17 09:56:46,KO,49.08,27,BID
2018-12-17 09:56:52,KO,49.09,20,ASK
2018-12-17 09:56:46,KO,49.08,29,BID
2018-12-17 09:56:52,KO,49.09,20,ASK
2018-12-17 09:56:46,KO,49.08,27,BID
2018-12-17 09:56:52,KO,49.09,20,ASK
2018-12-17 09:56:46,KO,49.08,27,BID
2018-12-17 09:56:52,KO,49.09,18,ASK
2018-12-17 09:56:59,KO,49.09,12,BID
2018-12-17 09:56:59,KO,49.1,28,ASK
2018-12-17 09:57:01,KO,49.09,11,BID
2018-12-17 09:57:00,KO,49.1,36,ASK
2018-12-17 09:57:01,KO,49.09,6,BID
2018-12-17 09:57:00,KO,49.1,39,ASK
2018-12-17 09:57:03,KO,49.09,20,BID
2018-12-17 09:57:00,KO,49.1,40,ASK
2018-12-17 09:57:03,KO,49.09,17,BID
2018-12-17 09:57:00,KO,49.1,41,ASK
2018-12-17 09:57:04,KO,49.09,18,BID
2018-12-17 09:57:00,KO,49.1,41,ASK
2018-12-17 09:57:04,KO,49.09,19,BID
2018-12-17 09:57:00,KO,49.1,41,ASK
2018-12-17 09:57:04,KO,49.09,15,BID
2018-12-17 09:57:00,KO,49.1,42,ASK
2018-12-17 09:57:07,KO,49.09,16,BID
2018-12-17 09:57:00,KO,49.1,41,ASK
2018-12-17 09:57:07,KO,49.09,15,BID
2018-12-17 09:57:00,KO,49.1,42,ASK
2018-12-17 09:57:09,KO,49.09,19,BID
2018-12-17 09:57:00,KO,49.1,35,ASK
2018-12-17 09:57:10,KO,49.09,19,BID
2018-12-17 09:57:00,KO,49.1,35,ASK
2018-12-17 09:57:10,KO,49.09,19,BID
2018-12-17 09:57:00,KO,49.1,35,ASK
2018-12-17 09:57:10,KO,49.09,19,BID
2018-12-17 09:57:00,KO,49.1,35,ASK
2018-12-17 09:57:14,KO,49.09,19,BID
2018-12-17 09:57:00,KO,49.1,35,ASK
2018-12-17 09:57:15,KO,49.09,17,BID
2018-12-17 09:56:59,KO,49.1,36,ASK
2018-12-17 09:57:16,KO,49.1,37,BID
2018-12-17 09:57:16,KO,49.11,18,ASK
2018-12-17 09:57:16,KO,49.1,37,BID
2018-12-17 09:57:16,KO,49.11,18,ASK
2018-12-17 09:57:16,KO,49.1,37,BID
2018-12-17 09:57:16,KO,49.11,20,ASK
2018-12-17 09:57:16,KO,49.1,38,BID
2018-12-17 09:57:16,KO,49.11,21,ASK
2018-12-17 09:57:16,KO,49.1,38,BID
2018-12-17 09:57:16,KO,49.11,21,ASK
2018-12-17 09:57:16,KO,49.1,38,BID
2018-12-17 09:57:16,KO,49.11,20,ASK
2018-12-17 09:57:22,KO,49.1,19,BID
2018-12-17 09:57:16,KO,49.11,20,ASK
2018-12-17 09:57:23,KO,49.1,19,BID
2018-12-17 09:57:16,KO,49.11,20,ASK
2018-12-17 09:57:23,KO,49.1,19,BID
2018-12-17 09:57:16,KO,49.11,20,ASK
2018-12-17 09:57:24,KO,49.1,17,BID
2018-12-17 09:57:16,KO,49.11,21,ASK
2018-12-17 09:57:24,KO,49.1,17,BID
2018-12-17 09:57:16,KO,49.11,21,ASK
2018-12-17 09:57:24,KO,49.1,17,BID
2018-12-17 09:57:16,KO,49.11,19,ASK
2018-12-17 09:57:24,KO,49.1,17,BID
2018-12-17 09:57:16,KO,49.11,19,ASK
2018-12-17 09:57:24,KO,49.1,19,BID
2018-12-17 09:57:16,KO,49.11,19,ASK
2018-12-17 09:57:24,KO,49.1,19,BID
2018-12-17 09:57:29,KO,49.11,18,ASK
2018-12-17 09:57:24,KO,49.1,24,BID
2018-12-17 09:57:29,KO,49.11,15,ASK
2018-12-17 09:57:24,KO,49.1,24,BID
2018-12-17 09:57:29,KO,49.11,14,ASK
2018-12-17 09:57:24,KO,49.1,25,BID
2018-12-17 09:57:29,KO,49.11,14,ASK
2018-12-17 09:57:24,KO,49.1,33,BID
2018-12-17 09:57:34,KO,49.11,13,ASK
2018-12-17 09:57:34,KO,49.11,46,BID
2018-12-17 09:57:35,KO,49.12,48,ASK
2018-12-17 09:57:34,KO,49.11,46,BID
2018-12-17 09:57:35,KO,49.12,48,ASK
2018-12-17 09:57:34,KO,49.11,46,BID
2018-12-17 09:57:35,KO,49.12,48,ASK
2018-12-17 09:57:34,KO,49.11,51,BID
2018-12-17 09:57:38,KO,49.12,48,ASK
2018-12-17 09:57:34,KO,49.11,52,BID
2018-12-17 09:57:38,KO,49.12,31,ASK
2018-12-17 09:57:39,KO,49.12,43,BID
2018-12-17 09:57:39,KO,49.13,44,ASK
2018-12-17 09:57:41,KO,49.12,46,BID
2018-12-17 09:57:41,KO,49.13,42,ASK
2018-12-17 09:57:42,KO,49.13,26,BID
2018-12-17 09:55:43,KO,49.14,28,ASK
2018-12-17 09:57:42,KO,49.13,29,BID
2018-12-17 09:57:42,KO,49.14,11,ASK
2018-12-17 09:57:44,KO,49.14,12,BID
2018-12-17 09:57:44,KO,49.15,26,ASK
2018-12-17 09:57:44,KO,49.14,16,BID
2018-12-17 09:57:44,KO,49.15,26,ASK
2018-12-17 09:57:45,KO,49.14,19,BID
2018-12-17 09:57:46,KO,49.15,24,ASK
2018-12-17 09:57:45,KO,49.14,20,BID
2018-12-17 09:57:47,KO,49.15,33,ASK
2018-12-17 09:57:48,KO,49.13,25,BID
2018-12-17 09:57:48,KO,49.14,37,ASK
2018-12-17 09:57:49,KO,49.13,21,BID
2018-12-17 09:57:48,KO,49.14,38,ASK
2018-12-17 09:57:49,KO,49.12,42,BID
2018-12-17 09:57:49,KO,49.13,35,ASK
2018-12-17 09:57:50,KO,49.12,42,BID
2018-12-17 09:57:49,KO,49.13,29,ASK
2018-12-17 09:57:52,KO,49.12,17,BID
2018-12-17 09:57:49,KO,49.13,34,ASK
2018-12-17 09:57:52,KO,49.12,35,BID
2018-12-17 09:57:53,KO,49.13,25,ASK
2018-12-17 09:57:54,KO,49.12,12,BID
2018-12-17 09:57:54,KO,49.13,45,ASK
2018-12-17 09:57:54,KO,49.12,16,BID
2018-12-17 09:57:54,KO,49.13,33,ASK
2018-12-17 09:57:54,KO,49.12,17,BID
2018-12-17 09:57:54,KO,49.13,34,ASK
2018-12-17 09:57:54,KO,49.12,16,BID
2018-12-17 09:57:54,KO,49.13,34,ASK
2018-12-17 09:57:54,KO,49.12,18,BID
2018-12-17 09:57:58,KO,49.13,24,ASK
2018-12-17 09:57:54,KO,49.12,18,BID
2018-12-17 09:57:58,KO,49.13,24,ASK
2018-12-17 09:58:00,KO,49.13,23,BID
2018-12-17 09:57:48,KO,49.14,34,ASK
2018-12-17 09:58:00,KO,49.13,23,BID
2018-12-17 09:57:48,KO,49.14,34,ASK
2018-12-17 09:58:02,KO,49.13,24,BID
2018-12-17 09:57:48,KO,49.14,28,ASK
2018-12-17 09:58:02,KO,49.13,24,BID
2018-12-17 09:57:48,KO,49.14,28,ASK
2018-12-17 09:58:04,KO,49.13,26,BID
2018-12-17 09:58:04,KO,49.14,31,ASK
2018-12-17 09:57:54,KO,49.12,19,BID
2018-12-17 09:58:05,KO,49.13,16,ASK
2018-12-17 09:57:54,KO,49.12,19,BID
2018-12-17 09:58:06,KO,49.13,15,ASK
2018-12-17 09:57:54,KO,49.12,18,BID
2018-12-17 09:58:06,KO,49.13,15,ASK
2018-12-17 09:57:54,KO,49.12,18,BID
2018-12-17 09:58:08,KO,49.13,33,ASK
2018-12-17 09:57:54,KO,49.12,18,BID
2018-12-17 09:58:08,KO,49.13,22,ASK
2018-12-17 09:57:54,KO,49.12,19,BID
2018-12-17 09:58:08,KO,49.13,20,ASK
2018-12-17 09:57:54,KO,49.12,18,BID
2018-12-17 09:58:08,KO,49.13,21,ASK
2018-12-17 09:57:54,KO,49.12,18,BID
2018-12-17 09:58:08,KO,49.13,21,ASK
2018-12-17 09:57:54,KO,49.12,18,BID
2018-12-17 09:58:08,KO,49.13,22,ASK
2018-12-17 09:57:54,KO,49.12,19,BID
2018-12-17 09:58:08,KO,49.13,26,ASK
2018-12-17 09:57:54,KO,49.12,18,BID
2018-12-17 09:58:12,KO,49.13,26,ASK
2018-12-17 09:58:16,KO,49.12,18,BID
2018-12-17 09:58:12,KO,49.13,27,ASK
2018-12-17 09:58:16,KO,49.12,16,BID
2018-12-17 09:58:12,KO,49.13,28,ASK
2018-12-17 09:58:16,KO,49.12,17,BID
2018-12-17 09:58:12,KO,49.13,28,ASK
2018-12-17 09:58:16,KO,49.12,19,BID
2018-12-17 09:58:12,KO,49.13,26,ASK
2018-12-17 09:58:16,KO,49.12,22,BID
2018-12-17 09:58:12,KO,49.13,24,ASK
2018-12-17 09:58:16,KO,49.12,33,BID
2018-12-17 09:58:12,KO,49.13,18,ASK
2018-12-17 09:58:16,KO,49.12,28,BID
2018-12-17 09:58:12,KO,49.13,13,ASK
2018-12-17 09:58:16,KO,49.12,22,BID
2018-12-17 09:58:23,KO,49.13,13,ASK
2018-12-17 09:58:16,KO,49.12,22,BID
2018-12-17 09:58:24,KO,49.13,13,ASK
2018-12-17 09:58:16,KO,49.12,23,BID
2018-12-17 09:58:25,KO,49.13,8,ASK
2018-12-17 09:58:16,KO,49.12,22,BID
2018-12-17 09:58:25,KO,49.13,8,ASK
2018-12-17 09:58:16,KO,49.12,27,BID
2018-12-17 09:58:25,KO,49.13,6,ASK
2018-12-17 09:58:16,KO,49.12,21,BID
2018-12-17 09:58:28,KO,49.13,12,ASK
2018-12-17 09:58:16,KO,49.12,21,BID
2018-12-17 09:58:28,KO,49.13,12,ASK
2018-12-17 09:58:16,KO,49.12,21,BID
2018-12-17 09:58:28,KO,49.13,12,ASK
2018-12-17 09:58:16,KO,49.12,21,BID
2018-12-17 09:58:31,KO,49.13,12,ASK
2018-12-17 09:58:16,KO,49.12,21,BID
2018-12-17 09:58:32,KO,49.13,12,ASK
2018-12-17 09:58:16,KO,49.12,21,BID
2018-12-17 09:58:33,KO,49.13,12,ASK
2018-12-17 09:58:16,KO,49.12,27,BID
2018-12-17 09:58:34,KO,49.13,12,ASK
2018-12-17 09:58:16,KO,49.12,27,BID
2018-12-17 09:58:35,KO,49.13,11,ASK
2018-12-17 09:58:16,KO,49.12,31,BID
2018-12-17 09:58:36,KO,49.13,10,ASK
2018-12-17 09:58:16,KO,49.12,31,BID
2018-12-17 09:58:37,KO,49.13,10,ASK
2018-12-17 09:58:16,KO,49.12,40,BID
2018-12-17 09:58:38,KO,49.13,10,ASK
2018-12-17 09:58:16,KO,49.12,31,BID
2018-12-17 09:58:39,KO,49.13,10,ASK
2018-12-17 09:58:16,KO,49.12,31,BID
2018-12-17 09:58:40,KO,49.13,11,ASK
2018-12-17 09:58:16,KO,49.12,31,BID
2018-12-17 09:58:41,KO,49.13,12,ASK
2018-12-17 09:58:16,KO,49.12,31,BID
2018-12-17 09:58:42,KO,49.13,11,ASK
2018-12-17 09:58:16,KO,49.12,31,BID
2018-12-17 09:58:43,KO,49.13,21,ASK
2018-12-17 09:57:39,KO,49.11,45,BID
2018-12-17 09:58:44,KO,49.12,51,ASK
2018-12-17 09:58:45,KO,49.11,25,BID
2018-12-17 09:58:45,KO,49.12,47,ASK
2018-12-17 09:57:24,KO,49.1,18,BID
2018-12-17 09:58:46,KO,49.11,13,ASK
2018-12-17 09:57:24,KO,49.1,18,BID
2018-12-17 09:58:46,KO,49.11,13,ASK
2018-12-17 09:57:24,KO,49.1,18,BID
2018-12-17 09:58:46,KO,49.11,13,ASK
2018-12-17 09:57:24,KO,49.1,19,BID
2018-12-17 09:58:48,KO,49.11,11,ASK
2018-12-17 09:57:24,KO,49.1,18,BID
2018-12-17 09:58:48,KO,49.11,11,ASK
2018-12-17 09:57:24,KO,49.1,19,BID
2018-12-17 09:58:48,KO,49.11,11,ASK
2018-12-17 09:57:24,KO,49.1,19,BID
2018-12-17 09:58:48,KO,49.11,11,ASK
2018-12-17 09:57:24,KO,49.1,17,BID
2018-12-17 09:58:48,KO,49.11,12,ASK
2018-12-17 09:57:16,KO,49.09,24,BID
2018-12-17 09:58:54,KO,49.1,21,ASK
2018-12-17 09:58:55,KO,49.09,37,BID
2018-12-17 09:58:55,KO,49.1,13,ASK
2018-12-17 09:58:55,KO,49.09,35,BID
2018-12-17 09:58:56,KO,49.1,13,ASK
2018-12-17 09:58:55,KO,49.09,38,BID
2018-12-17 09:58:57,KO,49.1,13,ASK
2018-12-17 09:58:55,KO,49.09,44,BID
2018-12-17 09:58:58,KO,49.1,8,ASK
2018-12-17 09:58:59,KO,49.09,40,BID
2018-12-17 09:58:59,KO,49.1,10,ASK
2018-12-17 09:58:59,KO,49.09,38,BID
2018-12-17 09:58:59,KO,49.1,12,ASK
2018-12-17 09:59:01,KO,49.09,21,BID
2018-12-17 09:59:01,KO,49.1,20,ASK
2018-12-17 09:59:01,KO,49.09,16,BID
2018-12-17 09:59:02,KO,49.1,18,ASK
2018-12-17 09:59:01,KO,49.09,17,BID
2018-12-17 09:59:02,KO,49.1,18,ASK
2018-12-17 09:59:04,KO,49.1,15,BID
2018-12-17 09:58:48,KO,49.11,23,ASK
2018-12-17 09:59:05,KO,49.1,15,BID
2018-12-17 09:58:48,KO,49.11,23,ASK
2018-12-17 09:59:01,KO,49.09,32,BID
2018-12-17 09:59:06,KO,49.1,12,ASK
2018-12-17 09:59:07,KO,49.09,35,BID
2018-12-17 09:59:06,KO,49.1,13,ASK
2018-12-17 09:59:08,KO,49.1,34,BID
2018-12-17 09:58:48,KO,49.11,46,ASK
2018-12-17 09:59:08,KO,49.1,34,BID
2018-12-17 09:58:48,KO,49.11,45,ASK
2018-12-17 09:59:10,KO,49.1,31,BID
2018-12-17 09:58:48,KO,49.11,45,ASK
2018-12-17 09:59:11,KO,49.1,30,BID
2018-12-17 09:58:48,KO,49.11,45,ASK
2018-12-17 09:59:11,KO,49.1,30,BID
2018-12-17 09:58:48,KO,49.11,45,ASK
2018-12-17 09:59:13,KO,49.1,29,BID
2018-12-17 09:58:48,KO,49.11,45,ASK
2018-12-17 09:59:14,KO,49.1,14,BID
2018-12-17 09:58:48,KO,49.11,53,ASK
2018-12-17 09:59:15,KO,49.1,35,BID
2018-12-17 09:59:05,KO,49.11,52,ASK
2018-12-17 09:59:15,KO,49.1,40,BID
2018-12-17 09:59:15,KO,49.11,31,ASK
2018-12-17 09:59:15,KO,49.1,39,BID
2018-12-17 09:59:15,KO,49.11,32,ASK
2018-12-17 09:59:15,KO,49.1,39,BID
2018-12-17 09:59:15,KO,49.11,31,ASK
2018-12-17 09:59:15,KO,49.1,38,BID
2018-12-17 09:59:15,KO,49.11,31,ASK
2018-12-17 09:59:15,KO,49.1,37,BID
2018-12-17 09:59:15,KO,49.11,32,ASK
2018-12-17 09:59:21,KO,49.1,39,BID
2018-12-17 09:59:15,KO,49.11,32,ASK
2018-12-17 09:59:22,KO,49.1,45,BID
2018-12-17 09:59:22,KO,49.11,25,ASK
2018-12-17 09:59:23,KO,49.1,43,BID
2018-12-17 09:59:23,KO,49.11,31,ASK
2018-12-17 09:59:24,KO,49.1,46,BID
2018-12-17 09:59:24,KO,49.11,32,ASK
2018-12-17 09:59:25,KO,49.11,48,BID
2018-12-17 09:58:46,KO,49.12,82,ASK
2018-12-17 09:59:25,KO,49.11,29,BID
2018-12-17 09:58:46,KO,49.12,80,ASK
2018-12-17 09:59:25,KO,49.11,29,BID
2018-12-17 09:58:46,KO,49.12,80,ASK
2018-12-17 09:59:25,KO,49.11,29,BID
2018-12-17 09:58:46,KO,49.12,80,ASK
2018-12-17 09:59:25,KO,49.11,29,BID
2018-12-17 09:58:46,KO,49.12,80,ASK
2018-12-17 09:59:30,KO,49.11,13,BID
2018-12-17 09:59:30,KO,49.11,17,ASK
2018-12-17 09:59:30,KO,49.11,40,BID
2018-12-17 09:58:46,KO,49.12,77,ASK
2018-12-17 09:59:30,KO,49.11,39,BID
2018-12-17 09:58:46,KO,49.12,77,ASK
2018-12-17 09:59:30,KO,49.11,39,BID
2018-12-17 09:58:46,KO,49.12,77,ASK
2018-12-17 09:59:30,KO,49.11,40,BID
2018-12-17 09:58:46,KO,49.12,73,ASK
2018-12-17 09:59:30,KO,49.11,42,BID
2018-12-17 09:58:46,KO,49.12,73,ASK
2018-12-17 09:59:36,KO,49.13,32,BID
2018-12-17 09:58:02,KO,49.14,31,ASK
2018-12-17 09:59:36,KO,49.13,38,BID
2018-12-17 09:59:36,KO,49.14,20,ASK
2018-12-17 09:59:36,KO,49.13,38,BID
2018-12-17 09:59:36,KO,49.14,22,ASK
2018-12-17 09:59:38,KO,49.13,44,BID
2018-12-17 09:59:38,KO,49.14,20,ASK
2018-12-17 09:59:38,KO,49.13,53,BID
2018-12-17 09:59:38,KO,49.14,13,ASK
2018-12-17 09:59:41,KO,49.13,35,BID
2018-12-17 09:59:41,KO,49.14,22,ASK
2018-12-17 09:59:42,KO,49.13,47,BID
2018-12-17 09:59:42,KO,49.14,12,ASK
2018-12-17 09:59:43,KO,49.13,40,BID
2018-12-17 09:59:43,KO,49.14,14,ASK
2018-12-17 09:59:45,KO,49.13,35,BID
2018-12-17 09:59:45,KO,49.14,16,ASK
2018-12-17 09:59:45,KO,49.13,35,BID
2018-12-17 09:59:45,KO,49.14,16,ASK
2018-12-17 09:59:45,KO,49.13,35,BID
2018-12-17 09:59:45,KO,49.14,16,ASK
2018-12-17 09:59:45,KO,49.13,35,BID
2018-12-17 09:59:45,KO,49.14,16,ASK
2018-12-17 09:59:48,KO,49.14,11,BID
2018-12-17 09:57:47,KO,49.15,22,ASK
2018-12-17 09:59:49,KO,49.14,10,BID
2018-12-17 09:59:49,KO,49.15,12,ASK
2018-12-17 09:59:50,KO,49.15,18,BID
2018-12-17 09:55:21,KO,49.16,50,ASK
2018-12-17 09:59:50,KO,49.15,15,BID
2018-12-17 09:55:21,KO,49.16,49,ASK
2018-12-17 09:59:52,KO,49.15,24,BID
2018-12-17 09:55:21,KO,49.16,46,ASK
2018-12-17 09:59:52,KO,49.15,20,BID
2018-12-17 09:55:21,KO,49.16,47,ASK
2018-12-17 09:59:54,KO,49.16,19,BID
2018-12-17 09:55:06,KO,49.17,18,ASK
2018-12-17 09:59:55,KO,49.16,17,BID
2018-12-17 09:59:55,KO,49.17,26,ASK
2018-12-17 09:59:55,KO,49.16,20,BID
2018-12-17 09:59:55,KO,49.17,10,ASK
2018-12-17 09:59:55,KO,49.16,21,BID
2018-12-17 09:59:57,KO,49.17,6,ASK
2018-12-17 09:59:55,KO,49.16,18,BID
2018-12-17 09:59:58,KO,49.17,11,ASK
2018-12-17 09:59:55,KO,49.16,18,BID
2018-12-17 09:59:59,KO,49.17,12,ASK
2018-12-17 09:59:55,KO,49.16,18,BID
2018-12-17 09:59:59,KO,49.17,12,ASK
2018-12-17 09:59:55,KO,49.16,21,BID
2018-12-17 10:00:00,KO,49.17,15,ASK
2018-12-17 09:59:55,KO,49.16,33,BID
2018-12-17 10:00:00,KO,49.17,8,ASK
2018-12-17 09:59:55,KO,49.16,35,BID
2018-12-17 10:00:01,KO,49.17,10,ASK
2018-12-17 09:59:55,KO,49.16,39,BID
2018-12-17 10:00:01,KO,49.17,10,ASK
2018-12-17 09:59:55,KO,49.16,33,BID
2018-12-17 10:00:01,KO,49.17,12,ASK
2018-12-17 09:59:55,KO,49.16,33,BID
2018-12-17 10:00:04,KO,49.17,9,ASK
2018-12-17 09:59:55,KO,49.16,33,BID
2018-12-17 10:00:05,KO,49.17,13,ASK
2018-12-17 09:59:55,KO,49.16,33,BID
2018-12-17 10:00:05,KO,49.17,19,ASK
2018-12-17 09:59:55,KO,49.16,32,BID
2018-12-17 10:00:05,KO,49.17,13,ASK
2018-12-17 10:00:08,KO,49.18,23,BID
2018-12-17 09:40:05,KO,49.19,33,ASK
2018-12-17 10:00:08,KO,49.18,23,BID
2018-12-17 09:40:05,KO,49.19,35,ASK
2018-12-17 10:00:08,KO,49.18,23,BID
2018-12-17 09:40:05,KO,49.19,34,ASK
2018-12-17 10:00:09,KO,49.18,14,BID
2018-12-17 09:40:05,KO,49.19,48,ASK
2018-12-17 10:00:10,KO,49.18,17,BID
2018-12-17 09:40:05,KO,49.19,46,ASK
2018-12-17 10:00:12,KO,49.19,30,BID
2018-12-17 09:40:03,KO,49.2,45,ASK
2018-12-17 10:00:13,KO,49.19,21,BID
2018-12-17 09:40:03,KO,49.2,48,ASK
2018-12-17 10:00:15,KO,49.18,29,BID
2018-12-17 10:00:15,KO,49.19,14,ASK
2018-12-17 10:00:15,KO,49.18,21,BID
2018-12-17 10:00:15,KO,49.19,13,ASK
2018-12-17 10:00:16,KO,49.18,22,BID
2018-12-17 10:00:17,KO,49.19,16,ASK
2018-12-17 10:00:18,KO,49.18,28,BID
2018-12-17 10:00:18,KO,49.19,15,ASK
2018-12-17 10:00:18,KO,49.18,28,BID
2018-12-17 10:00:19,KO,49.19,18,ASK
2018-12-17 10:00:18,KO,49.18,28,BID
2018-12-17 10:00:22,KO,49.19,26,ASK
2018-12-17 10:00:18,KO,49.18,25,BID
2018-12-17 10:00:22,KO,49.19,27,ASK
2018-12-17 10:00:18,KO,49.18,25,BID
2018-12-17 10:00:22,KO,49.19,27,ASK
2018-12-17 10:00:18,KO,49.18,25,BID
2018-12-17 10:00:22,KO,49.19,27,ASK
2018-12-17 10:00:26,KO,49.17,37,BID
2018-12-17 10:00:26,KO,49.18,28,ASK
2018-12-17 10:00:26,KO,49.17,37,BID
2018-12-17 10:00:26,KO,49.18,21,ASK
2018-12-17 10:00:29,KO,49.17,33,BID
2018-12-17 10:00:26,KO,49.18,23,ASK
2018-12-17 10:00:29,KO,49.17,24,BID
2018-12-17 10:00:26,KO,49.18,22,ASK
2018-12-17 10:00:29,KO,49.17,29,BID
2018-12-17 10:00:26,KO,49.18,20,ASK
2018-12-17 10:00:29,KO,49.17,29,BID
2018-12-17 10:00:26,KO,49.18,24,ASK
2018-12-17 10:00:29,KO,49.17,29,BID
2018-12-17 10:00:26,KO,49.18,24,ASK
2018-12-17 10:00:29,KO,49.17,28,BID
2018-12-17 10:00:26,KO,49.18,23,ASK
2018-12-17 10:00:29,KO,49.17,16,BID
2018-12-17 10:00:26,KO,49.18,35,ASK
2018-12-17 10:00:29,KO,49.17,13,BID
2018-12-17 10:00:26,KO,49.18,40,ASK
2018-12-17 10:00:36,KO,49.17,27,BID
2018-12-17 10:00:26,KO,49.18,33,ASK
2018-12-17 10:00:38,KO,49.17,49,BID
2018-12-17 10:00:26,KO,49.18,45,ASK
2018-12-17 10:00:38,KO,49.17,45,BID
2018-12-17 10:00:26,KO,49.18,45,ASK
2018-12-17 10:00:38,KO,49.17,44,BID
2018-12-17 10:00:26,KO,49.18,45,ASK
2018-12-17 10:00:38,KO,49.17,40,BID
2018-12-17 10:00:26,KO,49.18,47,ASK
2018-12-17 10:00:38,KO,49.17,40,BID
2018-12-17 10:00:26,KO,49.18,47,ASK
2018-12-17 10:00:42,KO,49.17,46,BID
2018-12-17 10:00:26,KO,49.18,46,ASK
2018-12-17 10:00:42,KO,49.17,45,BID
2018-12-17 10:00:26,KO,49.18,46,ASK
2018-12-17 10:00:42,KO,49.17,24,BID
2018-12-17 10:00:26,KO,49.18,45,ASK
2018-12-17 10:00:42,KO,49.17,24,BID
2018-12-17 10:00:26,KO,49.18,44,ASK
2018-12-17 10:00:42,KO,49.17,23,BID
2018-12-17 10:00:26,KO,49.18,48,ASK
2018-12-17 10:00:47,KO,49.17,27,BID
2018-12-17 10:00:26,KO,49.18,43,ASK
2018-12-17 10:00:48,KO,49.17,23,BID
2018-12-17 10:00:26,KO,49.18,48,ASK
2018-12-17 10:00:49,KO,49.17,22,BID
2018-12-17 10:00:26,KO,49.18,43,ASK
2018-12-17 10:00:49,KO,49.17,22,BID
2018-12-17 10:00:26,KO,49.18,43,ASK
2018-12-17 10:00:49,KO,49.17,23,BID
2018-12-17 10:00:26,KO,49.18,45,ASK
2018-12-17 10:00:53,KO,49.17,21,BID
2018-12-17 10:00:26,KO,49.18,45,ASK
2018-12-17 10:00:53,KO,49.17,20,BID
2018-12-17 10:00:26,KO,49.18,42,ASK
2018-12-17 10:00:54,KO,49.17,29,BID
2018-12-17 10:00:26,KO,49.18,40,ASK
2018-12-17 10:00:54,KO,49.17,29,BID
2018-12-17 10:00:26,KO,49.18,40,ASK
2018-12-17 10:00:54,KO,49.17,27,BID
2018-12-17 10:00:26,KO,49.18,43,ASK
2018-12-17 10:00:54,KO,49.17,27,BID
2018-12-17 10:00:26,KO,49.18,40,ASK
2018-12-17 10:00:54,KO,49.17,31,BID
2018-12-17 10:00:26,KO,49.18,40,ASK
2018-12-17 10:00:59,KO,49.17,32,BID
2018-12-17 10:00:26,KO,49.18,42,ASK
2018-12-17 10:01:00,KO,49.17,51,BID
2018-12-17 10:00:26,KO,49.18,37,ASK
2018-12-17 10:01:00,KO,49.17,48,BID
2018-12-17 10:00:26,KO,49.18,38,ASK
2018-12-17 10:00:07,KO,49.16,40,BID
2018-12-17 10:01:02,KO,49.17,35,ASK
2018-12-17 10:00:07,KO,49.16,46,BID
2018-12-17 10:01:03,KO,49.17,18,ASK
2018-12-17 10:00:07,KO,49.16,40,BID
2018-12-17 10:01:03,KO,49.17,18,ASK
2018-12-17 10:01:06,KO,49.16,29,BID
2018-12-17 10:01:06,KO,49.17,35,ASK
2018-12-17 10:01:06,KO,49.16,27,BID
2018-12-17 10:01:06,KO,49.17,31,ASK
2018-12-17 10:01:06,KO,49.16,28,BID
2018-12-17 10:01:06,KO,49.17,31,ASK
2018-12-17 10:01:06,KO,49.16,28,BID
2018-12-17 10:01:06,KO,49.17,30,ASK
2018-12-17 10:01:06,KO,49.16,30,BID
2018-12-17 10:01:10,KO,49.17,21,ASK
2018-12-17 10:01:06,KO,49.16,30,BID
2018-12-17 10:01:10,KO,49.17,21,ASK
2018-12-17 10:01:11,KO,49.16,24,BID
2018-12-17 10:01:11,KO,49.17,24,ASK
2018-12-17 10:01:12,KO,49.17,47,BID
2018-12-17 10:00:26,KO,49.18,55,ASK
2018-12-17 10:01:13,KO,49.17,45,BID
2018-12-17 10:00:26,KO,49.18,56,ASK
2018-12-17 10:01:15,KO,49.17,43,BID
2018-12-17 10:01:12,KO,49.18,34,ASK
2018-12-17 10:01:15,KO,49.17,44,BID
2018-12-17 10:01:12,KO,49.18,34,ASK
2018-12-17 10:01:15,KO,49.17,43,BID
2018-12-17 10:01:12,KO,49.18,36,ASK
2018-12-17 10:01:18,KO,49.17,19,BID
2018-12-17 10:01:17,KO,49.18,47,ASK
2018-12-17 10:01:18,KO,49.17,22,BID
2018-12-17 10:01:18,KO,49.18,40,ASK
2018-12-17 10:01:18,KO,49.17,25,BID
2018-12-17 10:01:19,KO,49.18,33,ASK
2018-12-17 10:01:20,KO,49.18,77,BID
2018-12-17 10:00:22,KO,49.19,23,ASK
2018-12-17 10:01:21,KO,49.18,41,BID
2018-12-17 10:00:22,KO,49.19,27,ASK
2018-12-17 10:01:23,KO,49.18,40,BID
2018-12-17 10:00:22,KO,49.19,26,ASK
2018-12-17 10:01:23,KO,49.18,40,BID
2018-12-17 10:00:22,KO,49.19,26,ASK
2018-12-17 10:01:18,KO,49.17,23,BID
2018-12-17 10:01:25,KO,49.18,69,ASK
2018-12-17 10:01:18,KO,49.17,23,BID
2018-12-17 10:01:25,KO,49.18,64,ASK
2018-12-17 10:01:18,KO,49.17,24,BID
2018-12-17 10:01:25,KO,49.18,48,ASK
2018-12-17 10:01:18,KO,49.17,21,BID
2018-12-17 10:01:28,KO,49.18,36,ASK
2018-12-17 10:01:18,KO,49.17,20,BID
2018-12-17 10:01:29,KO,49.18,48,ASK
2018-12-17 10:01:18,KO,49.17,19,BID
2018-12-17 10:01:30,KO,49.18,43,ASK
2018-12-17 10:01:18,KO,49.17,19,BID
2018-12-17 10:01:30,KO,49.18,42,ASK
2018-12-17 10:01:32,KO,49.17,25,BID
2018-12-17 10:01:31,KO,49.18,53,ASK
2018-12-17 10:01:33,KO,49.17,16,BID
2018-12-17 10:01:33,KO,49.18,48,ASK
2018-12-17 10:01:34,KO,49.17,14,BID
2018-12-17 10:01:33,KO,49.17,22,ASK
2018-12-17 10:01:34,KO,49.17,63,BID
2018-12-17 10:01:34,KO,49.18,30,ASK
2018-12-17 10:01:34,KO,49.17,57,BID
2018-12-17 10:01:35,KO,49.18,41,ASK
2018-12-17 10:01:34,KO,49.17,56,BID
2018-12-17 10:01:36,KO,49.18,40,ASK
2018-12-17 10:01:34,KO,49.17,63,BID
2018-12-17 10:01:37,KO,49.18,38,ASK
2018-12-17 10:01:38,KO,49.18,6,BID
2018-12-17 10:00:22,KO,49.19,33,ASK
2018-12-17 10:01:38,KO,49.17,112,BID
2018-12-17 10:01:40,KO,49.18,57,ASK
2018-12-17 10:01:38,KO,49.17,112,BID
2018-12-17 10:01:40,KO,49.18,36,ASK
2018-12-17 10:01:38,KO,49.17,112,BID
2018-12-17 10:01:40,KO,49.18,37,ASK
2018-12-17 10:01:38,KO,49.17,112,BID
2018-12-17 10:01:40,KO,49.18,35,ASK
2018-12-17 10:01:38,KO,49.17,112,BID
2018-12-17 10:01:40,KO,49.18,38,ASK
2018-12-17 10:01:38,KO,49.17,112,BID
2018-12-17 10:01:40,KO,49.18,32,ASK
2018-12-17 10:01:38,KO,49.17,112,BID
2018-12-17 10:01:40,KO,49.18,33,ASK
2018-12-17 10:01:38,KO,49.17,108,BID
2018-12-17 10:01:40,KO,49.18,32,ASK
2018-12-17 10:01:38,KO,49.17,110,BID
2018-12-17 10:01:40,KO,49.18,32,ASK
2018-12-17 10:01:49,KO,49.18,21,BID
2018-12-17 10:00:22,KO,49.19,36,ASK
2018-12-17 10:01:49,KO,49.18,41,BID
2018-12-17 10:00:22,KO,49.19,29,ASK
2018-12-17 10:01:49,KO,49.18,40,BID
2018-12-17 10:00:22,KO,49.19,41,ASK
2018-12-17 10:01:51,KO,49.18,33,BID
2018-12-17 10:00:22,KO,49.19,45,ASK
2018-12-17 10:01:38,KO,49.17,93,BID
2018-12-17 10:01:52,KO,49.18,33,ASK
2018-12-17 10:01:11,KO,49.16,47,BID
2018-12-17 10:01:53,KO,49.17,46,ASK
2018-12-17 10:01:11,KO,49.16,45,BID
2018-12-17 10:01:53,KO,49.17,46,ASK
2018-12-17 10:01:11,KO,49.16,36,BID
2018-12-17 10:01:55,KO,49.17,22,ASK
2018-12-17 10:01:11,KO,49.16,35,BID
2018-12-17 10:01:55,KO,49.17,22,ASK
2018-12-17 10:01:58,KO,49.16,42,BID
2018-12-17 10:01:55,KO,49.17,20,ASK
2018-12-17 10:01:58,KO,49.16,45,BID
2018-12-17 10:01:59,KO,49.17,24,ASK
2018-12-17 10:01:58,KO,49.16,24,BID
2018-12-17 10:01:59,KO,49.17,25,ASK
2018-12-17 10:02:01,KO,49.15,24,BID
2018-12-17 10:02:01,KO,49.16,37,ASK
2018-12-17 10:02:01,KO,49.15,29,BID
2018-12-17 10:02:02,KO,49.16,18,ASK
2018-12-17 10:02:01,KO,49.15,29,BID
2018-12-17 10:02:02,KO,49.16,10,ASK
2018-12-17 10:02:01,KO,49.15,26,BID
2018-12-17 10:02:03,KO,49.16,23,ASK
2018-12-17 10:02:01,KO,49.15,20,BID
2018-12-17 10:02:05,KO,49.16,30,ASK
2018-12-17 09:59:41,KO,49.13,37,BID
2018-12-17 10:02:06,KO,49.14,14,ASK
2018-12-17 09:59:41,KO,49.13,38,BID
2018-12-17 10:02:07,KO,49.14,12,ASK
2018-12-17 09:59:41,KO,49.13,39,BID
2018-12-17 10:02:08,KO,49.14,14,ASK
2018-12-17 10:02:09,KO,49.13,24,BID
2018-12-17 10:02:08,KO,49.14,27,ASK
2018-12-17 09:59:36,KO,49.12,58,BID
2018-12-17 10:02:09,KO,49.13,20,ASK
2018-12-17 09:59:36,KO,49.12,58,BID
2018-12-17 10:02:11,KO,49.13,19,ASK
2018-12-17 09:59:36,KO,49.12,56,BID
2018-12-17 10:02:12,KO,49.13,20,ASK
2018-12-17 09:59:30,KO,49.11,44,BID
2018-12-17 10:02:13,KO,49.12,21,ASK
2018-12-17 09:59:30,KO,49.11,44,BID
2018-12-17 10:02:14,KO,49.12,19,ASK
2018-12-17 09:59:30,KO,49.11,44,BID
2018-12-17 10:02:12,KO,49.12,19,ASK
2018-12-17 09:59:30,KO,49.11,44,BID
2018-12-17 10:02:12,KO,49.12,19,ASK
2018-12-17 09:59:30,KO,49.11,44,BID
2018-12-17 10:02:12,KO,49.12,19,ASK
2018-12-17 10:02:18,KO,49.12,44,BID
2018-12-17 10:02:09,KO,49.13,26,ASK
2018-12-17 10:02:18,KO,49.12,47,BID
2018-12-17 10:02:09,KO,49.13,28,ASK
2018-12-17 10:02:18,KO,49.12,44,BID
2018-12-17 10:02:09,KO,49.13,28,ASK
2018-12-17 10:02:18,KO,49.12,51,BID
2018-12-17 10:02:09,KO,49.13,23,ASK
2018-12-17 10:02:18,KO,49.12,49,BID
2018-12-17 10:02:09,KO,49.13,23,ASK
2018-12-17 10:02:18,KO,49.12,43,BID
2018-12-17 10:02:09,KO,49.13,23,ASK
2018-12-17 10:02:18,KO,49.12,43,BID
2018-12-17 10:02:09,KO,49.13,23,ASK
2018-12-17 10:02:24,KO,49.12,39,BID
2018-12-17 10:02:09,KO,49.13,25,ASK
2018-12-17 10:02:24,KO,49.12,39,BID
2018-12-17 10:02:09,KO,49.13,25,ASK
2018-12-17 10:02:24,KO,49.12,38,BID
2018-12-17 10:02:09,KO,49.13,25,ASK
2018-12-17 09:59:30,KO,49.11,59,BID
2018-12-17 10:02:28,KO,49.12,8,ASK
2018-12-17 10:02:28,KO,49.12,27,BID
2018-12-17 10:02:09,KO,49.13,33,ASK
2018-12-17 10:02:29,KO,49.12,23,BID
2018-12-17 10:02:09,KO,49.13,35,ASK
2018-12-17 10:02:29,KO,49.12,23,BID
2018-12-17 10:02:09,KO,49.13,39,ASK
2018-12-17 10:02:32,KO,49.12,42,BID
2018-12-17 10:02:09,KO,49.13,30,ASK
2018-12-17 10:02:33,KO,49.12,39,BID
2018-12-17 10:02:33,KO,49.13,24,ASK
2018-12-17 10:02:33,KO,49.12,48,BID
2018-12-17 10:02:33,KO,49.13,16,ASK
2018-12-17 10:02:35,KO,49.13,35,BID
2018-12-17 10:02:35,KO,49.14,35,ASK
2018-12-17 10:02:35,KO,49.13,32,BID
2018-12-17 10:02:35,KO,49.14,30,ASK
2018-12-17 10:02:35,KO,49.13,30,BID
2018-12-17 10:02:37,KO,49.14,25,ASK
2018-12-17 10:02:37,KO,49.13,19,BID
2018-12-17 10:02:37,KO,49.14,22,ASK
2018-12-17 10:02:37,KO,49.13,19,BID
2018-12-17 10:02:37,KO,49.14,22,ASK
2018-12-17 10:02:40,KO,49.13,20,BID
2018-12-17 10:02:40,KO,49.14,22,ASK
2018-12-17 10:02:41,KO,49.13,17,BID
2018-12-17 10:02:41,KO,49.14,25,ASK
2018-12-17 10:02:42,KO,49.13,18,BID
2018-12-17 10:02:42,KO,49.14,30,ASK
2018-12-17 10:02:43,KO,49.13,18,BID
2018-12-17 10:02:43,KO,49.14,30,ASK
2018-12-17 10:02:44,KO,49.13,19,BID
2018-12-17 10:02:44,KO,49.14,26,ASK
2018-12-17 10:02:45,KO,49.13,21,BID
2018-12-17 10:02:45,KO,49.14,31,ASK
2018-12-17 10:02:45,KO,49.14,42,BID
2018-12-17 10:02:45,KO,49.15,52,ASK
2018-12-17 10:02:45,KO,49.13,91,BID
2018-12-17 10:02:46,KO,49.14,24,ASK
2018-12-17 10:02:47,KO,49.14,42,BID
2018-12-17 10:02:47,KO,49.15,45,ASK
2018-12-17 10:02:47,KO,49.14,40,BID
2018-12-17 10:02:49,KO,49.15,45,ASK
2018-12-17 10:02:47,KO,49.14,40,BID
2018-12-17 10:02:49,KO,49.15,45,ASK
2018-12-17 10:02:51,KO,49.13,75,BID
2018-12-17 10:02:51,KO,49.14,13,ASK
2018-12-17 10:02:51,KO,49.13,75,BID
2018-12-17 10:02:52,KO,49.14,12,ASK
2018-12-17 10:02:51,KO,49.13,48,BID
2018-12-17 10:02:53,KO,49.14,19,ASK
2018-12-17 10:02:51,KO,49.13,49,BID
2018-12-17 10:02:53,KO,49.14,15,ASK
2018-12-17 10:02:55,KO,49.14,27,BID
2018-12-17 10:02:55,KO,49.15,54,ASK
2018-12-17 10:02:55,KO,49.14,19,BID
2018-12-17 10:02:56,KO,49.15,56,ASK
2018-12-17 10:02:57,KO,49.14,9,BID
2018-12-17 10:02:57,KO,49.15,59,ASK
2018-12-17 10:02:58,KO,49.14,9,BID
2018-12-17 10:02:58,KO,49.15,57,ASK
2018-12-17 10:02:58,KO,49.14,9,BID
2018-12-17 10:02:59,KO,49.15,55,ASK
2018-12-17 10:02:59,KO,49.13,49,BID
2018-12-17 10:03:00,KO,49.14,20,ASK
2018-12-17 10:03:01,KO,49.14,17,BID
2018-12-17 10:03:01,KO,49.15,41,ASK
2018-12-17 10:03:02,KO,49.14,15,BID
2018-12-17 10:03:02,KO,49.15,44,ASK
2018-12-17 10:03:03,KO,49.13,50,BID
2018-12-17 10:03:03,KO,49.14,11,ASK
2018-12-17 10:03:04,KO,49.13,48,BID
2018-12-17 10:03:03,KO,49.14,19,ASK
2018-12-17 10:03:05,KO,49.13,42,BID
2018-12-17 10:03:03,KO,49.14,29,ASK
2018-12-17 10:03:05,KO,49.13,42,BID
2018-12-17 10:03:03,KO,49.14,23,ASK
2018-12-17 10:03:05,KO,49.13,41,BID
2018-12-17 10:03:03,KO,49.14,23,ASK
2018-12-17 10:03:05,KO,49.13,42,BID
2018-12-17 10:03:03,KO,49.14,17,ASK
2018-12-17 10:03:09,KO,49.13,41,BID
2018-12-17 10:03:03,KO,49.14,24,ASK
2018-12-17 10:03:10,KO,49.14,75,BID
2018-12-17 10:03:10,KO,49.15,48,ASK
2018-12-17 10:03:10,KO,49.14,35,BID
2018-12-17 10:03:10,KO,49.15,48,ASK
2018-12-17 10:03:12,KO,49.14,17,BID
2018-12-17 10:03:12,KO,49.15,20,ASK
2018-12-17 10:03:13,KO,49.14,16,BID
2018-12-17 10:03:13,KO,49.15,20,ASK
2018-12-17 10:03:14,KO,49.14,14,BID
2018-12-17 10:03:14,KO,49.15,22,ASK
2018-12-17 10:03:15,KO,49.14,17,BID
2018-12-17 10:03:15,KO,49.15,25,ASK
2018-12-17 10:03:15,KO,49.14,17,BID
2018-12-17 10:03:16,KO,49.15,31,ASK
2018-12-17 10:03:15,KO,49.14,17,BID
2018-12-17 10:03:17,KO,49.15,31,ASK
2018-12-17 10:03:15,KO,49.14,17,BID
2018-12-17 10:03:17,KO,49.15,31,ASK
2018-12-17 10:03:15,KO,49.14,18,BID
2018-12-17 10:03:19,KO,49.15,38,ASK
2018-12-17 10:03:20,KO,49.13,64,BID
2018-12-17 10:03:20,KO,49.14,25,ASK
2018-12-17 10:03:21,KO,49.13,62,BID
2018-12-17 10:03:20,KO,49.14,25,ASK
2018-12-17 10:03:22,KO,49.12,59,BID
2018-12-17 10:03:22,KO,49.13,28,ASK
2018-12-17 10:03:22,KO,49.12,48,BID
2018-12-17 10:03:23,KO,49.13,32,ASK
2018-12-17 10:03:23,KO,49.12,86,BID
2018-12-17 10:03:23,KO,49.13,34,ASK
2018-12-17 10:03:24,KO,49.12,61,BID
2018-12-17 10:03:25,KO,49.13,20,ASK
2018-12-17 10:03:24,KO,49.12,60,BID
2018-12-17 10:03:25,KO,49.13,20,ASK
2018-12-17 10:03:24,KO,49.12,60,BID
2018-12-17 10:03:25,KO,49.13,20,ASK
2018-12-17 10:03:24,KO,49.12,60,BID
2018-12-17 10:03:25,KO,49.13,20,ASK
2018-12-17 10:03:24,KO,49.12,60,BID
2018-12-17 10:03:25,KO,49.13,18,ASK
2018-12-17 10:03:24,KO,49.12,60,BID
2018-12-17 10:03:25,KO,49.13,17,ASK
2018-12-17 10:03:31,KO,49.13,32,BID
2018-12-17 10:03:23,KO,49.14,54,ASK
2018-12-17 10:03:31,KO,49.13,30,BID
2018-12-17 10:03:23,KO,49.14,54,ASK
2018-12-17 10:03:31,KO,49.13,97,BID
2018-12-17 10:03:23,KO,49.14,49,ASK
2018-12-17 10:03:31,KO,49.13,97,BID
2018-12-17 10:03:23,KO,49.14,48,ASK
2018-12-17 10:03:31,KO,49.13,97,BID
2018-12-17 10:03:23,KO,49.14,46,ASK
2018-12-17 10:03:31,KO,49.13,97,BID
2018-12-17 10:03:23,KO,49.14,46,ASK
2018-12-17 10:03:31,KO,49.13,97,BID
2018-12-17 10:03:23,KO,49.14,46,ASK
2018-12-17 10:03:31,KO,49.13,97,BID
2018-12-17 10:03:23,KO,49.14,46,ASK
2018-12-17 10:03:31,KO,49.13,97,BID
2018-12-17 10:03:23,KO,49.14,47,ASK
2018-12-17 10:03:31,KO,49.13,97,BID
2018-12-17 10:03:23,KO,49.14,47,ASK
2018-12-17 10:03:31,KO,49.13,97,BID
2018-12-17 10:03:23,KO,49.14,47,ASK
2018-12-17 10:03:31,KO,49.13,97,BID
2018-12-17 10:03:23,KO,49.14,47,ASK
2018-12-17 10:03:31,KO,49.13,97,BID
2018-12-17 10:03:23,KO,49.14,47,ASK
2018-12-17 10:03:31,KO,49.13,97,BID
2018-12-17 10:03:23,KO,49.14,47,ASK
2018-12-17 10:03:31,KO,49.13,97,BID
2018-12-17 10:03:23,KO,49.14,51,ASK
2018-12-17 10:03:31,KO,49.13,97,BID
2018-12-17 10:03:23,KO,49.14,57,ASK
2018-12-17 10:03:31,KO,49.13,97,BID
2018-12-17 10:03:23,KO,49.14,57,ASK
2018-12-17 10:03:31,KO,49.13,97,BID
2018-12-17 10:03:23,KO,49.14,57,ASK
2018-12-17 10:03:31,KO,49.13,97,BID
2018-12-17 10:03:23,KO,49.14,52,ASK
2018-12-17 10:03:31,KO,49.13,97,BID
2018-12-17 10:03:23,KO,49.14,49,ASK
2018-12-17 10:03:31,KO,49.13,98,BID
2018-12-17 10:03:23,KO,49.14,64,ASK
2018-12-17 10:03:52,KO,49.11,68,BID
2018-12-17 10:03:52,KO,49.12,25,ASK
2018-12-17 10:03:53,KO,49.11,33,BID
2018-12-17 10:03:53,KO,49.12,39,ASK
2018-12-17 10:03:54,KO,49.11,16,BID
