timestamp,ticker,price,volume,bid_ask
2018-12-17 09:40:30,MCD,182.67,5,BID
2018-12-17 09:40:32,MCD,182.76,1,ASK
2018-12-17 09:40:30,MCD,182.67,5,BID
2018-12-17 09:40:32,MCD,182.76,1,ASK
2018-12-17 09:40:38,MCD,182.68,7,BID
2018-12-17 09:40:38,MCD,182.76,2,ASK
2018-12-17 09:40:39,MCD,182.68,1,BID
2018-12-17 09:40:39,MCD,182.76,2,ASK
2018-12-17 09:40:39,MCD,182.68,2,BID
2018-12-17 09:40:39,MCD,182.76,2,ASK
2018-12-17 09:40:39,MCD,182.68,2,BID
2018-12-17 09:40:39,MCD,182.76,2,ASK
2018-12-17 09:40:39,MCD,182.68,2,BID
2018-12-17 09:40:39,MCD,182.76,2,ASK
2018-12-17 09:40:42,MCD,182.68,2,BID
2018-12-17 09:40:39,MCD,182.76,3,ASK
2018-12-17 09:40:42,MCD,182.68,2,BID
2018-12-17 09:40:39,MCD,182.76,3,ASK
2018-12-17 09:40:42,MCD,182.68,2,BID
2018-12-17 09:40:39,MCD,182.76,3,ASK
2018-12-17 09:40:42,MCD,182.68,2,BID
2018-12-17 09:40:39,MCD,182.76,3,ASK
2018-12-17 09:40:46,MCD,182.58,2,BID
2018-12-17 09:40:46,MCD,182.7,2,ASK
2018-12-17 09:40:46,MCD,182.58,2,BID
2018-12-17 09:40:46,MCD,182.7,2,ASK
2018-12-17 09:40:48,MCD,182.57,2,BID
2018-12-17 09:40:48,MCD,182.69,2,ASK
2018-12-17 09:40:48,MCD,182.57,2,BID
2018-12-17 09:40:48,MCD,182.69,2,ASK
2018-12-17 09:40:48,MCD,182.57,2,BID
2018-12-17 09:40:48,MCD,182.69,2,ASK
2018-12-17 09:40:52,MCD,182.51,2,BID
2018-12-17 09:40:52,MCD,182.66,3,ASK
2018-12-17 09:40:52,MCD,182.5,2,BID
2018-12-17 09:40:52,MCD,182.61,1,ASK
2018-12-17 09:40:54,MCD,182.5,2,BID
2018-12-17 09:40:54,MCD,182.61,4,ASK
2018-12-17 09:40:54,MCD,182.5,2,BID
2018-12-17 09:40:54,MCD,182.58,1,ASK
2018-12-17 09:40:54,MCD,182.5,2,BID
2018-12-17 09:40:54,MCD,182.58,1,ASK
2018-12-17 09:40:57,MCD,182.34,3,BID
2018-12-17 09:40:57,MCD,182.52,6,ASK
2018-12-17 09:40:57,MCD,182.34,5,BID
2018-12-17 09:40:57,MCD,182.52,6,ASK
2018-12-17 09:40:59,MCD,182.34,5,BID
2018-12-17 09:40:59,MCD,182.51,3,ASK
2018-12-17 09:41:00,MCD,182.34,6,BID
2018-12-17 09:41:00,MCD,182.49,1,ASK
2018-12-17 09:41:01,MCD,182.34,6,BID
2018-12-17 09:41:01,MCD,182.49,1,ASK
2018-12-17 09:41:02,MCD,182.34,6,BID
2018-12-17 09:41:02,MCD,182.49,1,ASK
2018-12-17 09:41:03,MCD,182.34,6,BID
2018-12-17 09:41:03,MCD,182.49,3,ASK
2018-12-17 09:41:03,MCD,182.34,6,BID
2018-12-17 09:41:04,MCD,182.48,2,ASK
2018-12-17 09:41:04,MCD,182.39,1,BID
2018-12-17 09:41:04,MCD,182.48,4,ASK
2018-12-17 09:41:05,MCD,182.39,1,BID
2018-12-17 09:41:04,MCD,182.48,4,ASK
2018-12-17 09:41:06,MCD,182.39,1,BID
2018-12-17 09:41:06,MCD,182.48,5,ASK
2018-12-17 09:41:06,MCD,182.39,1,BID
2018-12-17 09:41:06,MCD,182.48,5,ASK
2018-12-17 09:41:08,MCD,182.39,1,BID
2018-12-17 09:41:08,MCD,182.49,2,ASK
2018-12-17 09:41:09,MCD,182.48,1,BID
2018-12-17 09:41:09,MCD,182.56,1,ASK
2018-12-17 09:41:10,MCD,182.44,1,BID
2018-12-17 09:41:10,MCD,182.56,3,ASK
2018-12-17 09:41:10,MCD,182.44,1,BID
2018-12-17 09:41:10,MCD,182.56,3,ASK
2018-12-17 09:41:11,MCD,182.44,1,BID
2018-12-17 09:41:11,MCD,182.56,4,ASK
2018-12-17 09:41:13,MCD,182.44,1,BID
2018-12-17 09:41:13,MCD,182.55,2,ASK
2018-12-17 09:41:14,MCD,182.37,1,BID
2018-12-17 09:41:14,MCD,182.48,1,ASK
2018-12-17 09:41:15,MCD,182.37,1,BID
2018-12-17 09:41:15,MCD,182.47,2,ASK
2018-12-17 09:41:15,MCD,182.37,1,BID
2018-12-17 09:41:15,MCD,182.45,1,ASK
2018-12-17 09:41:04,MCD,182.34,5,BID
2018-12-17 09:41:16,MCD,182.45,2,ASK
2018-12-17 09:41:04,MCD,182.34,5,BID
2018-12-17 09:41:18,MCD,182.43,1,ASK
2018-12-17 09:41:20,MCD,182.27,1,BID
2018-12-17 09:41:20,MCD,182.36,1,ASK
2018-12-17 09:41:21,MCD,182.27,4,BID
2018-12-17 09:41:21,MCD,182.36,1,ASK
2018-12-17 09:41:21,MCD,182.27,4,BID
2018-12-17 09:41:21,MCD,182.36,1,ASK
2018-12-17 09:41:23,MCD,182.26,3,BID
2018-12-17 09:41:23,MCD,182.36,1,ASK
2018-12-17 09:41:24,MCD,182.26,6,BID
2018-12-17 09:41:24,MCD,182.37,2,ASK
2018-12-17 09:41:24,MCD,182.26,6,BID
2018-12-17 09:41:24,MCD,182.37,2,ASK
2018-12-17 09:41:24,MCD,182.26,6,BID
2018-12-17 09:41:24,MCD,182.37,2,ASK
2018-12-17 09:41:27,MCD,182.26,6,BID
2018-12-17 09:41:27,MCD,182.37,2,ASK
2018-12-17 09:41:27,MCD,182.26,6,BID
2018-12-17 09:41:27,MCD,182.37,2,ASK
2018-12-17 09:41:27,MCD,182.26,6,BID
2018-12-17 09:41:27,MCD,182.37,2,ASK
2018-12-17 09:41:30,MCD,182.26,6,BID
2018-12-17 09:41:30,MCD,182.37,2,ASK
2018-12-17 09:41:30,MCD,182.27,3,BID
2018-12-17 09:41:30,MCD,182.37,3,ASK
2018-12-17 09:41:30,MCD,182.27,3,BID
2018-12-17 09:41:30,MCD,182.37,3,ASK
2018-12-17 09:41:31,MCD,182.27,6,BID
2018-12-17 09:41:31,MCD,182.37,3,ASK
2018-12-17 09:41:33,MCD,182.27,5,BID
2018-12-17 09:41:31,MCD,182.37,3,ASK
2018-12-17 09:41:33,MCD,182.27,5,BID
2018-12-17 09:41:31,MCD,182.37,3,ASK
2018-12-17 09:41:33,MCD,182.27,5,BID
2018-12-17 09:41:31,MCD,182.37,3,ASK
2018-12-17 09:41:37,MCD,182.34,2,BID
2018-12-17 09:41:37,MCD,182.46,4,ASK
2018-12-17 09:41:38,MCD,182.34,3,BID
2018-12-17 09:41:38,MCD,182.48,1,ASK
2018-12-17 09:41:39,MCD,182.35,3,BID
2018-12-17 09:41:39,MCD,182.49,1,ASK
2018-12-17 09:41:39,MCD,182.35,3,BID
2018-12-17 09:41:39,MCD,182.48,1,ASK
2018-12-17 09:41:41,MCD,182.35,3,BID
2018-12-17 09:41:41,MCD,182.49,1,ASK
2018-12-17 09:41:41,MCD,182.35,3,BID
2018-12-17 09:41:41,MCD,182.49,1,ASK
2018-12-17 09:41:43,MCD,182.35,2,BID
2018-12-17 09:41:42,MCD,182.49,2,ASK
2018-12-17 09:41:43,MCD,182.35,2,BID
2018-12-17 09:41:42,MCD,182.49,2,ASK
2018-12-17 09:41:45,MCD,182.4,1,BID
2018-12-17 09:41:45,MCD,182.49,2,ASK
2018-12-17 09:41:46,MCD,182.4,1,BID
2018-12-17 09:41:46,MCD,182.49,1,ASK
2018-12-17 09:41:46,MCD,182.4,2,BID
2018-12-17 09:41:46,MCD,182.49,1,ASK
2018-12-17 09:41:48,MCD,182.4,2,BID
2018-12-17 09:41:48,MCD,182.49,3,ASK
2018-12-17 09:41:48,MCD,182.4,2,BID
2018-12-17 09:41:48,MCD,182.49,5,ASK
2018-12-17 09:41:48,MCD,182.4,2,BID
2018-12-17 09:41:48,MCD,182.49,5,ASK
2018-12-17 09:41:50,MCD,182.4,2,BID
2018-12-17 09:41:48,MCD,182.49,5,ASK
2018-12-17 09:41:50,MCD,182.4,2,BID
2018-12-17 09:41:48,MCD,182.49,5,ASK
2018-12-17 09:41:52,MCD,182.49,3,BID
2018-12-17 09:40:53,MCD,182.61,4,ASK
2018-12-17 09:41:52,MCD,182.49,3,BID
2018-12-17 09:40:53,MCD,182.61,4,ASK
2018-12-17 09:41:54,MCD,182.5,1,BID
2018-12-17 09:41:54,MCD,182.61,5,ASK
2018-12-17 09:41:54,MCD,182.5,1,BID
2018-12-17 09:41:54,MCD,182.61,5,ASK
2018-12-17 09:41:54,MCD,182.5,1,BID
2018-12-17 09:41:54,MCD,182.61,5,ASK
2018-12-17 09:41:58,MCD,182.46,3,BID
2018-12-17 09:41:58,MCD,182.47,1,ASK
2018-12-17 09:41:58,MCD,182.41,2,BID
2018-12-17 09:41:58,MCD,182.55,5,ASK
2018-12-17 09:41:59,MCD,182.41,2,BID
2018-12-17 09:41:59,MCD,182.55,6,ASK
2018-12-17 09:42:00,MCD,182.41,1,BID
2018-12-17 09:42:00,MCD,182.54,2,ASK
2018-12-17 09:42:00,MCD,182.41,1,BID
2018-12-17 09:42:00,MCD,182.54,2,ASK
2018-12-17 09:42:00,MCD,182.41,1,BID
2018-12-17 09:42:00,MCD,182.54,2,ASK
2018-12-17 09:42:00,MCD,182.41,1,BID
2018-12-17 09:42:00,MCD,182.54,2,ASK
2018-12-17 09:42:05,MCD,182.42,1,BID
2018-12-17 09:42:05,MCD,182.54,2,ASK
2018-12-17 09:42:05,MCD,182.35,3,BID
2018-12-17 09:42:06,MCD,182.49,5,ASK
2018-12-17 09:42:05,MCD,182.35,3,BID
2018-12-17 09:42:06,MCD,182.49,6,ASK
2018-12-17 09:42:05,MCD,182.35,3,BID
2018-12-17 09:42:06,MCD,182.49,6,ASK
2018-12-17 09:42:09,MCD,182.31,3,BID
2018-12-17 09:42:08,MCD,182.49,6,ASK
2018-12-17 09:42:10,MCD,182.27,8,BID
2018-12-17 09:42:10,MCD,182.44,2,ASK
2018-12-17 09:41:30,MCD,182.26,8,BID
2018-12-17 09:42:10,MCD,182.42,1,ASK
2018-12-17 09:41:30,MCD,182.26,8,BID
2018-12-17 09:42:10,MCD,182.42,1,ASK
2018-12-17 09:41:30,MCD,182.26,8,BID
2018-12-17 09:42:10,MCD,182.42,1,ASK
2018-12-17 09:41:30,MCD,182.26,9,BID
2018-12-17 09:42:13,MCD,182.42,1,ASK
2018-12-17 09:41:30,MCD,182.26,9,BID
2018-12-17 09:42:13,MCD,182.42,1,ASK
2018-12-17 09:41:30,MCD,182.26,9,BID
2018-12-17 09:42:13,MCD,182.42,1,ASK
2018-12-17 09:41:30,MCD,182.26,9,BID
2018-12-17 09:42:13,MCD,182.42,1,ASK
2018-12-17 09:41:30,MCD,182.26,9,BID
2018-12-17 09:42:13,MCD,182.42,1,ASK
2018-12-17 09:41:30,MCD,182.26,9,BID
2018-12-17 09:42:19,MCD,182.42,5,ASK
2018-12-17 09:41:30,MCD,182.26,9,BID
2018-12-17 09:42:19,MCD,182.42,5,ASK
2018-12-17 09:41:30,MCD,182.26,8,BID
2018-12-17 09:42:19,MCD,182.42,5,ASK
2018-12-17 09:41:30,MCD,182.26,8,BID
2018-12-17 09:42:19,MCD,182.42,5,ASK
2018-12-17 09:41:30,MCD,182.26,8,BID
2018-12-17 09:42:23,MCD,182.41,2,ASK
2018-12-17 09:41:30,MCD,182.26,8,BID
2018-12-17 09:42:24,MCD,182.41,4,ASK
2018-12-17 09:41:30,MCD,182.26,8,BID
2018-12-17 09:42:24,MCD,182.41,4,ASK
2018-12-17 09:42:26,MCD,182.15,1,BID
2018-12-17 09:42:26,MCD,182.25,1,ASK
2018-12-17 09:42:26,MCD,182.15,1,BID
2018-12-17 09:42:26,MCD,182.25,1,ASK
2018-12-17 09:42:27,MCD,182.15,1,BID
2018-12-17 09:42:27,MCD,182.23,1,ASK
2018-12-17 09:42:27,MCD,182.15,1,BID
2018-12-17 09:42:27,MCD,182.23,1,ASK
2018-12-17 09:42:30,MCD,182.15,1,BID
2018-12-17 09:42:30,MCD,182.23,1,ASK
2018-12-17 09:42:30,MCD,182.15,1,BID
2018-12-17 09:42:30,MCD,182.23,1,ASK
2018-12-17 09:42:30,MCD,182.15,1,BID
2018-12-17 09:42:30,MCD,182.23,1,ASK
2018-12-17 09:42:32,MCD,182.15,1,BID
2018-12-17 09:42:32,MCD,182.23,2,ASK
2018-12-17 09:42:32,MCD,182.15,1,BID
2018-12-17 09:42:32,MCD,182.23,2,ASK
2018-12-17 09:42:34,MCD,182.15,1,BID
2018-12-17 09:42:34,MCD,182.23,2,ASK
2018-12-17 09:42:34,MCD,182.15,1,BID
2018-12-17 09:42:34,MCD,182.23,2,ASK
2018-12-17 09:42:34,MCD,182.15,1,BID
2018-12-17 09:42:34,MCD,182.23,2,ASK
2018-12-17 09:42:38,MCD,182.15,4,BID
2018-12-17 09:42:38,MCD,182.23,2,ASK
2018-12-17 09:42:38,MCD,182.15,4,BID
2018-12-17 09:42:38,MCD,182.23,2,ASK
2018-12-17 09:42:40,MCD,182.15,3,BID
2018-12-17 09:42:40,MCD,182.15,1,ASK
2018-12-17 09:42:40,MCD,182.02,2,BID
2018-12-17 09:42:40,MCD,182.17,1,ASK
2018-12-17 09:42:40,MCD,182.02,2,BID
2018-12-17 09:42:40,MCD,182.17,1,ASK
2018-12-17 09:42:42,MCD,182.02,2,BID
2018-12-17 09:42:43,MCD,182.11,2,ASK
2018-12-17 09:42:44,MCD,182.0,5,BID
2018-12-17 09:42:44,MCD,182.11,3,ASK
2018-12-17 09:42:44,MCD,182.0,5,BID
2018-12-17 09:42:44,MCD,182.11,3,ASK
2018-12-17 09:42:46,MCD,182.0,7,BID
2018-12-17 09:42:46,MCD,182.08,2,ASK
2018-12-17 09:42:47,MCD,181.91,1,BID
2018-12-17 09:42:47,MCD,181.99,1,ASK
2018-12-17 09:42:48,MCD,181.77,1,BID
2018-12-17 09:42:48,MCD,181.88,1,ASK
2018-12-17 09:42:49,MCD,181.75,4,BID
2018-12-17 09:42:49,MCD,181.87,1,ASK
2018-12-17 09:42:49,MCD,181.75,4,BID
2018-12-17 09:42:50,MCD,181.84,3,ASK
2018-12-17 09:42:51,MCD,181.7,1,BID
2018-12-17 09:42:51,MCD,181.84,3,ASK
2018-12-17 09:42:52,MCD,181.83,1,BID
2018-12-17 09:42:52,MCD,182.0,5,ASK
2018-12-17 09:42:53,MCD,181.83,1,BID
2018-12-17 09:42:53,MCD,181.99,3,ASK
2018-12-17 09:42:53,MCD,181.83,1,BID
2018-12-17 09:42:53,MCD,181.99,3,ASK
2018-12-17 09:42:53,MCD,181.83,1,BID
2018-12-17 09:42:53,MCD,181.99,3,ASK
2018-12-17 09:42:53,MCD,181.83,1,BID
2018-12-17 09:42:53,MCD,181.99,3,ASK
2018-12-17 09:42:53,MCD,181.83,1,BID
2018-12-17 09:42:53,MCD,181.99,3,ASK
2018-12-17 09:42:53,MCD,181.83,1,BID
2018-12-17 09:42:53,MCD,181.99,3,ASK
2018-12-17 09:42:59,MCD,181.83,1,BID
2018-12-17 09:42:59,MCD,181.98,3,ASK
2018-12-17 09:43:00,MCD,181.79,1,BID
2018-12-17 09:43:00,MCD,181.94,1,ASK
2018-12-17 09:43:01,MCD,181.79,1,BID
2018-12-17 09:43:01,MCD,181.92,2,ASK
2018-12-17 09:43:01,MCD,181.77,2,BID
2018-12-17 09:43:01,MCD,181.88,1,ASK
2018-12-17 09:43:03,MCD,181.75,1,BID
2018-12-17 09:43:03,MCD,181.87,1,ASK
2018-12-17 09:43:04,MCD,181.7,3,BID
2018-12-17 09:43:04,MCD,181.83,1,ASK
2018-12-17 09:43:05,MCD,181.7,3,BID
2018-12-17 09:43:05,MCD,181.82,2,ASK
2018-12-17 09:43:05,MCD,181.7,3,BID
2018-12-17 09:43:05,MCD,181.82,3,ASK
2018-12-17 09:43:05,MCD,181.7,3,BID
2018-12-17 09:43:07,MCD,181.81,2,ASK
2018-12-17 09:43:07,MCD,181.7,3,BID
2018-12-17 09:43:07,MCD,181.78,1,ASK
2018-12-17 09:43:09,MCD,181.67,2,BID
2018-12-17 09:43:09,MCD,181.73,2,ASK
2018-12-17 09:43:10,MCD,181.67,2,BID
2018-12-17 09:43:10,MCD,181.76,3,ASK
2018-12-17 09:43:11,MCD,181.67,1,BID
2018-12-17 09:43:11,MCD,181.75,1,ASK
2018-12-17 09:43:11,MCD,181.67,1,BID
2018-12-17 09:43:11,MCD,181.75,1,ASK
2018-12-17 09:43:13,MCD,181.64,1,BID
2018-12-17 09:43:13,MCD,181.74,1,ASK
2018-12-17 09:43:14,MCD,181.63,1,BID
2018-12-17 09:43:14,MCD,181.74,2,ASK
2018-12-17 09:43:15,MCD,181.63,1,BID
2018-12-17 09:43:15,MCD,181.74,4,ASK
2018-12-17 09:43:15,MCD,181.63,1,BID
2018-12-17 09:43:15,MCD,181.74,4,ASK
2018-12-17 09:43:17,MCD,181.63,1,BID
2018-12-17 09:43:15,MCD,181.74,4,ASK
2018-12-17 09:43:17,MCD,181.63,1,BID
2018-12-17 09:43:15,MCD,181.74,4,ASK
2018-12-17 09:43:19,MCD,181.56,3,BID
2018-12-17 09:43:19,MCD,181.72,1,ASK
2018-12-17 09:43:19,MCD,181.57,3,BID
2018-12-17 09:43:19,MCD,181.72,6,ASK
2018-12-17 09:43:19,MCD,181.57,3,BID
2018-12-17 09:43:19,MCD,181.72,6,ASK
2018-12-17 09:43:20,MCD,181.55,2,BID
2018-12-17 09:43:20,MCD,181.68,3,ASK
2018-12-17 09:43:21,MCD,181.51,5,BID
2018-12-17 09:43:21,MCD,181.66,1,ASK
2018-12-17 09:43:21,MCD,181.51,1,BID
2018-12-17 09:43:21,MCD,181.67,4,ASK
2018-12-17 09:43:21,MCD,181.51,1,BID
2018-12-17 09:43:21,MCD,181.66,1,ASK
2018-12-17 09:43:22,MCD,181.51,1,BID
2018-12-17 09:43:22,MCD,181.66,1,ASK
2018-12-17 09:43:22,MCD,181.51,1,BID
2018-12-17 09:43:22,MCD,181.66,1,ASK
2018-12-17 09:43:23,MCD,181.5,7,BID
2018-12-17 09:43:23,MCD,181.66,2,ASK
2018-12-17 09:43:24,MCD,181.5,5,BID
2018-12-17 09:43:24,MCD,181.66,4,ASK
2018-12-17 09:43:25,MCD,181.5,5,BID
2018-12-17 09:43:25,MCD,181.66,4,ASK
2018-12-17 09:43:26,MCD,181.5,6,BID
2018-12-17 09:43:26,MCD,181.66,4,ASK
2018-12-17 09:43:27,MCD,181.5,6,BID
2018-12-17 09:43:27,MCD,181.65,3,ASK
2018-12-17 09:43:29,MCD,181.5,6,BID
2018-12-17 09:43:29,MCD,181.63,1,ASK
2018-12-17 09:43:30,MCD,181.5,6,BID
2018-12-17 09:43:30,MCD,181.63,2,ASK
2018-12-17 09:43:31,MCD,181.5,6,BID
2018-12-17 09:43:31,MCD,181.63,4,ASK
2018-12-17 09:43:32,MCD,181.55,1,BID
2018-12-17 09:43:32,MCD,181.64,5,ASK
2018-12-17 09:43:34,MCD,181.57,4,BID
2018-12-17 09:43:34,MCD,181.73,2,ASK
2018-12-17 09:43:35,MCD,181.57,4,BID
2018-12-17 09:43:35,MCD,181.73,1,ASK
2018-12-17 09:43:37,MCD,181.58,3,BID
2018-12-17 09:43:37,MCD,181.77,4,ASK
2018-12-17 09:43:38,MCD,181.55,3,BID
2018-12-17 09:43:38,MCD,181.72,3,ASK
2018-12-17 09:43:38,MCD,181.55,3,BID
2018-12-17 09:43:38,MCD,181.72,3,ASK
2018-12-17 09:43:38,MCD,181.55,3,BID
2018-12-17 09:43:38,MCD,181.72,3,ASK
2018-12-17 09:43:38,MCD,181.55,3,BID
2018-12-17 09:43:38,MCD,181.72,3,ASK
2018-12-17 09:43:38,MCD,181.55,3,BID
2018-12-17 09:43:38,MCD,181.72,3,ASK
2018-12-17 09:43:38,MCD,181.55,3,BID
2018-12-17 09:43:42,MCD,181.72,4,ASK
2018-12-17 09:43:46,MCD,181.55,4,BID
2018-12-17 09:43:43,MCD,181.72,4,ASK
2018-12-17 09:43:47,MCD,181.55,4,BID
2018-12-17 09:43:47,MCD,181.72,5,ASK
2018-12-17 09:43:47,MCD,181.55,4,BID
2018-12-17 09:43:47,MCD,181.72,5,ASK
2018-12-17 09:43:47,MCD,181.55,4,BID
2018-12-17 09:43:47,MCD,181.72,5,ASK
2018-12-17 09:43:50,MCD,181.64,3,BID
2018-12-17 09:43:05,MCD,181.83,7,ASK
2018-12-17 09:43:50,MCD,181.64,3,BID
2018-12-17 09:43:05,MCD,181.83,7,ASK
2018-12-17 09:43:52,MCD,181.64,3,BID
2018-12-17 09:43:52,MCD,181.81,2,ASK
2018-12-17 09:43:53,MCD,181.64,7,BID
2018-12-17 09:43:53,MCD,181.81,2,ASK
2018-12-17 09:43:54,MCD,181.64,7,BID
2018-12-17 09:43:54,MCD,181.81,2,ASK
2018-12-17 09:43:54,MCD,181.64,7,BID
2018-12-17 09:43:54,MCD,181.81,2,ASK
2018-12-17 09:43:56,MCD,181.64,7,BID
2018-12-17 09:43:56,MCD,181.81,2,ASK
2018-12-17 09:43:57,MCD,181.64,6,BID
2018-12-17 09:43:57,MCD,181.81,2,ASK
2018-12-17 09:43:58,MCD,181.65,1,BID
2018-12-17 09:43:58,MCD,181.81,4,ASK
2018-12-17 09:44:00,MCD,181.72,1,BID
2018-12-17 09:43:05,MCD,181.83,5,ASK
2018-12-17 09:44:00,MCD,181.71,3,BID
2018-12-17 09:44:00,MCD,181.79,1,ASK
2018-12-17 09:44:00,MCD,181.64,8,BID
2018-12-17 09:44:01,MCD,181.76,1,ASK
2018-12-17 09:44:00,MCD,181.64,8,BID
2018-12-17 09:44:01,MCD,181.76,1,ASK
2018-12-17 09:44:03,MCD,181.64,13,BID
2018-12-17 09:44:03,MCD,181.79,1,ASK
2018-12-17 09:44:04,MCD,181.64,13,BID
2018-12-17 09:44:04,MCD,181.78,1,ASK
2018-12-17 09:44:05,MCD,181.64,13,BID
2018-12-17 09:44:05,MCD,181.78,2,ASK
2018-12-17 09:44:05,MCD,181.64,13,BID
2018-12-17 09:44:05,MCD,181.78,2,ASK
2018-12-17 09:44:05,MCD,181.64,13,BID
2018-12-17 09:44:05,MCD,181.78,2,ASK
2018-12-17 09:44:05,MCD,181.64,13,BID
2018-12-17 09:44:05,MCD,181.78,2,ASK
2018-12-17 09:44:05,MCD,181.64,13,BID
2018-12-17 09:44:05,MCD,181.78,2,ASK
2018-12-17 09:44:05,MCD,181.64,13,BID
2018-12-17 09:44:05,MCD,181.78,2,ASK
2018-12-17 09:44:05,MCD,181.64,13,BID
2018-12-17 09:44:05,MCD,181.78,2,ASK
2018-12-17 09:43:52,MCD,181.64,13,BID
2018-12-17 09:44:04,MCD,181.78,2,ASK
2018-12-17 09:43:52,MCD,181.64,13,BID
2018-12-17 09:44:04,MCD,181.78,2,ASK
2018-12-17 09:43:52,MCD,181.64,13,BID
2018-12-17 09:44:04,MCD,181.78,2,ASK
2018-12-17 09:44:15,MCD,181.77,4,BID
2018-12-17 09:44:15,MCD,181.93,4,ASK
2018-12-17 09:44:15,MCD,181.77,5,BID
2018-12-17 09:44:15,MCD,181.94,2,ASK
2018-12-17 09:44:15,MCD,181.77,5,BID
2018-12-17 09:44:15,MCD,181.94,2,ASK
2018-12-17 09:44:15,MCD,181.77,5,BID
2018-12-17 09:44:18,MCD,181.94,2,ASK
2018-12-17 09:44:19,MCD,181.79,3,BID
2018-12-17 09:44:19,MCD,181.96,5,ASK
2018-12-17 09:44:20,MCD,181.79,3,BID
2018-12-17 09:44:20,MCD,182.0,5,ASK
2018-12-17 09:44:20,MCD,181.79,3,BID
2018-12-17 09:44:20,MCD,182.0,5,ASK
2018-12-17 09:44:20,MCD,181.79,3,BID
2018-12-17 09:44:20,MCD,182.0,5,ASK
2018-12-17 09:44:23,MCD,181.8,5,BID
2018-12-17 09:44:23,MCD,182.04,3,ASK
2018-12-17 09:44:24,MCD,181.85,3,BID
2018-12-17 09:44:24,MCD,181.97,1,ASK
2018-12-17 09:44:24,MCD,181.85,3,BID
2018-12-17 09:44:24,MCD,181.97,1,ASK
2018-12-17 09:44:24,MCD,181.85,3,BID
2018-12-17 09:44:24,MCD,181.97,1,ASK
2018-12-17 09:44:24,MCD,181.85,4,BID
2018-12-17 09:44:27,MCD,181.96,1,ASK
2018-12-17 09:44:24,MCD,181.85,4,BID
2018-12-17 09:44:27,MCD,181.96,1,ASK
2018-12-17 09:44:24,MCD,181.85,4,BID
2018-12-17 09:44:30,MCD,181.96,1,ASK
2018-12-17 09:44:24,MCD,181.85,4,BID
2018-12-17 09:44:30,MCD,181.96,1,ASK
2018-12-17 09:44:24,MCD,181.85,4,BID
2018-12-17 09:44:30,MCD,181.96,1,ASK
2018-12-17 09:44:24,MCD,181.85,4,BID
2018-12-17 09:44:30,MCD,181.96,1,ASK
2018-12-17 09:44:24,MCD,181.85,4,BID
2018-12-17 09:44:33,MCD,181.95,1,ASK
2018-12-17 09:44:24,MCD,181.85,4,BID
2018-12-17 09:44:33,MCD,181.95,1,ASK
2018-12-17 09:44:24,MCD,181.85,4,BID
2018-12-17 09:44:33,MCD,181.95,1,ASK
2018-12-17 09:44:24,MCD,181.85,4,BID
2018-12-17 09:44:36,MCD,181.94,1,ASK
2018-12-17 09:44:24,MCD,181.85,4,BID
2018-12-17 09:44:36,MCD,181.94,1,ASK
2018-12-17 09:44:19,MCD,181.77,9,BID
2018-12-17 09:44:38,MCD,181.85,2,ASK
2018-12-17 09:44:19,MCD,181.77,9,BID
2018-12-17 09:44:38,MCD,181.85,2,ASK
2018-12-17 09:44:19,MCD,181.77,9,BID
2018-12-17 09:44:40,MCD,181.86,1,ASK
2018-12-17 09:44:19,MCD,181.77,9,BID
2018-12-17 09:44:40,MCD,181.86,1,ASK
2018-12-17 09:44:19,MCD,181.77,9,BID
2018-12-17 09:44:40,MCD,181.86,1,ASK
2018-12-17 09:44:43,MCD,181.82,3,BID
2018-12-17 09:44:43,MCD,182.0,4,ASK
2018-12-17 09:44:43,MCD,181.82,3,BID
2018-12-17 09:44:43,MCD,182.0,4,ASK
2018-12-17 09:44:45,MCD,181.82,3,BID
2018-12-17 09:44:45,MCD,182.0,4,ASK
2018-12-17 09:44:47,MCD,181.82,4,BID
2018-12-17 09:44:47,MCD,181.95,3,ASK
2018-12-17 09:44:48,MCD,181.81,1,BID
2018-12-17 09:44:48,MCD,181.91,3,ASK
2018-12-17 09:44:48,MCD,181.81,1,BID
2018-12-17 09:44:48,MCD,181.91,3,ASK
2018-12-17 09:44:49,MCD,181.81,1,BID
2018-12-17 09:44:49,MCD,181.93,3,ASK
2018-12-17 09:44:50,MCD,181.81,1,BID
2018-12-17 09:44:50,MCD,181.91,1,ASK
2018-12-17 09:44:51,MCD,181.81,1,BID
2018-12-17 09:44:51,MCD,181.89,3,ASK
2018-12-17 09:44:51,MCD,181.81,1,BID
2018-12-17 09:44:51,MCD,181.89,3,ASK
2018-12-17 09:44:53,MCD,181.81,1,BID
2018-12-17 09:44:53,MCD,181.88,1,ASK
2018-12-17 09:44:53,MCD,181.81,1,BID
2018-12-17 09:44:53,MCD,181.88,1,ASK
2018-12-17 09:44:43,MCD,181.78,2,BID
2018-12-17 09:44:56,MCD,181.88,5,ASK
2018-12-17 09:43:52,MCD,181.64,17,BID
2018-12-17 09:44:57,MCD,181.73,2,ASK
2018-12-17 09:44:57,MCD,181.63,2,BID
2018-12-17 09:44:57,MCD,181.73,2,ASK
2018-12-17 09:44:58,MCD,181.61,4,BID
2018-12-17 09:44:58,MCD,181.72,1,ASK
2018-12-17 09:44:58,MCD,181.61,3,BID
2018-12-17 09:45:00,MCD,181.71,2,ASK
2018-12-17 09:45:00,MCD,181.6,1,BID
2018-12-17 09:45:00,MCD,181.69,1,ASK
2018-12-17 09:45:01,MCD,181.6,1,BID
2018-12-17 09:45:01,MCD,181.67,1,ASK
2018-12-17 09:45:01,MCD,181.6,1,BID
2018-12-17 09:45:01,MCD,181.67,1,ASK
2018-12-17 09:45:02,MCD,181.52,2,BID
2018-12-17 09:45:02,MCD,181.61,1,ASK
2018-12-17 09:45:02,MCD,181.52,2,BID
2018-12-17 09:45:02,MCD,181.61,1,ASK
2018-12-17 09:45:05,MCD,181.51,1,BID
2018-12-17 09:45:05,MCD,181.61,3,ASK
2018-12-17 09:45:07,MCD,181.56,1,BID
2018-12-17 09:45:07,MCD,181.68,2,ASK
2018-12-17 09:45:07,MCD,181.56,1,BID
2018-12-17 09:45:07,MCD,181.68,2,ASK
2018-12-17 09:45:08,MCD,181.56,2,BID
2018-12-17 09:45:08,MCD,181.67,1,ASK
2018-12-17 09:45:09,MCD,181.56,2,BID
2018-12-17 09:45:09,MCD,181.67,1,ASK
2018-12-17 09:45:10,MCD,181.56,3,BID
2018-12-17 09:45:10,MCD,181.67,2,ASK
2018-12-17 09:45:11,MCD,181.56,3,BID
2018-12-17 09:45:11,MCD,181.67,4,ASK
2018-12-17 09:45:07,MCD,181.56,3,BID
2018-12-17 09:45:11,MCD,181.67,4,ASK
2018-12-17 09:45:14,MCD,181.61,1,BID
2018-12-17 09:45:14,MCD,181.67,4,ASK
2018-12-17 09:45:14,MCD,181.61,1,BID
2018-12-17 09:45:14,MCD,181.72,4,ASK
2018-12-17 09:45:14,MCD,181.61,1,BID
2018-12-17 09:45:14,MCD,181.72,4,ASK
2018-12-17 09:45:16,MCD,181.62,5,BID
2018-12-17 09:45:16,MCD,181.75,1,ASK
2018-12-17 09:45:16,MCD,181.62,5,BID
2018-12-17 09:45:16,MCD,181.75,2,ASK
2018-12-17 09:45:19,MCD,181.62,5,BID
2018-12-17 09:45:19,MCD,181.75,3,ASK
2018-12-17 09:45:19,MCD,181.62,5,BID
2018-12-17 09:45:19,MCD,181.75,3,ASK
2018-12-17 09:45:19,MCD,181.62,5,BID
2018-12-17 09:45:19,MCD,181.75,3,ASK
2018-12-17 09:45:21,MCD,181.54,1,BID
2018-12-17 09:45:21,MCD,181.69,2,ASK
2018-12-17 09:45:21,MCD,181.54,1,BID
2018-12-17 09:45:21,MCD,181.69,2,ASK
2018-12-17 09:45:22,MCD,181.54,4,BID
2018-12-17 09:45:22,MCD,181.69,1,ASK
2018-12-17 09:45:22,MCD,181.54,4,BID
2018-12-17 09:45:22,MCD,181.69,1,ASK
2018-12-17 09:45:22,MCD,181.54,4,BID
2018-12-17 09:45:22,MCD,181.69,1,ASK
2018-12-17 09:45:25,MCD,181.54,5,BID
2018-12-17 09:45:25,MCD,181.69,1,ASK
2018-12-17 09:45:26,MCD,181.54,3,BID
2018-12-17 09:45:26,MCD,181.69,1,ASK
2018-12-17 09:45:26,MCD,181.54,3,BID
2018-12-17 09:45:26,MCD,181.69,1,ASK
2018-12-17 09:45:30,MCD,181.54,3,BID
2018-12-17 09:45:30,MCD,181.69,1,ASK
2018-12-17 09:45:30,MCD,181.54,3,BID
2018-12-17 09:45:30,MCD,181.69,1,ASK
2018-12-17 09:45:31,MCD,181.54,3,BID
2018-12-17 09:45:31,MCD,181.69,4,ASK
2018-12-17 09:45:32,MCD,181.54,5,BID
2018-12-17 09:45:32,MCD,181.69,4,ASK
2018-12-17 09:45:32,MCD,181.54,5,BID
2018-12-17 09:45:32,MCD,181.69,4,ASK
2018-12-17 09:45:32,MCD,181.54,5,BID
2018-12-17 09:45:32,MCD,181.69,4,ASK
2018-12-17 09:45:32,MCD,181.54,5,BID
2018-12-17 09:45:32,MCD,181.69,4,ASK
2018-12-17 09:45:32,MCD,181.54,5,BID
2018-12-17 09:45:32,MCD,181.69,4,ASK
2018-12-17 09:45:36,MCD,181.54,3,BID
2018-12-17 09:45:36,MCD,181.69,4,ASK
2018-12-17 09:45:36,MCD,181.54,3,BID
2018-12-17 09:45:36,MCD,181.69,4,ASK
2018-12-17 09:45:36,MCD,181.54,3,BID
2018-12-17 09:45:36,MCD,181.69,4,ASK
2018-12-17 09:45:36,MCD,181.54,3,BID
2018-12-17 09:45:36,MCD,181.69,4,ASK
2018-12-17 09:45:36,MCD,181.54,3,BID
2018-12-17 09:45:36,MCD,181.69,4,ASK
2018-12-17 09:45:43,MCD,181.54,3,BID
2018-12-17 09:45:43,MCD,181.69,4,ASK
2018-12-17 09:45:44,MCD,181.55,3,BID
2018-12-17 09:45:44,MCD,181.69,4,ASK
2018-12-17 09:45:44,MCD,181.55,4,BID
2018-12-17 09:45:44,MCD,181.69,4,ASK
2018-12-17 09:45:44,MCD,181.55,4,BID
2018-12-17 09:45:44,MCD,181.69,4,ASK
2018-12-17 09:45:47,MCD,181.59,1,BID
2018-12-17 09:45:47,MCD,181.69,5,ASK
2018-12-17 09:45:47,MCD,181.59,2,BID
2018-12-17 09:45:47,MCD,181.69,5,ASK
2018-12-17 09:45:47,MCD,181.59,2,BID
2018-12-17 09:45:47,MCD,181.69,5,ASK
2018-12-17 09:45:47,MCD,181.59,2,BID
2018-12-17 09:45:47,MCD,181.69,5,ASK
2018-12-17 09:45:47,MCD,181.59,2,BID
2018-12-17 09:45:47,MCD,181.69,5,ASK
2018-12-17 09:45:51,MCD,181.59,2,BID
2018-12-17 09:45:51,MCD,181.69,7,ASK
2018-12-17 09:45:51,MCD,181.59,2,BID
2018-12-17 09:45:51,MCD,181.69,7,ASK
2018-12-17 09:45:54,MCD,181.59,2,BID
2018-12-17 09:45:54,MCD,181.69,6,ASK
2018-12-17 09:45:54,MCD,181.59,2,BID
2018-12-17 09:45:54,MCD,181.68,1,ASK
2018-12-17 09:45:56,MCD,181.55,3,BID
2018-12-17 09:45:56,MCD,181.66,3,ASK
2018-12-17 09:45:57,MCD,181.55,3,BID
2018-12-17 09:45:57,MCD,181.65,1,ASK
2018-12-17 09:45:57,MCD,181.55,3,BID
2018-12-17 09:45:57,MCD,181.65,2,ASK
2018-12-17 09:45:57,MCD,181.55,3,BID
2018-12-17 09:45:57,MCD,181.65,2,ASK
2018-12-17 09:46:00,MCD,181.55,4,BID
2018-12-17 09:46:00,MCD,181.65,2,ASK
2018-12-17 09:46:01,MCD,181.55,4,BID
2018-12-17 09:46:01,MCD,181.65,2,ASK
2018-12-17 09:46:01,MCD,181.55,4,BID
2018-12-17 09:46:01,MCD,181.65,2,ASK
2018-12-17 09:46:01,MCD,181.55,4,BID
2018-12-17 09:46:01,MCD,181.65,2,ASK
2018-12-17 09:46:01,MCD,181.55,4,BID
2018-12-17 09:46:01,MCD,181.65,2,ASK
2018-12-17 09:46:01,MCD,181.55,4,BID
2018-12-17 09:46:01,MCD,181.65,2,ASK
2018-12-17 09:46:01,MCD,181.55,4,BID
2018-12-17 09:46:01,MCD,181.65,2,ASK
2018-12-17 09:46:07,MCD,181.55,3,BID
2018-12-17 09:46:07,MCD,181.64,2,ASK
2018-12-17 09:46:08,MCD,181.54,2,BID
2018-12-17 09:46:08,MCD,181.64,5,ASK
2018-12-17 09:46:09,MCD,181.54,3,BID
2018-12-17 09:46:09,MCD,181.63,3,ASK
2018-12-17 09:46:09,MCD,181.54,5,BID
2018-12-17 09:46:09,MCD,181.63,6,ASK
2018-12-17 09:46:11,MCD,181.54,5,BID
2018-12-17 09:46:09,MCD,181.63,6,ASK
2018-12-17 09:46:11,MCD,181.54,5,BID
2018-12-17 09:46:09,MCD,181.63,6,ASK
2018-12-17 09:46:12,MCD,181.55,1,BID
2018-12-17 09:46:12,MCD,181.63,9,ASK
2018-12-17 09:46:12,MCD,181.55,1,BID
2018-12-17 09:46:12,MCD,181.63,9,ASK
2018-12-17 09:46:12,MCD,181.55,1,BID
2018-12-17 09:46:12,MCD,181.63,9,ASK
2018-12-17 09:43:24,MCD,181.5,5,BID
2018-12-17 09:46:16,MCD,181.6,1,ASK
2018-12-17 09:46:16,MCD,181.53,1,BID
2018-12-17 09:46:16,MCD,181.61,2,ASK
2018-12-17 09:46:18,MCD,181.36,2,BID
2018-12-17 09:46:18,MCD,181.54,3,ASK
2018-12-17 09:46:18,MCD,181.36,2,BID
2018-12-17 09:46:18,MCD,181.54,4,ASK
2018-12-17 09:46:20,MCD,181.36,2,BID
2018-12-17 09:46:20,MCD,181.53,1,ASK
2018-12-17 09:46:21,MCD,181.36,4,BID
2018-12-17 09:46:21,MCD,181.53,6,ASK
2018-12-17 09:46:21,MCD,181.36,4,BID
2018-12-17 09:46:21,MCD,181.53,6,ASK
2018-12-17 09:46:21,MCD,181.36,4,BID
2018-12-17 09:46:21,MCD,181.53,6,ASK
2018-12-17 09:46:24,MCD,181.36,4,BID
2018-12-17 09:46:24,MCD,181.53,6,ASK
2018-12-17 09:46:24,MCD,181.36,4,BID
2018-12-17 09:46:24,MCD,181.53,6,ASK
2018-12-17 09:46:26,MCD,181.36,4,BID
2018-12-17 09:46:24,MCD,181.53,9,ASK
2018-12-17 09:46:26,MCD,181.36,4,BID
2018-12-17 09:46:24,MCD,181.53,9,ASK
2018-12-17 09:46:26,MCD,181.36,4,BID
2018-12-17 09:46:24,MCD,181.53,9,ASK
2018-12-17 09:46:29,MCD,181.29,1,BID
2018-12-17 09:46:29,MCD,181.46,5,ASK
2018-12-17 09:46:30,MCD,181.29,1,BID
2018-12-17 09:46:30,MCD,181.46,5,ASK
2018-12-17 09:46:31,MCD,181.29,3,BID
2018-12-17 09:46:30,MCD,181.46,5,ASK
2018-12-17 09:46:31,MCD,181.37,1,BID
2018-12-17 09:46:31,MCD,181.46,4,ASK
2018-12-17 09:46:32,MCD,181.35,1,BID
2018-12-17 09:46:32,MCD,181.46,1,ASK
2018-12-17 09:46:32,MCD,181.35,1,BID
2018-12-17 09:46:32,MCD,181.46,1,ASK
2018-12-17 09:46:32,MCD,181.35,1,BID
2018-12-17 09:46:32,MCD,181.46,1,ASK
2018-12-17 09:46:35,MCD,181.29,4,BID
2018-12-17 09:46:35,MCD,181.46,1,ASK
2018-12-17 09:46:36,MCD,181.3,2,BID
2018-12-17 09:46:36,MCD,181.46,1,ASK
2018-12-17 09:46:36,MCD,181.3,2,BID
2018-12-17 09:46:36,MCD,181.46,1,ASK
2018-12-17 09:46:39,MCD,181.3,2,BID
2018-12-17 09:46:39,MCD,181.46,1,ASK
2018-12-17 09:46:39,MCD,181.3,2,BID
2018-12-17 09:46:39,MCD,181.46,1,ASK
2018-12-17 09:46:41,MCD,181.3,3,BID
2018-12-17 09:46:41,MCD,181.46,1,ASK
2018-12-17 09:46:42,MCD,181.33,1,BID
2018-12-17 09:46:42,MCD,181.46,1,ASK
2018-12-17 09:46:42,MCD,181.33,1,BID
2018-12-17 09:46:42,MCD,181.46,1,ASK
2018-12-17 09:46:43,MCD,181.33,1,BID
2018-12-17 09:46:43,MCD,181.46,1,ASK
2018-12-17 09:46:43,MCD,181.33,1,BID
2018-12-17 09:46:43,MCD,181.46,1,ASK
2018-12-17 09:46:43,MCD,181.33,1,BID
2018-12-17 09:46:43,MCD,181.46,1,ASK
2018-12-17 09:46:43,MCD,181.33,1,BID
2018-12-17 09:46:43,MCD,181.46,1,ASK
2018-12-17 09:46:43,MCD,181.33,1,BID
2018-12-17 09:46:43,MCD,181.46,1,ASK
2018-12-17 09:46:49,MCD,181.41,2,BID
2018-12-17 09:46:49,MCD,181.46,1,ASK
2018-12-17 09:46:49,MCD,181.44,1,BID
2018-12-17 09:46:49,MCD,181.51,2,ASK
2018-12-17 09:46:51,MCD,181.41,4,BID
2018-12-17 09:46:51,MCD,181.53,10,ASK
2018-12-17 09:46:51,MCD,181.41,4,BID
2018-12-17 09:46:52,MCD,181.53,11,ASK
2018-12-17 09:46:53,MCD,181.41,7,BID
2018-12-17 09:46:53,MCD,181.53,11,ASK
2018-12-17 09:46:54,MCD,181.52,2,BID
2018-12-17 09:46:54,MCD,181.69,1,ASK
2018-12-17 09:46:55,MCD,181.52,3,BID
2018-12-17 09:46:55,MCD,181.69,2,ASK
2018-12-17 09:46:56,MCD,181.61,3,BID
2018-12-17 09:46:56,MCD,181.7,1,ASK
2018-12-17 09:46:56,MCD,181.61,2,BID
2018-12-17 09:46:56,MCD,181.7,1,ASK
2018-12-17 09:46:58,MCD,181.63,8,BID
2018-12-17 09:46:58,MCD,181.86,3,ASK
2018-12-17 09:46:59,MCD,181.63,8,BID
2018-12-17 09:46:59,MCD,181.86,3,ASK
2018-12-17 09:47:00,MCD,181.63,8,BID
2018-12-17 09:47:00,MCD,181.86,3,ASK
2018-12-17 09:47:00,MCD,181.63,8,BID
2018-12-17 09:47:00,MCD,181.86,3,ASK
2018-12-17 09:47:02,MCD,181.64,5,BID
2018-12-17 09:47:02,MCD,181.86,5,ASK
2018-12-17 09:47:02,MCD,181.64,5,BID
2018-12-17 09:47:02,MCD,181.86,5,ASK
2018-12-17 09:47:02,MCD,181.64,5,BID
2018-12-17 09:47:02,MCD,181.86,5,ASK
2018-12-17 09:47:04,MCD,181.66,2,BID
2018-12-17 09:47:02,MCD,181.86,5,ASK
2018-12-17 09:47:04,MCD,181.66,2,BID
2018-12-17 09:47:02,MCD,181.86,5,ASK
2018-12-17 09:47:04,MCD,181.66,2,BID
2018-12-17 09:47:02,MCD,181.86,5,ASK
2018-12-17 09:47:07,MCD,181.66,2,BID
2018-12-17 09:47:02,MCD,181.86,5,ASK
2018-12-17 09:47:09,MCD,181.66,2,BID
2018-12-17 09:47:02,MCD,181.86,7,ASK
2018-12-17 09:47:10,MCD,181.7,2,BID
2018-12-17 09:47:02,MCD,181.86,6,ASK
2018-12-17 09:47:10,MCD,181.7,2,BID
2018-12-17 09:47:02,MCD,181.86,6,ASK
2018-12-17 09:47:10,MCD,181.7,2,BID
2018-12-17 09:47:02,MCD,181.86,6,ASK
2018-12-17 09:47:13,MCD,181.7,2,BID
2018-12-17 09:47:07,MCD,181.86,6,ASK
2018-12-17 09:47:14,MCD,181.7,4,BID
2018-12-17 09:47:14,MCD,181.86,5,ASK
2018-12-17 09:47:15,MCD,181.71,1,BID
2018-12-17 09:47:15,MCD,181.85,1,ASK
2018-12-17 09:47:16,MCD,181.72,2,BID
2018-12-17 09:47:16,MCD,181.86,4,ASK
2018-12-17 09:47:17,MCD,181.74,1,BID
2018-12-17 09:47:17,MCD,181.86,3,ASK
2018-12-17 09:47:18,MCD,181.74,3,BID
2018-12-17 09:47:18,MCD,181.85,1,ASK
2018-12-17 09:47:19,MCD,181.74,3,BID
2018-12-17 09:47:19,MCD,181.85,1,ASK
2018-12-17 09:47:20,MCD,181.74,5,BID
2018-12-17 09:47:20,MCD,181.86,3,ASK
2018-12-17 09:47:20,MCD,181.74,5,BID
2018-12-17 09:47:20,MCD,181.86,3,ASK
2018-12-17 09:47:20,MCD,181.74,5,BID
2018-12-17 09:47:20,MCD,181.86,3,ASK
2018-12-17 09:47:23,MCD,181.76,2,BID
2018-12-17 09:47:20,MCD,181.86,3,ASK
2018-12-17 09:47:23,MCD,181.76,2,BID
2018-12-17 09:47:20,MCD,181.86,3,ASK
2018-12-17 09:47:23,MCD,181.76,2,BID
2018-12-17 09:47:20,MCD,181.86,3,ASK
2018-12-17 09:47:23,MCD,181.76,2,BID
2018-12-17 09:47:20,MCD,181.86,3,ASK
2018-12-17 09:47:23,MCD,181.76,2,BID
2018-12-17 09:47:20,MCD,181.86,3,ASK
2018-12-17 09:47:28,MCD,181.67,1,BID
2018-12-17 09:47:28,MCD,181.83,6,ASK
2018-12-17 09:47:28,MCD,181.67,1,BID
2018-12-17 09:47:28,MCD,181.83,6,ASK
2018-12-17 09:47:30,MCD,181.67,3,BID
2018-12-17 09:47:30,MCD,181.83,6,ASK
2018-12-17 09:47:31,MCD,181.63,9,BID
2018-12-17 09:47:31,MCD,181.77,2,ASK
2018-12-17 09:47:32,MCD,181.65,1,BID
2018-12-17 09:47:32,MCD,181.8,2,ASK
2018-12-17 09:47:32,MCD,181.65,1,BID
2018-12-17 09:47:32,MCD,181.8,2,ASK
2018-12-17 09:47:34,MCD,181.65,1,BID
2018-12-17 09:47:34,MCD,181.8,3,ASK
2018-12-17 09:47:34,MCD,181.65,1,BID
2018-12-17 09:47:34,MCD,181.8,3,ASK
2018-12-17 09:47:35,MCD,181.65,1,BID
2018-12-17 09:47:35,MCD,181.8,3,ASK
2018-12-17 09:47:35,MCD,181.65,1,BID
2018-12-17 09:47:35,MCD,181.8,3,ASK
2018-12-17 09:47:38,MCD,181.65,1,BID
2018-12-17 09:47:35,MCD,181.8,3,ASK
2018-12-17 09:47:38,MCD,181.65,1,BID
2018-12-17 09:47:35,MCD,181.8,3,ASK
2018-12-17 09:47:39,MCD,181.65,1,BID
2018-12-17 09:47:35,MCD,181.8,4,ASK
2018-12-17 09:47:41,MCD,181.65,2,BID
2018-12-17 09:47:35,MCD,181.8,4,ASK
2018-12-17 09:47:41,MCD,181.65,2,BID
2018-12-17 09:47:35,MCD,181.8,4,ASK
2018-12-17 09:47:43,MCD,181.65,2,BID
2018-12-17 09:47:35,MCD,181.8,4,ASK
2018-12-17 09:47:43,MCD,181.65,2,BID
2018-12-17 09:47:35,MCD,181.8,4,ASK
2018-12-17 09:47:43,MCD,181.65,2,BID
2018-12-17 09:47:35,MCD,181.8,4,ASK
2018-12-17 09:47:46,MCD,181.65,3,BID
2018-12-17 09:47:35,MCD,181.8,4,ASK
2018-12-17 09:47:46,MCD,181.65,3,BID
2018-12-17 09:47:35,MCD,181.8,4,ASK
2018-12-17 09:47:48,MCD,181.66,1,BID
2018-12-17 09:47:48,MCD,181.8,3,ASK
2018-12-17 09:47:48,MCD,181.66,1,BID
2018-12-17 09:47:48,MCD,181.8,3,ASK
2018-12-17 09:47:48,MCD,181.66,1,BID
2018-12-17 09:47:48,MCD,181.8,3,ASK
2018-12-17 09:47:51,MCD,181.8,2,BID
2018-12-17 09:47:51,MCD,181.9,1,ASK
2018-12-17 09:47:52,MCD,181.8,2,BID
2018-12-17 09:47:52,MCD,181.91,1,ASK
2018-12-17 09:47:53,MCD,181.8,3,BID
2018-12-17 09:47:53,MCD,181.89,1,ASK
2018-12-17 09:47:54,MCD,181.82,4,BID
2018-12-17 09:47:54,MCD,181.91,3,ASK
2018-12-17 09:47:55,MCD,181.84,3,BID
2018-12-17 09:47:54,MCD,181.91,3,ASK
2018-12-17 09:47:56,MCD,181.84,4,BID
2018-12-17 09:47:56,MCD,181.92,3,ASK
2018-12-17 09:47:57,MCD,181.84,4,BID
2018-12-17 09:47:57,MCD,181.92,3,ASK
2018-12-17 09:47:58,MCD,181.84,6,BID
2018-12-17 09:47:58,MCD,181.92,3,ASK
2018-12-17 09:47:58,MCD,181.84,6,BID
2018-12-17 09:47:58,MCD,181.92,3,ASK
2018-12-17 09:48:00,MCD,181.8,6,BID
2018-12-17 09:48:00,MCD,181.9,1,ASK
2018-12-17 09:48:01,MCD,181.8,6,BID
2018-12-17 09:48:01,MCD,181.89,1,ASK
2018-12-17 09:48:02,MCD,181.8,6,BID
2018-12-17 09:48:02,MCD,181.9,1,ASK
2018-12-17 09:48:03,MCD,181.8,7,BID
2018-12-17 09:48:03,MCD,181.9,2,ASK
2018-12-17 09:48:03,MCD,181.8,7,BID
2018-12-17 09:48:03,MCD,181.9,2,ASK
2018-12-17 09:48:03,MCD,181.8,7,BID
2018-12-17 09:48:03,MCD,181.9,2,ASK
2018-12-17 09:48:06,MCD,181.8,7,BID
2018-12-17 09:48:06,MCD,181.9,3,ASK
2018-12-17 09:48:06,MCD,181.8,7,BID
2018-12-17 09:48:06,MCD,181.9,3,ASK
2018-12-17 09:48:06,MCD,181.8,7,BID
2018-12-17 09:48:06,MCD,181.9,3,ASK
2018-12-17 09:48:06,MCD,181.8,7,BID
2018-12-17 09:48:06,MCD,181.9,3,ASK
2018-12-17 09:48:06,MCD,181.8,7,BID
2018-12-17 09:48:06,MCD,181.9,3,ASK
2018-12-17 09:48:06,MCD,181.8,7,BID
2018-12-17 09:48:06,MCD,181.9,3,ASK
2018-12-17 09:48:06,MCD,181.8,7,BID
2018-12-17 09:48:06,MCD,181.9,3,ASK
2018-12-17 09:48:06,MCD,181.8,7,BID
2018-12-17 09:48:06,MCD,181.9,3,ASK
2018-12-17 09:48:06,MCD,181.8,7,BID
2018-12-17 09:48:06,MCD,181.9,3,ASK
2018-12-17 09:48:06,MCD,181.8,7,BID
2018-12-17 09:48:06,MCD,181.9,3,ASK
2018-12-17 09:48:06,MCD,181.8,7,BID
2018-12-17 09:48:06,MCD,181.9,3,ASK
2018-12-17 09:48:06,MCD,181.8,7,BID
2018-12-17 09:48:06,MCD,181.9,3,ASK
2018-12-17 09:48:18,MCD,181.8,8,BID
2018-12-17 09:48:18,MCD,181.9,3,ASK
2018-12-17 09:48:18,MCD,181.8,8,BID
2018-12-17 09:48:18,MCD,181.9,3,ASK
2018-12-17 09:48:18,MCD,181.8,8,BID
2018-12-17 09:48:18,MCD,181.9,3,ASK
2018-12-17 09:48:18,MCD,181.8,8,BID
2018-12-17 09:48:18,MCD,181.9,3,ASK
2018-12-17 09:48:18,MCD,181.8,8,BID
2018-12-17 09:48:18,MCD,181.9,3,ASK
2018-12-17 09:48:24,MCD,181.8,8,BID
2018-12-17 09:48:24,MCD,181.9,3,ASK
2018-12-17 09:48:25,MCD,181.8,8,BID
2018-12-17 09:48:00,MCD,181.91,3,ASK
2018-12-17 09:48:25,MCD,181.8,11,BID
2018-12-17 09:48:25,MCD,181.87,1,ASK
2018-12-17 09:48:25,MCD,181.8,11,BID
2018-12-17 09:48:25,MCD,181.87,1,ASK
2018-12-17 09:48:27,MCD,181.8,11,BID
2018-12-17 09:48:27,MCD,181.86,1,ASK
2018-12-17 09:48:27,MCD,181.8,11,BID
2018-12-17 09:48:27,MCD,181.86,1,ASK
2018-12-17 09:48:27,MCD,181.8,9,BID
2018-12-17 09:48:30,MCD,181.86,1,ASK
2018-12-17 09:48:27,MCD,181.8,9,BID
2018-12-17 09:48:30,MCD,181.86,1,ASK
2018-12-17 09:48:32,MCD,181.72,2,BID
2018-12-17 09:48:32,MCD,181.82,4,ASK
2018-12-17 09:48:32,MCD,181.72,2,BID
2018-12-17 09:48:32,MCD,181.82,4,ASK
2018-12-17 09:48:32,MCD,181.72,2,BID
2018-12-17 09:48:32,MCD,181.82,4,ASK
2018-12-17 09:48:35,MCD,181.7,2,BID
2018-12-17 09:48:35,MCD,181.79,1,ASK
2018-12-17 09:48:35,MCD,181.7,2,BID
2018-12-17 09:48:35,MCD,181.79,1,ASK
2018-12-17 09:48:35,MCD,181.7,2,BID
2018-12-17 09:48:35,MCD,181.79,1,ASK
2018-12-17 09:48:35,MCD,181.7,2,BID
2018-12-17 09:48:35,MCD,181.79,1,ASK
2018-12-17 09:48:35,MCD,181.7,2,BID
2018-12-17 09:48:35,MCD,181.79,1,ASK
2018-12-17 09:48:40,MCD,181.7,2,BID
2018-12-17 09:48:40,MCD,181.79,2,ASK
2018-12-17 09:48:40,MCD,181.7,2,BID
2018-12-17 09:48:40,MCD,181.79,2,ASK
2018-12-17 09:48:42,MCD,181.71,1,BID
2018-12-17 09:48:34,MCD,181.8,3,ASK
2018-12-17 09:48:42,MCD,181.71,1,BID
2018-12-17 09:48:34,MCD,181.8,3,ASK
2018-12-17 09:48:42,MCD,181.71,1,BID
2018-12-17 09:48:34,MCD,181.8,3,ASK
2018-12-17 09:48:44,MCD,181.71,2,BID
2018-12-17 09:48:44,MCD,181.79,1,ASK
2018-12-17 09:48:44,MCD,181.71,2,BID
2018-12-17 09:48:44,MCD,181.79,1,ASK
2018-12-17 09:48:46,MCD,181.73,3,BID
2018-12-17 09:48:46,MCD,181.79,1,ASK
2018-12-17 09:48:46,MCD,181.73,3,BID
2018-12-17 09:48:46,MCD,181.79,1,ASK
2018-12-17 09:48:48,MCD,181.73,3,BID
2018-12-17 09:48:48,MCD,181.79,3,ASK
2018-12-17 09:48:48,MCD,181.73,3,BID
2018-12-17 09:48:48,MCD,181.79,3,ASK
2018-12-17 09:48:50,MCD,181.73,4,BID
2018-12-17 09:48:50,MCD,181.79,3,ASK
2018-12-17 09:48:51,MCD,181.73,4,BID
2018-12-17 09:48:51,MCD,181.79,3,ASK
2018-12-17 09:48:51,MCD,181.73,4,BID
2018-12-17 09:48:51,MCD,181.79,3,ASK
2018-12-17 09:48:51,MCD,181.73,4,BID
2018-12-17 09:48:51,MCD,181.79,3,ASK
2018-12-17 09:48:51,MCD,181.73,4,BID
2018-12-17 09:48:51,MCD,181.79,3,ASK
2018-12-17 09:48:51,MCD,181.73,4,BID
2018-12-17 09:48:51,MCD,181.79,3,ASK
2018-12-17 09:48:51,MCD,181.73,4,BID
2018-12-17 09:48:51,MCD,181.79,3,ASK
2018-12-17 09:48:51,MCD,181.73,4,BID
2018-12-17 09:48:51,MCD,181.79,3,ASK
2018-12-17 09:48:58,MCD,181.73,5,BID
2018-12-17 09:48:58,MCD,181.82,1,ASK
2018-12-17 09:49:00,MCD,181.78,1,BID
2018-12-17 09:49:00,MCD,181.85,1,ASK
2018-12-17 09:49:00,MCD,181.83,1,BID
2018-12-17 09:49:00,MCD,181.9,4,ASK
2018-12-17 09:49:01,MCD,181.83,2,BID
2018-12-17 09:49:01,MCD,181.9,4,ASK
2018-12-17 09:49:01,MCD,181.83,2,BID
2018-12-17 09:49:01,MCD,181.9,7,ASK
2018-12-17 09:49:01,MCD,181.83,2,BID
2018-12-17 09:49:01,MCD,181.9,6,ASK
2018-12-17 09:49:03,MCD,181.86,1,BID
2018-12-17 09:49:03,MCD,181.98,1,ASK
2018-12-17 09:49:04,MCD,181.9,1,BID
2018-12-17 09:49:04,MCD,182.0,14,ASK
2018-12-17 09:49:04,MCD,181.93,1,BID
2018-12-17 09:49:04,MCD,182.0,14,ASK
2018-12-17 09:49:06,MCD,181.93,2,BID
2018-12-17 09:49:06,MCD,182.0,14,ASK
2018-12-17 09:49:06,MCD,181.93,2,BID
2018-12-17 09:49:06,MCD,182.0,14,ASK
2018-12-17 09:49:08,MCD,182.02,3,BID
2018-12-17 09:49:08,MCD,182.14,2,ASK
2018-12-17 09:49:09,MCD,182.02,2,BID
2018-12-17 09:49:09,MCD,182.13,1,ASK
2018-12-17 09:49:09,MCD,182.02,3,BID
2018-12-17 09:49:09,MCD,182.13,1,ASK
2018-12-17 09:49:09,MCD,182.02,3,BID
2018-12-17 09:49:09,MCD,182.13,1,ASK
2018-12-17 09:49:12,MCD,181.97,1,BID
2018-12-17 09:49:12,MCD,182.08,5,ASK
2018-12-17 09:49:14,MCD,181.97,1,BID
2018-12-17 09:49:14,MCD,182.06,1,ASK
2018-12-17 09:49:15,MCD,181.97,5,BID
2018-12-17 09:49:15,MCD,182.07,1,ASK
2018-12-17 09:49:15,MCD,181.97,5,BID
2018-12-17 09:49:15,MCD,182.07,1,ASK
2018-12-17 09:49:15,MCD,181.97,5,BID
2018-12-17 09:49:17,MCD,182.07,1,ASK
2018-12-17 09:49:18,MCD,181.99,2,BID
2018-12-17 09:49:18,MCD,182.06,2,ASK
2018-12-17 09:49:19,MCD,181.84,3,BID
2018-12-17 09:49:19,MCD,181.98,1,ASK
2018-12-17 09:49:20,MCD,181.78,4,BID
2018-12-17 09:49:20,MCD,181.96,6,ASK
2018-12-17 09:49:20,MCD,181.78,2,BID
2018-12-17 09:49:20,MCD,181.95,3,ASK
2018-12-17 09:49:21,MCD,181.74,6,BID
2018-12-17 09:49:21,MCD,181.93,4,ASK
2018-12-17 09:49:21,MCD,181.74,6,BID
2018-12-17 09:49:21,MCD,181.93,5,ASK
2018-12-17 09:49:22,MCD,181.73,4,BID
2018-12-17 09:49:22,MCD,181.89,3,ASK
2018-12-17 09:49:22,MCD,181.73,5,BID
2018-12-17 09:49:22,MCD,181.89,3,ASK
2018-12-17 09:49:22,MCD,181.73,5,BID
2018-12-17 09:49:22,MCD,181.89,3,ASK
2018-12-17 09:49:24,MCD,181.73,4,BID
2018-12-17 09:49:24,MCD,181.89,6,ASK
2018-12-17 09:49:24,MCD,181.73,4,BID
2018-12-17 09:49:24,MCD,181.89,6,ASK
2018-12-17 09:49:26,MCD,181.73,5,BID
2018-12-17 09:49:24,MCD,181.89,6,ASK
2018-12-17 09:49:26,MCD,181.73,5,BID
2018-12-17 09:49:26,MCD,181.89,8,ASK
2018-12-17 09:49:26,MCD,181.73,5,BID
2018-12-17 09:49:26,MCD,181.89,8,ASK
2018-12-17 09:49:26,MCD,181.73,5,BID
2018-12-17 09:49:27,MCD,181.89,8,ASK
2018-12-17 09:49:28,MCD,181.89,1,BID
2018-12-17 09:49:28,MCD,181.93,2,ASK
2018-12-17 09:49:28,MCD,181.8,1,BID
2018-12-17 09:49:28,MCD,181.93,2,ASK
2018-12-17 09:49:28,MCD,181.8,1,BID
2018-12-17 09:49:28,MCD,181.93,2,ASK
2018-12-17 09:49:28,MCD,181.8,1,BID
2018-12-17 09:49:28,MCD,181.93,2,ASK
2018-12-17 09:49:30,MCD,181.8,1,BID
2018-12-17 09:49:30,MCD,181.92,1,ASK
2018-12-17 09:49:30,MCD,181.8,1,BID
2018-12-17 09:49:30,MCD,181.92,1,ASK
2018-12-17 09:49:30,MCD,181.8,1,BID
2018-12-17 09:49:30,MCD,181.92,1,ASK
2018-12-17 09:49:30,MCD,181.8,1,BID
2018-12-17 09:49:30,MCD,181.92,1,ASK
2018-12-17 09:49:35,MCD,181.8,1,BID
2018-12-17 09:49:35,MCD,181.93,1,ASK
2018-12-17 09:49:35,MCD,181.83,2,BID
2018-12-17 09:49:35,MCD,182.03,4,ASK
2018-12-17 09:49:36,MCD,181.85,1,BID
2018-12-17 09:49:36,MCD,182.03,4,ASK
2018-12-17 09:49:38,MCD,181.85,1,BID
2018-12-17 09:49:38,MCD,182.02,1,ASK
2018-12-17 09:49:40,MCD,181.87,6,BID
2018-12-17 09:49:40,MCD,182.02,1,ASK
2018-12-17 09:49:43,MCD,181.87,8,BID
2018-12-17 09:49:43,MCD,182.03,4,ASK
2018-12-17 09:49:45,MCD,181.87,8,BID
2018-12-17 09:49:45,MCD,182.02,1,ASK
2018-12-17 09:49:46,MCD,181.87,8,BID
2018-12-17 09:49:46,MCD,182.02,1,ASK
2018-12-17 09:49:48,MCD,181.92,2,BID
2018-12-17 09:49:48,MCD,182.02,2,ASK
2018-12-17 09:49:49,MCD,181.91,4,BID
2018-12-17 09:49:49,MCD,182.02,3,ASK
2018-12-17 09:49:49,MCD,181.91,4,BID
2018-12-17 09:49:49,MCD,182.02,3,ASK
2018-12-17 09:49:49,MCD,181.91,4,BID
2018-12-17 09:49:49,MCD,182.02,3,ASK
2018-12-17 09:49:53,MCD,181.91,3,BID
2018-12-17 09:49:49,MCD,182.02,3,ASK
2018-12-17 09:49:53,MCD,181.91,3,BID
2018-12-17 09:49:49,MCD,182.02,3,ASK
2018-12-17 09:49:55,MCD,181.92,2,BID
2018-12-17 09:49:49,MCD,182.02,3,ASK
2018-12-17 09:49:55,MCD,181.92,2,BID
2018-12-17 09:49:49,MCD,182.02,3,ASK
2018-12-17 09:49:57,MCD,181.92,5,BID
2018-12-17 09:49:49,MCD,182.02,3,ASK
2018-12-17 09:49:59,MCD,181.92,5,BID
2018-12-17 09:49:49,MCD,182.02,4,ASK
2018-12-17 09:50:00,MCD,181.92,5,BID
2018-12-17 09:49:49,MCD,182.02,4,ASK
2018-12-17 09:50:00,MCD,181.92,12,BID
2018-12-17 09:50:00,MCD,182.03,1,ASK
2018-12-17 09:50:00,MCD,181.92,12,BID
2018-12-17 09:50:02,MCD,182.04,6,ASK
2018-12-17 09:50:03,MCD,181.93,1,BID
2018-12-17 09:50:03,MCD,182.04,10,ASK
2018-12-17 09:49:48,MCD,181.87,10,BID
2018-12-17 09:50:04,MCD,181.98,1,ASK
2018-12-17 09:50:05,MCD,181.87,9,BID
2018-12-17 09:50:05,MCD,181.97,3,ASK
2018-12-17 09:50:05,MCD,181.87,9,BID
2018-12-17 09:50:05,MCD,181.97,3,ASK
2018-12-17 09:50:05,MCD,181.87,9,BID
2018-12-17 09:50:07,MCD,181.97,2,ASK
2018-12-17 09:50:05,MCD,181.87,9,BID
2018-12-17 09:50:07,MCD,181.97,2,ASK
2018-12-17 09:50:05,MCD,181.87,9,BID
2018-12-17 09:50:07,MCD,181.97,2,ASK
2018-12-17 09:50:05,MCD,181.87,10,BID
2018-12-17 09:50:09,MCD,181.97,2,ASK
2018-12-17 09:50:10,MCD,181.88,2,BID
2018-12-17 09:50:10,MCD,181.97,2,ASK
2018-12-17 09:50:10,MCD,181.88,2,BID
2018-12-17 09:50:10,MCD,181.97,2,ASK
2018-12-17 09:50:13,MCD,181.88,2,BID
2018-12-17 09:50:13,MCD,181.96,2,ASK
2018-12-17 09:50:14,MCD,181.88,2,BID
2018-12-17 09:50:14,MCD,181.96,2,ASK
2018-12-17 09:50:14,MCD,181.88,2,BID
2018-12-17 09:50:14,MCD,181.96,2,ASK
2018-12-17 09:50:14,MCD,181.88,2,BID
2018-12-17 09:50:14,MCD,181.96,2,ASK
2018-12-17 09:50:14,MCD,181.88,2,BID
2018-12-17 09:50:14,MCD,181.96,2,ASK
2018-12-17 09:50:14,MCD,181.88,2,BID
2018-12-17 09:50:14,MCD,181.96,2,ASK
2018-12-17 09:50:14,MCD,181.88,2,BID
2018-12-17 09:50:14,MCD,181.96,2,ASK
2018-12-17 09:50:20,MCD,181.88,2,BID
2018-12-17 09:50:20,MCD,181.89,1,ASK
2018-12-17 09:50:21,MCD,181.78,1,BID
2018-12-17 09:50:21,MCD,181.88,1,ASK
2018-12-17 09:50:22,MCD,181.78,1,BID
2018-12-17 09:50:22,MCD,181.86,1,ASK
2018-12-17 09:50:23,MCD,181.78,3,BID
2018-12-17 09:50:23,MCD,181.85,1,ASK
2018-12-17 09:50:23,MCD,181.78,3,BID
2018-12-17 09:50:23,MCD,181.85,1,ASK
2018-12-17 09:50:25,MCD,181.78,3,BID
2018-12-17 09:50:25,MCD,181.85,2,ASK
2018-12-17 09:50:25,MCD,181.78,3,BID
2018-12-17 09:50:25,MCD,181.85,2,ASK
2018-12-17 09:50:25,MCD,181.78,3,BID
2018-12-17 09:50:25,MCD,181.85,2,ASK
2018-12-17 09:50:25,MCD,181.78,3,BID
2018-12-17 09:50:25,MCD,181.85,2,ASK
2018-12-17 09:50:29,MCD,181.82,3,BID
2018-12-17 09:50:29,MCD,181.9,2,ASK
2018-12-17 09:50:30,MCD,181.82,3,BID
2018-12-17 09:50:30,MCD,181.97,2,ASK
2018-12-17 09:50:30,MCD,181.82,3,BID
2018-12-17 09:50:30,MCD,181.97,2,ASK
2018-12-17 09:50:30,MCD,181.82,3,BID
2018-12-17 09:50:30,MCD,181.97,2,ASK
2018-12-17 09:50:33,MCD,181.82,3,BID
2018-12-17 09:50:33,MCD,181.98,3,ASK
2018-12-17 09:50:33,MCD,181.82,3,BID
2018-12-17 09:50:33,MCD,181.98,3,ASK
2018-12-17 09:50:33,MCD,181.82,3,BID
2018-12-17 09:50:33,MCD,181.98,3,ASK
2018-12-17 09:50:36,MCD,181.82,3,BID
2018-12-17 09:50:36,MCD,181.99,2,ASK
2018-12-17 09:50:37,MCD,181.82,3,BID
2018-12-17 09:50:37,MCD,181.99,3,ASK
2018-12-17 09:50:38,MCD,181.83,1,BID
2018-12-17 09:50:38,MCD,181.99,4,ASK
2018-12-17 09:50:38,MCD,181.82,3,BID
2018-12-17 09:50:38,MCD,181.99,4,ASK
2018-12-17 09:50:40,MCD,181.91,3,BID
2018-12-17 09:50:00,MCD,182.04,7,ASK
2018-12-17 09:50:41,MCD,181.96,1,BID
2018-12-17 09:50:00,MCD,182.04,7,ASK
2018-12-17 09:50:42,MCD,181.98,3,BID
2018-12-17 09:49:12,MCD,182.08,4,ASK
2018-12-17 09:50:42,MCD,181.98,3,BID
2018-12-17 09:50:43,MCD,182.13,3,ASK
2018-12-17 09:50:42,MCD,181.98,3,BID
2018-12-17 09:50:44,MCD,182.1,1,ASK
2018-12-17 09:50:42,MCD,181.98,3,BID
2018-12-17 09:50:44,MCD,182.1,1,ASK
2018-12-17 09:50:46,MCD,182.0,3,BID
2018-12-17 09:50:46,MCD,182.14,3,ASK
2018-12-17 09:50:46,MCD,182.04,3,BID
2018-12-17 09:50:46,MCD,182.18,3,ASK
2018-12-17 09:50:48,MCD,182.05,1,BID
2018-12-17 09:50:48,MCD,182.18,4,ASK
2018-12-17 09:50:49,MCD,182.07,7,BID
2018-12-17 09:50:49,MCD,182.18,4,ASK
2018-12-17 09:50:49,MCD,182.08,1,BID
2018-12-17 09:50:49,MCD,182.18,4,ASK
2018-12-17 09:50:50,MCD,182.08,2,BID
2018-12-17 09:50:50,MCD,182.18,4,ASK
2018-12-17 09:50:50,MCD,182.08,2,BID
2018-12-17 09:50:50,MCD,182.18,4,ASK
2018-12-17 09:50:50,MCD,182.08,2,BID
2018-12-17 09:50:50,MCD,182.18,4,ASK
2018-12-17 09:50:50,MCD,182.08,2,BID
2018-12-17 09:50:50,MCD,182.18,4,ASK
2018-12-17 09:50:50,MCD,182.08,2,BID
2018-12-17 09:50:50,MCD,182.18,4,ASK
2018-12-17 09:50:50,MCD,182.08,2,BID
2018-12-17 09:50:50,MCD,182.18,4,ASK
2018-12-17 09:50:50,MCD,182.08,2,BID
2018-12-17 09:50:50,MCD,182.18,4,ASK
2018-12-17 09:50:50,MCD,182.08,2,BID
2018-12-17 09:50:50,MCD,182.18,4,ASK
2018-12-17 09:50:50,MCD,182.08,2,BID
2018-12-17 09:50:50,MCD,182.18,4,ASK
2018-12-17 09:51:00,MCD,182.08,6,BID
2018-12-17 09:51:00,MCD,182.18,4,ASK
2018-12-17 09:51:01,MCD,182.09,2,BID
2018-12-17 09:51:01,MCD,182.18,4,ASK
2018-12-17 09:51:01,MCD,182.09,2,BID
2018-12-17 09:51:01,MCD,182.18,4,ASK
2018-12-17 09:51:03,MCD,182.15,3,BID
2018-12-17 09:51:03,MCD,182.25,1,ASK
2018-12-17 09:51:04,MCD,182.15,4,BID
2018-12-17 09:51:04,MCD,182.3,1,ASK
2018-12-17 09:51:05,MCD,182.16,4,BID
2018-12-17 09:51:05,MCD,182.29,1,ASK
2018-12-17 09:51:05,MCD,182.16,4,BID
2018-12-17 09:51:05,MCD,182.29,1,ASK
2018-12-17 09:51:07,MCD,182.21,3,BID
2018-12-17 09:51:07,MCD,182.28,2,ASK
2018-12-17 09:51:08,MCD,182.16,5,BID
2018-12-17 09:51:08,MCD,182.24,2,ASK
2018-12-17 09:51:03,MCD,182.1,3,BID
2018-12-17 09:51:09,MCD,182.19,1,ASK
2018-12-17 09:51:09,MCD,182.1,4,BID
2018-12-17 09:51:09,MCD,182.19,1,ASK
2018-12-17 09:51:09,MCD,182.1,4,BID
2018-12-17 09:51:11,MCD,182.19,1,ASK
2018-12-17 09:51:09,MCD,182.1,4,BID
2018-12-17 09:51:11,MCD,182.19,1,ASK
2018-12-17 09:51:11,MCD,182.1,4,BID
2018-12-17 09:51:11,MCD,182.19,1,ASK
2018-12-17 09:51:11,MCD,182.1,4,BID
2018-12-17 09:51:11,MCD,182.19,1,ASK
2018-12-17 09:51:11,MCD,182.1,4,BID
2018-12-17 09:51:11,MCD,182.19,1,ASK
2018-12-17 09:51:15,MCD,182.09,2,BID
2018-12-17 09:51:15,MCD,182.18,3,ASK
2018-12-17 09:51:16,MCD,181.95,2,BID
2018-12-17 09:51:16,MCD,182.09,5,ASK
2018-12-17 09:51:16,MCD,181.95,2,BID
2018-12-17 09:51:16,MCD,182.09,5,ASK
2018-12-17 09:51:18,MCD,181.94,1,BID
2018-12-17 09:51:18,MCD,182.08,2,ASK
2018-12-17 09:51:19,MCD,181.99,3,BID
2018-12-17 09:51:19,MCD,182.14,1,ASK
2018-12-17 09:51:19,MCD,181.99,3,BID
2018-12-17 09:51:19,MCD,182.14,1,ASK
2018-12-17 09:51:21,MCD,181.99,3,BID
2018-12-17 09:51:21,MCD,182.14,1,ASK
2018-12-17 09:51:22,MCD,181.99,3,BID
2018-12-17 09:51:23,MCD,182.14,4,ASK
2018-12-17 09:51:24,MCD,181.89,1,BID
2018-12-17 09:51:24,MCD,182.06,1,ASK
2018-12-17 09:51:25,MCD,181.89,1,BID
2018-12-17 09:51:25,MCD,182.06,3,ASK
2018-12-17 09:51:26,MCD,181.89,2,BID
2018-12-17 09:51:26,MCD,182.06,3,ASK
2018-12-17 09:51:27,MCD,181.89,7,BID
2018-12-17 09:51:27,MCD,182.06,3,ASK
2018-12-17 09:51:28,MCD,181.99,2,BID
2018-12-17 09:51:28,MCD,182.14,1,ASK
2018-12-17 09:51:28,MCD,181.99,3,BID
2018-12-17 09:51:28,MCD,182.14,1,ASK
2018-12-17 09:51:30,MCD,181.99,5,BID
2018-12-17 09:51:30,MCD,182.14,3,ASK
2018-12-17 09:51:31,MCD,182.03,3,BID
2018-12-17 09:51:31,MCD,182.18,5,ASK
2018-12-17 09:51:31,MCD,182.03,3,BID
2018-12-17 09:51:31,MCD,182.18,5,ASK
2018-12-17 09:51:31,MCD,182.03,3,BID
2018-12-17 09:51:31,MCD,182.18,5,ASK
2018-12-17 09:51:33,MCD,182.04,3,BID
2018-12-17 09:51:33,MCD,182.18,5,ASK
2018-12-17 09:51:34,MCD,181.99,6,BID
2018-12-17 09:51:34,MCD,182.18,8,ASK
2018-12-17 09:51:36,MCD,181.99,7,BID
2018-12-17 09:51:36,MCD,182.16,2,ASK
2018-12-17 09:51:36,MCD,181.99,7,BID
2018-12-17 09:51:36,MCD,182.16,3,ASK
2018-12-17 09:51:38,MCD,181.99,7,BID
2018-12-17 09:51:36,MCD,182.16,3,ASK
2018-12-17 09:51:38,MCD,181.99,7,BID
2018-12-17 09:51:36,MCD,182.16,3,ASK
2018-12-17 09:51:40,MCD,181.99,8,BID
2018-12-17 09:51:40,MCD,182.14,2,ASK
2018-12-17 09:51:41,MCD,182.0,1,BID
2018-12-17 09:51:41,MCD,182.16,3,ASK
2018-12-17 09:51:42,MCD,182.0,2,BID
2018-12-17 09:51:42,MCD,182.16,3,ASK
2018-12-17 09:51:43,MCD,182.0,3,BID
2018-12-17 09:51:43,MCD,182.16,3,ASK
2018-12-17 09:51:44,MCD,182.0,8,BID
2018-12-17 09:51:35,MCD,182.18,9,ASK
2018-12-17 09:51:44,MCD,182.0,8,BID
2018-12-17 09:51:35,MCD,182.18,9,ASK
2018-12-17 09:51:44,MCD,182.0,8,BID
2018-12-17 09:51:35,MCD,182.18,9,ASK
2018-12-17 09:51:44,MCD,182.0,8,BID
2018-12-17 09:51:35,MCD,182.18,9,ASK
2018-12-17 09:51:48,MCD,182.0,8,BID
2018-12-17 09:51:35,MCD,182.18,9,ASK
2018-12-17 09:51:49,MCD,182.01,6,BID
2018-12-17 09:51:35,MCD,182.18,9,ASK
2018-12-17 09:51:49,MCD,182.01,6,BID
2018-12-17 09:51:35,MCD,182.18,9,ASK
2018-12-17 09:51:49,MCD,182.01,6,BID
2018-12-17 09:51:35,MCD,182.18,9,ASK
2018-12-17 09:51:49,MCD,182.01,6,BID
2018-12-17 09:51:35,MCD,182.18,9,ASK
2018-12-17 09:51:53,MCD,182.01,8,BID
2018-12-17 09:51:35,MCD,182.18,9,ASK
2018-12-17 09:51:53,MCD,182.01,8,BID
2018-12-17 09:51:35,MCD,182.18,9,ASK
2018-12-17 09:51:55,MCD,182.02,6,BID
2018-12-17 09:51:35,MCD,182.18,9,ASK
2018-12-17 09:51:56,MCD,182.04,2,BID
2018-12-17 09:51:35,MCD,182.18,9,ASK
2018-12-17 09:51:57,MCD,182.06,2,BID
2018-12-17 09:51:35,MCD,182.18,9,ASK
2018-12-17 09:51:59,MCD,182.06,2,BID
2018-12-17 09:51:35,MCD,182.18,9,ASK
2018-12-17 09:51:59,MCD,182.06,2,BID
2018-12-17 09:51:35,MCD,182.18,9,ASK
2018-12-17 09:52:00,MCD,182.06,1,BID
2018-12-17 09:51:35,MCD,182.18,9,ASK
2018-12-17 09:52:00,MCD,182.06,1,BID
2018-12-17 09:52:00,MCD,182.15,1,ASK
2018-12-17 09:52:01,MCD,182.06,1,BID
2018-12-17 09:52:01,MCD,182.14,1,ASK
2018-12-17 09:52:02,MCD,182.06,1,BID
2018-12-17 09:52:02,MCD,182.15,1,ASK
2018-12-17 09:52:04,MCD,182.04,4,BID
2018-12-17 09:52:04,MCD,182.15,4,ASK
2018-12-17 09:52:05,MCD,182.03,6,BID
2018-12-17 09:52:05,MCD,182.14,1,ASK
2018-12-17 09:52:05,MCD,182.03,6,BID
2018-12-17 09:52:05,MCD,182.14,1,ASK
2018-12-17 09:52:07,MCD,182.04,2,BID
2018-12-17 09:52:07,MCD,182.15,4,ASK
2018-12-17 09:52:08,MCD,182.04,3,BID
2018-12-17 09:52:08,MCD,182.15,4,ASK
2018-12-17 09:52:09,MCD,182.04,4,BID
2018-12-17 09:52:09,MCD,182.15,4,ASK
2018-12-17 09:52:10,MCD,182.04,3,BID
2018-12-17 09:52:10,MCD,182.13,1,ASK
2018-12-17 09:52:11,MCD,182.02,5,BID
2018-12-17 09:52:11,MCD,182.11,1,ASK
2018-12-17 09:52:11,MCD,182.02,5,BID
2018-12-17 09:52:11,MCD,182.11,1,ASK
2018-12-17 09:52:11,MCD,182.02,5,BID
2018-12-17 09:52:11,MCD,182.11,1,ASK
2018-12-17 09:52:11,MCD,182.02,5,BID
2018-12-17 09:52:11,MCD,182.11,1,ASK
2018-12-17 09:51:42,MCD,182.0,10,BID
2018-12-17 09:52:15,MCD,182.09,2,ASK
2018-12-17 09:51:42,MCD,182.0,10,BID
2018-12-17 09:52:15,MCD,182.09,2,ASK
2018-12-17 09:51:42,MCD,182.0,10,BID
2018-12-17 09:52:15,MCD,182.09,2,ASK
2018-12-17 09:51:42,MCD,182.0,10,BID
2018-12-17 09:52:18,MCD,182.09,2,ASK
2018-12-17 09:51:42,MCD,182.0,10,BID
2018-12-17 09:52:18,MCD,182.09,2,ASK
2018-12-17 09:52:20,MCD,182.0,11,BID
2018-12-17 09:52:20,MCD,182.09,3,ASK
2018-12-17 09:52:21,MCD,182.0,12,BID
2018-12-17 09:52:21,MCD,182.09,4,ASK
2018-12-17 09:52:22,MCD,182.0,13,BID
2018-12-17 09:52:21,MCD,182.09,4,ASK
2018-12-17 09:52:23,MCD,182.0,13,BID
2018-12-17 09:52:21,MCD,182.09,4,ASK
2018-12-17 09:52:23,MCD,182.0,13,BID
2018-12-17 09:52:21,MCD,182.09,4,ASK
2018-12-17 09:52:23,MCD,182.0,13,BID
2018-12-17 09:52:21,MCD,182.09,4,ASK
2018-12-17 09:52:23,MCD,182.0,13,BID
2018-12-17 09:52:21,MCD,182.09,4,ASK
2018-12-17 09:52:27,MCD,182.0,13,BID
2018-12-17 09:52:21,MCD,182.09,4,ASK
2018-12-17 09:52:27,MCD,182.0,13,BID
2018-12-17 09:52:21,MCD,182.09,4,ASK
2018-12-17 09:52:30,MCD,182.0,11,BID
2018-12-17 09:52:30,MCD,182.07,1,ASK
2018-12-17 09:52:30,MCD,182.0,11,BID
2018-12-17 09:52:30,MCD,182.07,1,ASK
2018-12-17 09:52:30,MCD,182.0,11,BID
2018-12-17 09:52:30,MCD,182.07,1,ASK
2018-12-17 09:52:30,MCD,182.0,11,BID
2018-12-17 09:52:30,MCD,182.07,1,ASK
2018-12-17 09:52:33,MCD,181.98,1,BID
2018-12-17 09:52:33,MCD,182.03,1,ASK
2018-12-17 09:52:34,MCD,181.92,2,BID
2018-12-17 09:52:34,MCD,182.03,2,ASK
2018-12-17 09:52:34,MCD,181.92,2,BID
2018-12-17 09:52:34,MCD,182.03,2,ASK
2018-12-17 09:52:34,MCD,181.92,2,BID
2018-12-17 09:52:36,MCD,182.03,2,ASK
2018-12-17 09:52:34,MCD,181.92,2,BID
2018-12-17 09:52:37,MCD,181.99,1,ASK
2018-12-17 09:52:39,MCD,181.9,3,BID
2018-12-17 09:52:38,MCD,181.99,2,ASK
2018-12-17 09:52:40,MCD,181.89,8,BID
2018-12-17 09:52:39,MCD,181.99,3,ASK
2018-12-17 09:52:40,MCD,181.89,8,BID
2018-12-17 09:52:39,MCD,181.99,3,ASK
2018-12-17 09:52:40,MCD,181.89,9,BID
2018-12-17 09:52:39,MCD,181.99,3,ASK
2018-12-17 09:52:42,MCD,181.91,1,BID
2018-12-17 09:52:42,MCD,182.01,3,ASK
2018-12-17 09:52:42,MCD,181.91,1,BID
2018-12-17 09:52:42,MCD,182.01,3,ASK
2018-12-17 09:52:44,MCD,181.91,4,BID
2018-12-17 09:52:44,MCD,182.05,4,ASK
2018-12-17 09:52:45,MCD,181.91,4,BID
2018-12-17 09:52:44,MCD,182.05,4,ASK
2018-12-17 09:52:46,MCD,181.91,4,BID
2018-12-17 09:52:46,MCD,182.05,3,ASK
2018-12-17 09:52:46,MCD,181.91,4,BID
2018-12-17 09:52:46,MCD,182.05,3,ASK
2018-12-17 09:52:48,MCD,181.99,1,BID
2018-12-17 09:52:48,MCD,182.05,3,ASK
2018-12-17 09:52:49,MCD,181.95,1,BID
2018-12-17 09:52:48,MCD,182.05,3,ASK
2018-12-17 09:52:50,MCD,181.91,8,BID
2018-12-17 09:52:50,MCD,182.03,2,ASK
2018-12-17 09:52:51,MCD,181.91,8,BID
2018-12-17 09:52:51,MCD,182.01,1,ASK
2018-12-17 09:52:51,MCD,181.91,8,BID
2018-12-17 09:52:51,MCD,182.01,1,ASK
2018-12-17 09:52:51,MCD,181.91,8,BID
2018-12-17 09:52:51,MCD,182.01,1,ASK
2018-12-17 09:52:55,MCD,181.95,1,BID
2018-12-17 09:52:55,MCD,182.01,2,ASK
2018-12-17 09:52:56,MCD,181.94,1,BID
2018-12-17 09:52:55,MCD,182.01,3,ASK
2018-12-17 09:52:56,MCD,181.94,1,BID
2018-12-17 09:52:55,MCD,182.01,3,ASK
2018-12-17 09:52:56,MCD,181.94,1,BID
2018-12-17 09:52:55,MCD,182.01,3,ASK
2018-12-17 09:52:58,MCD,181.94,1,BID
2018-12-17 09:52:58,MCD,182.01,4,ASK
2018-12-17 09:53:00,MCD,181.94,1,BID
2018-12-17 09:53:00,MCD,182.01,4,ASK
2018-12-17 09:53:00,MCD,181.94,1,BID
2018-12-17 09:53:00,MCD,182.01,5,ASK
2018-12-17 09:53:00,MCD,181.94,1,BID
2018-12-17 09:53:00,MCD,182.01,5,ASK
2018-12-17 09:53:02,MCD,181.93,1,BID
2018-12-17 09:53:02,MCD,182.01,5,ASK
2018-12-17 09:53:02,MCD,181.93,1,BID
2018-12-17 09:53:02,MCD,182.01,5,ASK
2018-12-17 09:53:04,MCD,181.92,1,BID
2018-12-17 09:53:04,MCD,182.01,5,ASK
2018-12-17 09:53:04,MCD,181.92,1,BID
2018-12-17 09:53:04,MCD,182.01,5,ASK
2018-12-17 09:53:04,MCD,181.92,1,BID
2018-12-17 09:53:04,MCD,182.01,5,ASK
2018-12-17 09:53:07,MCD,181.86,2,BID
2018-12-17 09:53:07,MCD,181.99,2,ASK
2018-12-17 09:53:08,MCD,181.86,3,BID
2018-12-17 09:53:08,MCD,181.99,2,ASK
2018-12-17 09:53:08,MCD,181.86,3,BID
2018-12-17 09:53:09,MCD,181.99,4,ASK
2018-12-17 09:53:08,MCD,181.86,4,BID
2018-12-17 09:53:11,MCD,181.99,4,ASK
2018-12-17 09:53:08,MCD,181.86,4,BID
2018-12-17 09:53:12,MCD,181.99,4,ASK
2018-12-17 09:53:08,MCD,181.86,4,BID
2018-12-17 09:53:12,MCD,181.99,4,ASK
2018-12-17 09:53:08,MCD,181.86,4,BID
2018-12-17 09:53:13,MCD,181.99,4,ASK
2018-12-17 09:53:08,MCD,181.86,4,BID
2018-12-17 09:53:14,MCD,181.99,6,ASK
2018-12-17 09:53:08,MCD,181.86,4,BID
2018-12-17 09:53:15,MCD,181.97,1,ASK
2018-12-17 09:53:08,MCD,181.86,4,BID
2018-12-17 09:53:15,MCD,181.97,1,ASK
2018-12-17 09:53:08,MCD,181.86,4,BID
2018-12-17 09:53:15,MCD,181.97,1,ASK
2018-12-17 09:53:18,MCD,181.89,1,BID
2018-12-17 09:53:18,MCD,182.02,1,ASK
2018-12-17 09:53:18,MCD,181.96,1,BID
2018-12-17 09:52:33,MCD,182.05,3,ASK
2018-12-17 09:53:18,MCD,181.96,1,BID
2018-12-17 09:52:33,MCD,182.05,3,ASK
2018-12-17 09:53:19,MCD,181.95,1,BID
2018-12-17 09:53:19,MCD,182.04,2,ASK
2018-12-17 09:53:20,MCD,181.95,1,BID
2018-12-17 09:53:20,MCD,182.04,4,ASK
2018-12-17 09:53:23,MCD,181.95,3,BID
2018-12-17 09:53:20,MCD,182.04,4,ASK
2018-12-17 09:53:25,MCD,181.96,1,BID
2018-12-17 09:53:20,MCD,182.04,4,ASK
2018-12-17 09:53:25,MCD,181.95,2,BID
2018-12-17 09:53:20,MCD,182.04,4,ASK
2018-12-17 09:53:26,MCD,181.95,3,BID
2018-12-17 09:53:20,MCD,182.04,4,ASK
2018-12-17 09:53:26,MCD,181.95,3,BID
2018-12-17 09:53:20,MCD,182.04,4,ASK
2018-12-17 09:53:28,MCD,181.95,4,BID
2018-12-17 09:53:29,MCD,182.02,1,ASK
2018-12-17 09:53:29,MCD,181.87,3,BID
2018-12-17 09:53:29,MCD,181.95,2,ASK
2018-12-17 09:53:30,MCD,181.87,3,BID
2018-12-17 09:53:31,MCD,181.95,1,ASK
2018-12-17 09:53:30,MCD,181.87,3,BID
2018-12-17 09:53:31,MCD,181.95,1,ASK
2018-12-17 09:53:30,MCD,181.87,3,BID
2018-12-17 09:53:32,MCD,181.95,2,ASK
2018-12-17 09:53:33,MCD,181.79,3,BID
2018-12-17 09:53:33,MCD,181.87,4,ASK
2018-12-17 09:53:34,MCD,181.78,1,BID
2018-12-17 09:53:34,MCD,181.86,1,ASK
2018-12-17 09:53:35,MCD,181.72,4,BID
2018-12-17 09:53:35,MCD,181.87,4,ASK
2018-12-17 09:53:35,MCD,181.72,5,BID
2018-12-17 09:53:35,MCD,181.87,4,ASK
2018-12-17 09:53:35,MCD,181.72,6,BID
2018-12-17 09:53:36,MCD,181.87,4,ASK
2018-12-17 09:53:35,MCD,181.72,6,BID
2018-12-17 09:53:36,MCD,181.87,4,ASK
2018-12-17 09:53:35,MCD,181.72,6,BID
2018-12-17 09:53:36,MCD,181.87,4,ASK
2018-12-17 09:53:35,MCD,181.72,6,BID
2018-12-17 09:53:36,MCD,181.87,4,ASK
2018-12-17 09:53:42,MCD,181.78,1,BID
2018-12-17 09:53:42,MCD,181.87,4,ASK
2018-12-17 09:53:42,MCD,181.78,2,BID
2018-12-17 09:53:42,MCD,181.87,4,ASK
2018-12-17 09:53:42,MCD,181.78,2,BID
2018-12-17 09:53:42,MCD,181.87,4,ASK
2018-12-17 09:53:42,MCD,181.78,2,BID
2018-12-17 09:53:42,MCD,181.87,4,ASK
2018-12-17 09:53:42,MCD,181.78,2,BID
2018-12-17 09:53:42,MCD,181.87,4,ASK
2018-12-17 09:53:42,MCD,181.78,2,BID
2018-12-17 09:53:42,MCD,181.87,4,ASK
2018-12-17 09:53:42,MCD,181.78,2,BID
2018-12-17 09:53:42,MCD,181.87,4,ASK
2018-12-17 09:53:42,MCD,181.78,2,BID
2018-12-17 09:53:42,MCD,181.87,4,ASK
2018-12-17 09:53:42,MCD,181.78,2,BID
2018-12-17 09:53:42,MCD,181.87,4,ASK
2018-12-17 09:53:42,MCD,181.78,2,BID
2018-12-17 09:53:42,MCD,181.87,4,ASK
2018-12-17 09:53:42,MCD,181.78,2,BID
2018-12-17 09:53:42,MCD,181.87,4,ASK
2018-12-17 09:53:52,MCD,181.78,2,BID
2018-12-17 09:53:52,MCD,181.87,4,ASK
2018-12-17 09:53:53,MCD,181.78,4,BID
2018-12-17 09:53:53,MCD,181.87,4,ASK
2018-12-17 09:53:53,MCD,181.78,4,BID
2018-12-17 09:53:53,MCD,181.87,4,ASK
2018-12-17 09:53:55,MCD,181.78,4,BID
2018-12-17 09:53:55,MCD,181.87,4,ASK
2018-12-17 09:53:56,MCD,181.78,3,BID
2018-12-17 09:53:56,MCD,181.87,4,ASK
2018-12-17 09:53:57,MCD,181.74,2,BID
2018-12-17 09:53:58,MCD,181.86,1,ASK
2018-12-17 09:53:58,MCD,181.74,3,BID
2018-12-17 09:53:58,MCD,181.86,3,ASK
2018-12-17 09:54:00,MCD,181.74,4,BID
2018-12-17 09:54:00,MCD,181.86,4,ASK
2018-12-17 09:54:00,MCD,181.74,4,BID
2018-12-17 09:54:00,MCD,181.86,4,ASK
2018-12-17 09:54:00,MCD,181.74,4,BID
2018-12-17 09:54:00,MCD,181.86,4,ASK
2018-12-17 09:54:03,MCD,181.74,4,BID
2018-12-17 09:54:03,MCD,181.86,4,ASK
2018-12-17 09:54:03,MCD,181.74,4,BID
2018-12-17 09:54:03,MCD,181.86,4,ASK
2018-12-17 09:54:04,MCD,181.74,4,BID
2018-12-17 09:54:04,MCD,181.86,4,ASK
2018-12-17 09:54:05,MCD,181.74,4,BID
2018-12-17 09:54:05,MCD,181.86,7,ASK
2018-12-17 09:54:05,MCD,181.74,4,BID
2018-12-17 09:54:05,MCD,181.86,7,ASK
2018-12-17 09:54:05,MCD,181.74,4,BID
2018-12-17 09:54:05,MCD,181.86,7,ASK
2018-12-17 09:54:05,MCD,181.74,4,BID
2018-12-17 09:54:05,MCD,181.86,7,ASK
2018-12-17 09:54:05,MCD,181.74,4,BID
2018-12-17 09:54:05,MCD,181.86,7,ASK
2018-12-17 09:54:05,MCD,181.74,4,BID
2018-12-17 09:54:05,MCD,181.86,7,ASK
2018-12-17 09:54:05,MCD,181.74,4,BID
2018-12-17 09:54:05,MCD,181.86,7,ASK
2018-12-17 09:54:10,MCD,181.74,4,BID
2018-12-17 09:54:05,MCD,181.86,7,ASK
2018-12-17 09:54:10,MCD,181.74,4,BID
2018-12-17 09:54:10,MCD,181.86,7,ASK
2018-12-17 09:54:13,MCD,181.66,4,BID
2018-12-17 09:54:13,MCD,181.82,3,ASK
2018-12-17 09:54:14,MCD,181.65,1,BID
2018-12-17 09:54:14,MCD,181.76,1,ASK
2018-12-17 09:54:15,MCD,181.64,1,BID
2018-12-17 09:54:15,MCD,181.76,1,ASK
2018-12-17 09:54:17,MCD,181.65,1,BID
2018-12-17 09:54:17,MCD,181.75,1,ASK
2018-12-17 09:54:17,MCD,181.65,1,BID
2018-12-17 09:54:17,MCD,181.75,3,ASK
2018-12-17 09:54:19,MCD,181.65,1,BID
2018-12-17 09:54:19,MCD,181.74,1,ASK
2018-12-17 09:54:19,MCD,181.65,1,BID
2018-12-17 09:54:19,MCD,181.72,1,ASK
2018-12-17 09:54:21,MCD,181.65,1,BID
2018-12-17 09:54:21,MCD,181.72,2,ASK
2018-12-17 09:54:23,MCD,181.65,1,BID
2018-12-17 09:54:23,MCD,181.71,2,ASK
2018-12-17 09:54:23,MCD,181.65,1,BID
2018-12-17 09:54:23,MCD,181.7,1,ASK
2018-12-17 09:54:23,MCD,181.65,1,BID
2018-12-17 09:54:23,MCD,181.7,1,ASK
2018-12-17 09:54:26,MCD,181.65,1,BID
2018-12-17 09:54:26,MCD,181.7,3,ASK
2018-12-17 09:47:02,MCD,181.63,9,BID
2018-12-17 09:54:27,MCD,181.66,1,ASK
2018-12-17 09:54:27,MCD,181.63,10,BID
2018-12-17 09:54:27,MCD,181.67,4,ASK
2018-12-17 09:54:29,MCD,181.51,7,BID
2018-12-17 09:54:29,MCD,181.63,4,ASK
2018-12-17 09:54:30,MCD,181.51,7,BID
2018-12-17 09:54:30,MCD,181.63,5,ASK
2018-12-17 09:54:30,MCD,181.51,7,BID
2018-12-17 09:54:30,MCD,181.63,5,ASK
2018-12-17 09:54:30,MCD,181.51,7,BID
2018-12-17 09:54:30,MCD,181.63,5,ASK
2018-12-17 09:54:32,MCD,181.51,8,BID
2018-12-17 09:54:32,MCD,181.63,7,ASK
2018-12-17 09:54:34,MCD,181.51,8,BID
2018-12-17 09:54:32,MCD,181.63,7,ASK
2018-12-17 09:54:34,MCD,181.51,8,BID
2018-12-17 09:54:32,MCD,181.63,6,ASK
2018-12-17 09:54:36,MCD,181.63,1,BID
2018-12-17 09:54:36,MCD,181.67,6,ASK
2018-12-17 09:54:36,MCD,181.69,3,BID
2018-12-17 09:54:14,MCD,181.8,3,ASK
2018-12-17 09:54:38,MCD,181.69,4,BID
2018-12-17 09:54:38,MCD,181.89,3,ASK
2018-12-17 09:54:39,MCD,181.69,6,BID
2018-12-17 09:54:39,MCD,181.89,3,ASK
2018-12-17 09:54:39,MCD,181.69,6,BID
2018-12-17 09:54:39,MCD,181.89,3,ASK
2018-12-17 09:54:41,MCD,181.69,6,BID
2018-12-17 09:54:41,MCD,181.89,3,ASK
2018-12-17 09:54:41,MCD,181.69,6,BID
2018-12-17 09:54:41,MCD,181.89,3,ASK
2018-12-17 09:54:43,MCD,181.69,6,BID
2018-12-17 09:54:43,MCD,181.89,3,ASK
2018-12-17 09:54:44,MCD,181.75,2,BID
2018-12-17 09:54:44,MCD,181.89,3,ASK
2018-12-17 09:54:45,MCD,181.77,2,BID
2018-12-17 09:54:45,MCD,181.89,3,ASK
2018-12-17 09:54:45,MCD,181.77,2,BID
2018-12-17 09:54:45,MCD,181.89,3,ASK
2018-12-17 09:54:45,MCD,181.77,2,BID
2018-12-17 09:54:45,MCD,181.89,3,ASK
2018-12-17 09:54:45,MCD,181.77,2,BID
2018-12-17 09:54:45,MCD,181.89,3,ASK
2018-12-17 09:54:45,MCD,181.77,2,BID
2018-12-17 09:54:45,MCD,181.89,3,ASK
2018-12-17 09:54:45,MCD,181.77,2,BID
2018-12-17 09:54:45,MCD,181.89,3,ASK
2018-12-17 09:54:51,MCD,181.77,3,BID
2018-12-17 09:54:45,MCD,181.89,3,ASK
2018-12-17 09:54:51,MCD,181.77,3,BID
2018-12-17 09:54:45,MCD,181.89,3,ASK
2018-12-17 09:54:51,MCD,181.77,3,BID
2018-12-17 09:54:45,MCD,181.89,3,ASK
2018-12-17 09:54:51,MCD,181.77,3,BID
2018-12-17 09:54:45,MCD,181.89,3,ASK
2018-12-17 09:54:51,MCD,181.77,3,BID
2018-12-17 09:54:45,MCD,181.89,3,ASK
2018-12-17 09:54:51,MCD,181.77,3,BID
2018-12-17 09:54:45,MCD,181.89,3,ASK
2018-12-17 09:54:51,MCD,181.77,3,BID
2018-12-17 09:54:45,MCD,181.89,3,ASK
2018-12-17 09:54:51,MCD,181.77,3,BID
2018-12-17 09:54:45,MCD,181.89,3,ASK
2018-12-17 09:54:51,MCD,181.77,3,BID
2018-12-17 09:54:45,MCD,181.89,3,ASK
2018-12-17 09:55:00,MCD,181.77,3,BID
2018-12-17 09:54:45,MCD,181.89,3,ASK
2018-12-17 09:55:00,MCD,181.89,2,BID
2018-12-17 09:55:00,MCD,181.98,3,ASK
2018-12-17 09:55:00,MCD,181.89,2,BID
2018-12-17 09:55:00,MCD,181.98,3,ASK
2018-12-17 09:55:01,MCD,181.89,4,BID
2018-12-17 09:55:01,MCD,181.98,3,ASK
2018-12-17 09:55:01,MCD,181.89,4,BID
2018-12-17 09:55:01,MCD,181.98,3,ASK
2018-12-17 09:55:01,MCD,181.89,4,BID
2018-12-17 09:55:01,MCD,181.98,3,ASK
2018-12-17 09:55:01,MCD,181.89,4,BID
2018-12-17 09:55:01,MCD,181.98,3,ASK
2018-12-17 09:55:01,MCD,181.89,4,BID
2018-12-17 09:55:01,MCD,181.98,3,ASK
2018-12-17 09:55:01,MCD,181.89,4,BID
2018-12-17 09:55:01,MCD,181.98,3,ASK
2018-12-17 09:55:01,MCD,181.89,4,BID
2018-12-17 09:55:01,MCD,181.98,3,ASK
2018-12-17 09:55:06,MCD,181.89,6,BID
2018-12-17 09:55:07,MCD,181.98,4,ASK
2018-12-17 09:55:06,MCD,181.89,6,BID
2018-12-17 09:55:07,MCD,181.98,4,ASK
2018-12-17 09:55:06,MCD,181.89,6,BID
2018-12-17 09:55:07,MCD,181.98,4,ASK
2018-12-17 09:55:12,MCD,181.96,3,BID
2018-12-17 09:55:12,MCD,182.04,7,ASK
2018-12-17 09:55:13,MCD,181.96,4,BID
2018-12-17 09:53:20,MCD,182.04,7,ASK
2018-12-17 09:55:13,MCD,181.96,4,BID
2018-12-17 09:53:20,MCD,182.04,7,ASK
2018-12-17 09:55:13,MCD,181.96,4,BID
2018-12-17 09:53:20,MCD,182.04,7,ASK
2018-12-17 09:55:13,MCD,181.96,5,BID
2018-12-17 09:53:20,MCD,182.04,7,ASK
2018-12-17 09:55:13,MCD,181.96,5,BID
2018-12-17 09:53:20,MCD,182.04,7,ASK
2018-12-17 09:55:13,MCD,181.96,5,BID
2018-12-17 09:53:20,MCD,182.04,7,ASK
2018-12-17 09:55:13,MCD,181.96,5,BID
2018-12-17 09:53:20,MCD,182.04,7,ASK
2018-12-17 09:55:13,MCD,181.96,5,BID
2018-12-17 09:53:20,MCD,182.04,7,ASK
2018-12-17 09:55:13,MCD,181.96,5,BID
2018-12-17 09:53:20,MCD,182.04,7,ASK
2018-12-17 09:55:13,MCD,181.96,5,BID
2018-12-17 09:53:20,MCD,182.04,7,ASK
2018-12-17 09:55:13,MCD,181.96,5,BID
2018-12-17 09:53:20,MCD,182.04,7,ASK
2018-12-17 09:55:13,MCD,181.96,5,BID
2018-12-17 09:53:20,MCD,182.04,7,ASK
2018-12-17 09:55:13,MCD,181.96,5,BID
2018-12-17 09:53:20,MCD,182.04,6,ASK
2018-12-17 09:55:13,MCD,181.96,5,BID
2018-12-17 09:53:20,MCD,182.04,6,ASK
2018-12-17 09:55:13,MCD,181.96,5,BID
2018-12-17 09:53:20,MCD,182.04,6,ASK
2018-12-17 09:55:13,MCD,181.96,5,BID
2018-12-17 09:53:20,MCD,182.04,6,ASK
2018-12-17 09:55:13,MCD,181.96,5,BID
2018-12-17 09:53:20,MCD,182.04,6,ASK
2018-12-17 09:55:13,MCD,181.96,5,BID
2018-12-17 09:53:20,MCD,182.04,6,ASK
2018-12-17 09:55:13,MCD,181.96,5,BID
2018-12-17 09:53:20,MCD,182.04,6,ASK
2018-12-17 09:55:13,MCD,181.96,4,BID
2018-12-17 09:55:33,MCD,182.03,1,ASK
2018-12-17 09:55:13,MCD,181.96,3,BID
2018-12-17 09:55:35,MCD,182.02,2,ASK
2018-12-17 09:55:13,MCD,181.96,4,BID
2018-12-17 09:55:35,MCD,182.02,2,ASK
2018-12-17 09:55:13,MCD,181.96,4,BID
2018-12-17 09:55:35,MCD,182.02,2,ASK
2018-12-17 09:55:01,MCD,181.89,6,BID
2018-12-17 09:55:37,MCD,182.0,1,ASK
2018-12-17 09:55:01,MCD,181.89,6,BID
2018-12-17 09:55:37,MCD,182.0,1,ASK
2018-12-17 09:55:01,MCD,181.89,5,BID
2018-12-17 09:55:40,MCD,182.0,1,ASK
2018-12-17 09:55:01,MCD,181.89,5,BID
2018-12-17 09:55:40,MCD,182.0,3,ASK
2018-12-17 09:55:01,MCD,181.89,5,BID
2018-12-17 09:55:40,MCD,182.0,3,ASK
2018-12-17 09:55:01,MCD,181.89,5,BID
2018-12-17 09:55:40,MCD,182.0,3,ASK
2018-12-17 09:55:01,MCD,181.89,4,BID
2018-12-17 09:55:43,MCD,182.0,4,ASK
2018-12-17 09:55:01,MCD,181.89,4,BID
2018-12-17 09:55:43,MCD,182.0,4,ASK
2018-12-17 09:55:01,MCD,181.89,4,BID
2018-12-17 09:55:45,MCD,181.99,1,ASK
2018-12-17 09:55:01,MCD,181.89,4,BID
2018-12-17 09:55:45,MCD,181.99,1,ASK
2018-12-17 09:55:01,MCD,181.89,4,BID
2018-12-17 09:55:47,MCD,181.99,3,ASK
2018-12-17 09:55:01,MCD,181.89,4,BID
2018-12-17 09:55:47,MCD,181.99,3,ASK
2018-12-17 09:55:01,MCD,181.89,4,BID
2018-12-17 09:55:47,MCD,181.99,3,ASK
2018-12-17 09:55:01,MCD,181.89,4,BID
2018-12-17 09:55:47,MCD,181.99,3,ASK
2018-12-17 09:55:01,MCD,181.89,4,BID
2018-12-17 09:55:47,MCD,181.99,3,ASK
2018-12-17 09:55:01,MCD,181.89,4,BID
2018-12-17 09:55:47,MCD,181.99,3,ASK
2018-12-17 09:55:01,MCD,181.89,4,BID
2018-12-17 09:55:53,MCD,181.99,4,ASK
2018-12-17 09:55:01,MCD,181.89,4,BID
2018-12-17 09:55:54,MCD,181.99,4,ASK
2018-12-17 09:55:01,MCD,181.89,4,BID
2018-12-17 09:55:54,MCD,181.99,4,ASK
2018-12-17 09:55:01,MCD,181.89,4,BID
2018-12-17 09:55:54,MCD,181.99,4,ASK
2018-12-17 09:55:57,MCD,181.77,5,BID
2018-12-17 09:55:57,MCD,181.92,2,ASK
2018-12-17 09:55:58,MCD,181.77,5,BID
2018-12-17 09:55:58,MCD,181.92,4,ASK
2018-12-17 09:55:58,MCD,181.77,4,BID
2018-12-17 09:56:00,MCD,181.92,4,ASK
2018-12-17 09:55:58,MCD,181.77,4,BID
2018-12-17 09:56:00,MCD,181.92,4,ASK
2018-12-17 09:55:58,MCD,181.77,4,BID
2018-12-17 09:56:00,MCD,181.92,4,ASK
2018-12-17 09:55:58,MCD,181.77,4,BID
2018-12-17 09:56:00,MCD,181.92,4,ASK
2018-12-17 09:56:03,MCD,181.77,6,BID
2018-12-17 09:56:00,MCD,181.92,6,ASK
2018-12-17 09:56:03,MCD,181.77,6,BID
2018-12-17 09:56:00,MCD,181.92,6,ASK
2018-12-17 09:56:03,MCD,181.77,6,BID
2018-12-17 09:56:00,MCD,181.92,6,ASK
2018-12-17 09:56:03,MCD,181.77,6,BID
2018-12-17 09:56:00,MCD,181.92,6,ASK
2018-12-17 09:56:07,MCD,181.77,7,BID
2018-12-17 09:56:00,MCD,181.92,6,ASK
2018-12-17 09:56:07,MCD,181.77,6,BID
2018-12-17 09:56:00,MCD,181.92,7,ASK
2018-12-17 09:56:07,MCD,181.77,6,BID
2018-12-17 09:56:00,MCD,181.92,6,ASK
2018-12-17 09:56:10,MCD,181.77,6,BID
2018-12-17 09:56:10,MCD,181.91,1,ASK
2018-12-17 09:56:10,MCD,181.77,6,BID
2018-12-17 09:56:10,MCD,181.91,1,ASK
2018-12-17 09:56:10,MCD,181.77,6,BID
2018-12-17 09:56:10,MCD,181.91,1,ASK
2018-12-17 09:56:10,MCD,181.77,6,BID
2018-12-17 09:56:10,MCD,181.91,1,ASK
2018-12-17 09:54:45,MCD,181.77,6,BID
2018-12-17 09:56:15,MCD,181.89,1,ASK
2018-12-17 09:56:16,MCD,181.68,7,BID
2018-12-17 09:56:16,MCD,181.82,3,ASK
2018-12-17 09:56:16,MCD,181.68,7,BID
2018-12-17 09:56:16,MCD,181.82,3,ASK
2018-12-17 09:56:16,MCD,181.68,7,BID
2018-12-17 09:56:16,MCD,181.82,3,ASK
2018-12-17 09:56:16,MCD,181.68,7,BID
2018-12-17 09:56:16,MCD,181.82,3,ASK
2018-12-17 09:56:16,MCD,181.68,7,BID
2018-12-17 09:56:16,MCD,181.82,3,ASK
2018-12-17 09:56:20,MCD,181.68,7,BID
2018-12-17 09:56:20,MCD,181.82,4,ASK
2018-12-17 09:56:21,MCD,181.68,7,BID
2018-12-17 09:56:21,MCD,181.82,5,ASK
2018-12-17 09:56:23,MCD,181.68,7,BID
2018-12-17 09:56:23,MCD,181.8,1,ASK
2018-12-17 09:56:23,MCD,181.68,7,BID
2018-12-17 09:56:23,MCD,181.8,1,ASK
2018-12-17 09:56:25,MCD,181.68,7,BID
2018-12-17 09:56:25,MCD,181.8,3,ASK
2018-12-17 09:56:25,MCD,181.68,7,BID
2018-12-17 09:56:25,MCD,181.8,3,ASK
2018-12-17 09:56:25,MCD,181.68,7,BID
2018-12-17 09:56:25,MCD,181.8,3,ASK
2018-12-17 09:56:27,MCD,181.68,7,BID
2018-12-17 09:56:27,MCD,181.8,2,ASK
2018-12-17 09:56:27,MCD,181.68,7,BID
2018-12-17 09:56:27,MCD,181.8,2,ASK
2018-12-17 09:56:30,MCD,181.68,7,BID
2018-12-17 09:56:27,MCD,181.8,2,ASK
2018-12-17 09:56:30,MCD,181.68,6,BID
2018-12-17 09:56:30,MCD,181.79,1,ASK
2018-12-17 09:56:31,MCD,181.59,5,BID
2018-12-17 09:56:31,MCD,181.73,1,ASK
2018-12-17 09:56:32,MCD,181.59,6,BID
2018-12-17 09:56:32,MCD,181.74,2,ASK
2018-12-17 09:56:34,MCD,181.59,6,BID
2018-12-17 09:56:34,MCD,181.74,5,ASK
2018-12-17 09:56:34,MCD,181.59,6,BID
2018-12-17 09:56:34,MCD,181.74,6,ASK
2018-12-17 09:56:35,MCD,181.55,2,BID
2018-12-17 09:56:35,MCD,181.73,1,ASK
2018-12-17 09:56:37,MCD,181.53,2,BID
2018-12-17 09:56:37,MCD,181.7,2,ASK
2018-12-17 09:56:37,MCD,181.51,13,BID
2018-12-17 09:56:37,MCD,181.7,4,ASK
2018-12-17 09:56:38,MCD,181.52,1,BID
2018-12-17 09:56:38,MCD,181.7,6,ASK
2018-12-17 09:56:38,MCD,181.52,1,BID
2018-12-17 09:56:38,MCD,181.7,6,ASK
2018-12-17 09:56:40,MCD,181.52,2,BID
2018-12-17 09:56:40,MCD,181.7,7,ASK
2018-12-17 09:56:40,MCD,181.52,2,BID
2018-12-17 09:56:40,MCD,181.7,7,ASK
2018-12-17 09:56:40,MCD,181.52,2,BID
2018-12-17 09:56:40,MCD,181.7,7,ASK
2018-12-17 09:56:44,MCD,181.52,5,BID
2018-12-17 09:56:44,MCD,181.7,7,ASK
2018-12-17 09:56:44,MCD,181.52,5,BID
2018-12-17 09:56:44,MCD,181.7,7,ASK
2018-12-17 09:56:44,MCD,181.52,5,BID
2018-12-17 09:56:44,MCD,181.7,7,ASK
2018-12-17 09:56:46,MCD,181.52,5,BID
2018-12-17 09:56:46,MCD,181.7,7,ASK
2018-12-17 09:56:46,MCD,181.52,5,BID
2018-12-17 09:56:46,MCD,181.7,7,ASK
2018-12-17 09:56:48,MCD,181.52,6,BID
2018-12-17 09:56:48,MCD,181.7,7,ASK
2018-12-17 09:56:48,MCD,181.52,6,BID
2018-12-17 09:56:48,MCD,181.7,7,ASK
2018-12-17 09:56:50,MCD,181.53,3,BID
2018-12-17 09:56:50,MCD,181.7,7,ASK
2018-12-17 09:56:52,MCD,181.53,3,BID
2018-12-17 09:56:52,MCD,181.7,9,ASK
2018-12-17 09:56:52,MCD,181.55,4,BID
2018-12-17 09:56:52,MCD,181.7,9,ASK
2018-12-17 09:56:53,MCD,181.55,8,BID
2018-12-17 09:56:53,MCD,181.7,9,ASK
2018-12-17 09:56:55,MCD,181.56,1,BID
2018-12-17 09:56:55,MCD,181.68,1,ASK
2018-12-17 09:56:53,MCD,181.55,7,BID
2018-12-17 09:56:55,MCD,181.7,9,ASK
2018-12-17 09:56:53,MCD,181.55,7,BID
2018-12-17 09:56:55,MCD,181.7,9,ASK
2018-12-17 09:56:53,MCD,181.55,9,BID
2018-12-17 09:56:57,MCD,181.7,9,ASK
2018-12-17 09:56:59,MCD,181.63,1,BID
2018-12-17 09:56:59,MCD,181.7,9,ASK
2018-12-17 09:56:59,MCD,181.68,1,BID
2018-12-17 09:56:59,MCD,181.72,3,ASK
2018-12-17 09:57:00,MCD,181.69,1,BID
2018-12-17 09:56:31,MCD,181.75,2,ASK
2018-12-17 09:57:00,MCD,181.69,1,BID
2018-12-17 09:56:31,MCD,181.75,2,ASK
2018-12-17 09:57:02,MCD,181.69,2,BID
2018-12-17 09:57:02,MCD,181.75,3,ASK
2018-12-17 09:57:04,MCD,181.69,3,BID
2018-12-17 09:57:03,MCD,181.75,4,ASK
2018-12-17 09:57:04,MCD,181.6,3,BID
2018-12-17 09:57:04,MCD,181.74,4,ASK
2018-12-17 09:57:05,MCD,181.6,6,BID
2018-12-17 09:57:05,MCD,181.73,1,ASK
2018-12-17 09:57:05,MCD,181.6,6,BID
2018-12-17 09:57:05,MCD,181.73,1,ASK
2018-12-17 09:57:05,MCD,181.6,4,BID
2018-12-17 09:57:07,MCD,181.73,1,ASK
2018-12-17 09:57:05,MCD,181.6,4,BID
2018-12-17 09:57:07,MCD,181.73,1,ASK
2018-12-17 09:57:09,MCD,181.6,5,BID
2018-12-17 09:57:09,MCD,181.73,5,ASK
2018-12-17 09:57:09,MCD,181.6,5,BID
2018-12-17 09:57:09,MCD,181.73,5,ASK
2018-12-17 09:57:11,MCD,181.61,1,BID
2018-12-17 09:57:09,MCD,181.73,5,ASK
2018-12-17 09:57:11,MCD,181.61,1,BID
2018-12-17 09:57:09,MCD,181.73,5,ASK
2018-12-17 09:57:11,MCD,181.61,1,BID
2018-12-17 09:57:09,MCD,181.73,5,ASK
2018-12-17 09:57:15,MCD,181.61,2,BID
2018-12-17 09:57:07,MCD,181.73,5,ASK
2018-12-17 09:57:15,MCD,181.61,2,BID
2018-12-17 09:57:07,MCD,181.73,5,ASK
2018-12-17 09:57:15,MCD,181.61,2,BID
2018-12-17 09:57:07,MCD,181.73,5,ASK
2018-12-17 09:57:17,MCD,181.61,2,BID
2018-12-17 09:57:17,MCD,181.73,7,ASK
2018-12-17 09:57:17,MCD,181.61,2,BID
2018-12-17 09:57:17,MCD,181.73,7,ASK
2018-12-17 09:57:17,MCD,181.61,2,BID
2018-12-17 09:57:17,MCD,181.73,7,ASK
2018-12-17 09:57:17,MCD,181.61,2,BID
2018-12-17 09:57:17,MCD,181.73,7,ASK
2018-12-17 09:57:22,MCD,181.61,2,BID
2018-12-17 09:57:22,MCD,181.73,7,ASK
2018-12-17 09:57:22,MCD,181.61,1,BID
2018-12-17 09:57:22,MCD,181.73,7,ASK
2018-12-17 09:57:24,MCD,181.61,1,BID
2018-12-17 09:57:22,MCD,181.73,7,ASK
2018-12-17 09:57:24,MCD,181.61,1,BID
2018-12-17 09:57:22,MCD,181.73,7,ASK
2018-12-17 09:57:25,MCD,181.61,2,BID
2018-12-17 09:57:25,MCD,181.68,1,ASK
2018-12-17 09:57:27,MCD,181.62,1,BID
2018-12-17 09:57:27,MCD,181.73,6,ASK
2018-12-17 09:57:27,MCD,181.61,5,BID
2018-12-17 09:57:27,MCD,181.73,6,ASK
2018-12-17 09:57:27,MCD,181.61,5,BID
2018-12-17 09:57:27,MCD,181.73,5,ASK
2018-12-17 09:57:30,MCD,181.61,7,BID
2018-12-17 09:57:30,MCD,181.73,6,ASK
2018-12-17 09:57:30,MCD,181.61,7,BID
2018-12-17 09:57:30,MCD,181.73,6,ASK
2018-12-17 09:57:31,MCD,181.7,2,BID
2018-12-17 09:57:32,MCD,181.79,2,ASK
2018-12-17 09:57:33,MCD,181.71,1,BID
2018-12-17 09:57:32,MCD,181.78,3,ASK
2018-12-17 09:57:34,MCD,181.71,2,BID
2018-12-17 09:57:34,MCD,181.78,4,ASK
2018-12-17 09:57:34,MCD,181.71,2,BID
2018-12-17 09:57:34,MCD,181.78,4,ASK
2018-12-17 09:57:35,MCD,181.72,1,BID
2018-12-17 09:57:35,MCD,181.78,4,ASK
2018-12-17 09:57:30,MCD,181.61,7,BID
2018-12-17 09:57:37,MCD,181.71,2,ASK
2018-12-17 09:57:37,MCD,181.58,2,BID
2018-12-17 09:57:37,MCD,181.71,2,ASK
2018-12-17 09:57:37,MCD,181.58,2,BID
2018-12-17 09:57:37,MCD,181.71,2,ASK
2018-12-17 09:57:40,MCD,181.58,2,BID
2018-12-17 09:57:40,MCD,181.71,3,ASK
2018-12-17 09:57:40,MCD,181.58,2,BID
2018-12-17 09:57:40,MCD,181.71,3,ASK
2018-12-17 09:57:41,MCD,181.59,2,BID
2018-12-17 09:57:40,MCD,181.71,3,ASK
2018-12-17 09:57:42,MCD,181.59,2,BID
2018-12-17 09:57:40,MCD,181.71,4,ASK
2018-12-17 09:57:42,MCD,181.59,2,BID
2018-12-17 09:57:40,MCD,181.71,4,ASK
2018-12-17 09:57:44,MCD,181.58,2,BID
2018-12-17 09:57:40,MCD,181.71,4,ASK
2018-12-17 09:57:45,MCD,181.58,2,BID
2018-12-17 09:57:40,MCD,181.71,4,ASK
2018-12-17 09:57:47,MCD,181.58,3,BID
2018-12-17 09:57:40,MCD,181.71,4,ASK
2018-12-17 09:57:47,MCD,181.58,3,BID
2018-12-17 09:57:40,MCD,181.71,4,ASK
2018-12-17 09:57:47,MCD,181.58,3,BID
2018-12-17 09:57:40,MCD,181.71,4,ASK
2018-12-17 09:57:47,MCD,181.58,3,BID
2018-12-17 09:57:40,MCD,181.71,4,ASK
2018-12-17 09:57:47,MCD,181.58,3,BID
2018-12-17 09:57:40,MCD,181.71,4,ASK
2018-12-17 09:57:52,MCD,181.61,2,BID
2018-12-17 09:57:40,MCD,181.71,4,ASK
2018-12-17 09:57:52,MCD,181.61,2,BID
2018-12-17 09:57:40,MCD,181.71,4,ASK
2018-12-17 09:57:52,MCD,181.61,2,BID
2018-12-17 09:57:40,MCD,181.71,4,ASK
2018-12-17 09:57:55,MCD,181.61,4,BID
2018-12-17 09:57:40,MCD,181.71,4,ASK
2018-12-17 09:57:55,MCD,181.61,4,BID
2018-12-17 09:57:40,MCD,181.71,4,ASK
2018-12-17 09:57:55,MCD,181.61,4,BID
2018-12-17 09:57:40,MCD,181.71,4,ASK
2018-12-17 09:57:58,MCD,181.61,3,BID
2018-12-17 09:57:40,MCD,181.71,4,ASK
2018-12-17 09:57:59,MCD,181.58,2,BID
2018-12-17 09:57:40,MCD,181.71,4,ASK
2018-12-17 09:58:00,MCD,181.58,2,BID
2018-12-17 09:57:40,MCD,181.71,4,ASK
2018-12-17 09:58:00,MCD,181.58,4,BID
2018-12-17 09:57:40,MCD,181.71,4,ASK
2018-12-17 09:58:01,MCD,181.58,3,BID
2018-12-17 09:58:01,MCD,181.7,1,ASK
2018-12-17 09:58:02,MCD,181.58,3,BID
2018-12-17 09:58:02,MCD,181.7,3,ASK
2018-12-17 09:58:04,MCD,181.58,3,BID
2018-12-17 09:58:02,MCD,181.7,3,ASK
2018-12-17 09:58:04,MCD,181.6,1,BID
2018-12-17 09:58:04,MCD,181.7,3,ASK
2018-12-17 09:58:04,MCD,181.6,1,BID
2018-12-17 09:58:04,MCD,181.7,3,ASK
2018-12-17 09:58:07,MCD,181.6,1,BID
2018-12-17 09:58:04,MCD,181.7,3,ASK
2018-12-17 09:58:07,MCD,181.6,1,BID
2018-12-17 09:58:04,MCD,181.7,3,ASK
2018-12-17 09:58:07,MCD,181.6,1,BID
2018-12-17 09:58:04,MCD,181.7,3,ASK
2018-12-17 09:58:10,MCD,181.6,1,BID
2018-12-17 09:58:09,MCD,181.7,5,ASK
2018-12-17 09:58:10,MCD,181.6,1,BID
2018-12-17 09:58:09,MCD,181.7,5,ASK
2018-12-17 09:58:10,MCD,181.6,1,BID
2018-12-17 09:58:09,MCD,181.7,5,ASK
2018-12-17 09:58:13,MCD,181.7,1,BID
2018-12-17 09:57:37,MCD,181.78,4,ASK
2018-12-17 09:58:14,MCD,181.7,2,BID
2018-12-17 09:58:14,MCD,181.78,4,ASK
2018-12-17 09:58:14,MCD,181.7,2,BID
2018-12-17 09:58:14,MCD,181.78,6,ASK
2018-12-17 09:58:16,MCD,181.7,2,BID
2018-12-17 09:58:16,MCD,181.77,1,ASK
2018-12-17 09:58:17,MCD,181.6,2,BID
2018-12-17 09:58:17,MCD,181.71,3,ASK
2018-12-17 09:58:17,MCD,181.6,4,BID
2018-12-17 09:58:18,MCD,181.77,3,ASK
2018-12-17 09:58:17,MCD,181.6,5,BID
2018-12-17 09:58:18,MCD,181.77,3,ASK
2018-12-17 09:58:20,MCD,181.63,2,BID
2018-12-17 09:58:20,MCD,181.77,5,ASK
2018-12-17 09:58:20,MCD,181.63,2,BID
2018-12-17 09:58:20,MCD,181.77,5,ASK
2018-12-17 09:58:22,MCD,181.63,3,BID
2018-12-17 09:58:22,MCD,181.77,5,ASK
2018-12-17 09:58:22,MCD,181.63,3,BID
2018-12-17 09:58:22,MCD,181.77,5,ASK
2018-12-17 09:58:24,MCD,181.65,2,BID
2018-12-17 09:58:24,MCD,181.76,1,ASK
2018-12-17 09:58:25,MCD,181.68,3,BID
2018-12-17 09:58:14,MCD,181.78,4,ASK
2018-12-17 09:58:25,MCD,181.71,1,BID
2018-12-17 09:58:25,MCD,181.82,1,ASK
2018-12-17 09:58:27,MCD,181.71,3,BID
2018-12-17 09:58:27,MCD,181.82,1,ASK
2018-12-17 09:58:28,MCD,181.73,1,BID
2018-12-17 09:58:28,MCD,181.82,1,ASK
2018-12-17 09:58:29,MCD,181.73,1,BID
2018-12-17 09:58:29,MCD,181.83,4,ASK
2018-12-17 09:58:30,MCD,181.73,1,BID
2018-12-17 09:58:29,MCD,181.83,4,ASK
2018-12-17 09:58:30,MCD,181.76,1,BID
2018-12-17 09:58:30,MCD,181.87,3,ASK
2018-12-17 09:58:30,MCD,181.76,1,BID
2018-12-17 09:58:30,MCD,181.87,3,ASK
2018-12-17 09:58:30,MCD,181.76,1,BID
2018-12-17 09:58:30,MCD,181.87,3,ASK
2018-12-17 09:58:34,MCD,181.76,1,BID
2018-12-17 09:58:30,MCD,181.87,4,ASK
2018-12-17 09:58:35,MCD,181.71,2,BID
2018-12-17 09:58:35,MCD,181.84,1,ASK
2018-12-17 09:58:36,MCD,181.71,2,BID
2018-12-17 09:58:36,MCD,181.84,1,ASK
2018-12-17 09:58:36,MCD,181.71,3,BID
2018-12-17 09:58:37,MCD,181.84,2,ASK
2018-12-17 09:58:36,MCD,181.71,3,BID
2018-12-17 09:58:37,MCD,181.84,2,ASK
2018-12-17 09:58:39,MCD,181.71,4,BID
2018-12-17 09:58:39,MCD,181.83,1,ASK
2018-12-17 09:58:39,MCD,181.71,4,BID
2018-12-17 09:58:39,MCD,181.83,3,ASK
2018-12-17 09:58:39,MCD,181.71,4,BID
2018-12-17 09:58:39,MCD,181.83,3,ASK
2018-12-17 09:58:39,MCD,181.71,4,BID
2018-12-17 09:58:39,MCD,181.83,3,ASK
2018-12-17 09:58:39,MCD,181.71,4,BID
2018-12-17 09:58:39,MCD,181.83,3,ASK
2018-12-17 09:58:39,MCD,181.71,4,BID
2018-12-17 09:58:39,MCD,181.83,3,ASK
2018-12-17 09:58:45,MCD,181.74,2,BID
2018-12-17 09:58:45,MCD,181.83,2,ASK
2018-12-17 09:58:46,MCD,181.74,2,BID
2018-12-17 09:58:46,MCD,181.83,4,ASK
2018-12-17 09:58:46,MCD,181.74,2,BID
2018-12-17 09:58:46,MCD,181.83,4,ASK
2018-12-17 09:58:46,MCD,181.74,2,BID
2018-12-17 09:58:46,MCD,181.83,4,ASK
2018-12-17 09:58:49,MCD,181.74,3,BID
2018-12-17 09:58:49,MCD,181.83,3,ASK
2018-12-17 09:58:49,MCD,181.74,3,BID
2018-12-17 09:58:49,MCD,181.83,3,ASK
2018-12-17 09:58:51,MCD,181.74,4,BID
2018-12-17 09:58:51,MCD,181.83,4,ASK
2018-12-17 09:58:52,MCD,181.74,4,BID
2018-12-17 09:58:51,MCD,181.83,4,ASK
2018-12-17 09:58:53,MCD,181.77,2,BID
2018-12-17 09:58:51,MCD,181.83,4,ASK
2018-12-17 09:58:53,MCD,181.77,2,BID
2018-12-17 09:58:51,MCD,181.83,4,ASK
2018-12-17 09:58:55,MCD,181.74,2,BID
2018-12-17 09:58:55,MCD,181.81,2,ASK
2018-12-17 09:58:56,MCD,181.72,1,BID
2018-12-17 09:58:56,MCD,181.79,1,ASK
2018-12-17 09:58:57,MCD,181.72,2,BID
2018-12-17 09:58:57,MCD,181.79,1,ASK
2018-12-17 09:58:57,MCD,181.72,2,BID
2018-12-17 09:58:57,MCD,181.79,1,ASK
2018-12-17 09:58:57,MCD,181.72,2,BID
2018-12-17 09:58:57,MCD,181.79,1,ASK
2018-12-17 09:59:00,MCD,181.7,5,BID
2018-12-17 09:59:00,MCD,181.77,1,ASK
2018-12-17 09:59:00,MCD,181.7,6,BID
2018-12-17 09:59:01,MCD,181.77,1,ASK
2018-12-17 09:59:00,MCD,181.7,6,BID
2018-12-17 09:59:01,MCD,181.77,1,ASK
2018-12-17 09:59:00,MCD,181.7,6,BID
2018-12-17 09:59:01,MCD,181.77,1,ASK
2018-12-17 09:59:04,MCD,181.7,6,BID
2018-12-17 09:59:04,MCD,181.77,1,ASK
2018-12-17 09:59:05,MCD,181.67,3,BID
2018-12-17 09:59:05,MCD,181.75,1,ASK
2018-12-17 09:59:05,MCD,181.61,2,BID
2018-12-17 09:59:05,MCD,181.72,4,ASK
2018-12-17 09:59:05,MCD,181.61,2,BID
2018-12-17 09:59:05,MCD,181.72,4,ASK
2018-12-17 09:59:08,MCD,181.61,2,BID
2018-12-17 09:59:08,MCD,181.71,1,ASK
2018-12-17 09:59:08,MCD,181.61,2,BID
2018-12-17 09:59:08,MCD,181.71,1,ASK
2018-12-17 09:59:10,MCD,181.61,2,BID
2018-12-17 09:59:10,MCD,181.71,2,ASK
2018-12-17 09:59:10,MCD,181.61,2,BID
2018-12-17 09:59:10,MCD,181.71,2,ASK
2018-12-17 09:59:10,MCD,181.61,2,BID
2018-12-17 09:59:10,MCD,181.71,2,ASK
2018-12-17 09:59:13,MCD,181.52,8,BID
2018-12-17 09:59:13,MCD,181.65,1,ASK
2018-12-17 09:59:13,MCD,181.52,8,BID
2018-12-17 09:59:13,MCD,181.65,1,ASK
2018-12-17 09:59:13,MCD,181.52,8,BID
2018-12-17 09:59:13,MCD,181.65,1,ASK
2018-12-17 09:59:16,MCD,181.52,8,BID
2018-12-17 09:59:15,MCD,181.65,4,ASK
2018-12-17 09:59:16,MCD,181.52,8,BID
2018-12-17 09:59:15,MCD,181.65,4,ASK
2018-12-17 09:59:18,MCD,181.52,8,BID
2018-12-17 09:59:18,MCD,181.65,4,ASK
2018-12-17 09:59:18,MCD,181.52,8,BID
2018-12-17 09:59:18,MCD,181.65,4,ASK
2018-12-17 09:59:20,MCD,181.52,8,BID
2018-12-17 09:59:20,MCD,181.65,6,ASK
2018-12-17 09:59:20,MCD,181.52,8,BID
2018-12-17 09:59:20,MCD,181.65,6,ASK
2018-12-17 09:59:22,MCD,181.53,1,BID
2018-12-17 09:59:20,MCD,181.65,6,ASK
2018-12-17 09:59:22,MCD,181.53,1,BID
2018-12-17 09:59:20,MCD,181.65,6,ASK
2018-12-17 09:59:22,MCD,181.53,1,BID
2018-12-17 09:59:20,MCD,181.65,6,ASK
2018-12-17 09:59:25,MCD,181.53,4,BID
2018-12-17 09:59:20,MCD,181.65,6,ASK
2018-12-17 09:59:27,MCD,181.59,1,BID
2018-12-17 09:59:27,MCD,181.72,5,ASK
2018-12-17 09:59:27,MCD,181.63,1,BID
2018-12-17 09:59:27,MCD,181.72,5,ASK
2018-12-17 09:59:28,MCD,181.63,1,BID
2018-12-17 09:59:28,MCD,181.71,1,ASK
2018-12-17 09:59:29,MCD,181.62,2,BID
2018-12-17 09:59:29,MCD,181.71,2,ASK
2018-12-17 09:59:30,MCD,181.6,1,BID
2018-12-17 09:59:30,MCD,181.66,3,ASK
2018-12-17 09:59:31,MCD,181.6,1,BID
2018-12-17 09:59:30,MCD,181.66,3,ASK
2018-12-17 09:59:31,MCD,181.6,1,BID
2018-12-17 09:59:30,MCD,181.66,3,ASK
2018-12-17 09:59:33,MCD,181.6,1,BID
2018-12-17 09:59:33,MCD,181.65,1,ASK
2018-12-17 09:59:34,MCD,181.6,2,BID
2018-12-17 09:59:34,MCD,181.65,1,ASK
2018-12-17 09:59:36,MCD,181.6,2,BID
2018-12-17 09:59:36,MCD,181.66,6,ASK
2018-12-17 09:59:36,MCD,181.6,3,BID
2018-12-17 09:59:36,MCD,181.7,2,ASK
2018-12-17 09:59:36,MCD,181.6,3,BID
2018-12-17 09:59:36,MCD,181.7,2,ASK
2018-12-17 09:59:36,MCD,181.6,3,BID
2018-12-17 09:59:36,MCD,181.7,2,ASK
2018-12-17 09:59:38,MCD,181.6,3,BID
2018-12-17 09:59:38,MCD,181.72,7,ASK
2018-12-17 09:59:38,MCD,181.6,3,BID
2018-12-17 09:59:38,MCD,181.72,7,ASK
2018-12-17 09:59:39,MCD,181.6,3,BID
2018-12-17 09:59:39,MCD,181.72,7,ASK
2018-12-17 09:59:42,MCD,181.61,5,BID
2018-12-17 09:59:42,MCD,181.72,7,ASK
2018-12-17 09:59:42,MCD,181.61,5,BID
2018-12-17 09:59:42,MCD,181.72,7,ASK
2018-12-17 09:59:45,MCD,181.61,6,BID
2018-12-17 09:59:44,MCD,181.72,9,ASK
2018-12-17 09:59:45,MCD,181.61,6,BID
2018-12-17 09:59:44,MCD,181.72,9,ASK
2018-12-17 09:59:46,MCD,181.63,1,BID
2018-12-17 09:59:44,MCD,181.72,9,ASK
2018-12-17 09:59:46,MCD,181.63,1,BID
2018-12-17 09:59:44,MCD,181.72,9,ASK
2018-12-17 09:59:46,MCD,181.63,1,BID
2018-12-17 09:59:44,MCD,181.72,9,ASK
2018-12-17 09:59:46,MCD,181.63,1,BID
2018-12-17 09:59:44,MCD,181.72,9,ASK
2018-12-17 09:59:50,MCD,181.71,1,BID
2018-12-17 09:59:50,MCD,181.77,4,ASK
2018-12-17 09:59:50,MCD,181.71,1,BID
2018-12-17 09:59:50,MCD,181.77,4,ASK
2018-12-17 09:59:50,MCD,181.71,1,BID
2018-12-17 09:59:50,MCD,181.77,4,ASK
2018-12-17 09:59:52,MCD,181.71,2,BID
2018-12-17 09:59:52,MCD,181.77,4,ASK
2018-12-17 09:59:53,MCD,181.71,3,BID
2018-12-17 09:59:53,MCD,181.77,4,ASK
2018-12-17 09:59:53,MCD,181.71,3,BID
2018-12-17 09:59:53,MCD,181.77,4,ASK
2018-12-17 09:59:53,MCD,181.71,3,BID
2018-12-17 09:59:53,MCD,181.77,4,ASK
2018-12-17 09:59:53,MCD,181.71,3,BID
2018-12-17 09:59:53,MCD,181.77,4,ASK
2018-12-17 09:59:53,MCD,181.71,3,BID
2018-12-17 09:59:53,MCD,181.77,4,ASK
2018-12-17 09:59:59,MCD,181.6,5,BID
2018-12-17 09:59:59,MCD,181.71,5,ASK
2018-12-17 09:59:59,MCD,181.6,6,BID
2018-12-17 10:00:00,MCD,181.75,1,ASK
2018-12-17 09:59:59,MCD,181.6,7,BID
2018-12-17 10:00:00,MCD,181.75,2,ASK
2018-12-17 10:00:01,MCD,181.51,1,BID
2018-12-17 10:00:01,MCD,181.59,1,ASK
2018-12-17 10:00:01,MCD,181.5,4,BID
2018-12-17 10:00:01,MCD,181.59,1,ASK
2018-12-17 10:00:01,MCD,181.5,4,BID
2018-12-17 10:00:01,MCD,181.59,1,ASK
2018-12-17 10:00:03,MCD,181.52,1,BID
2018-12-17 10:00:03,MCD,181.63,1,ASK
2018-12-17 10:00:03,MCD,181.53,1,BID
2018-12-17 10:00:03,MCD,181.63,1,ASK
2018-12-17 10:00:03,MCD,181.53,1,BID
2018-12-17 10:00:03,MCD,181.63,1,ASK
2018-12-17 10:00:07,MCD,181.53,3,BID
2018-12-17 10:00:07,MCD,181.63,1,ASK
2018-12-17 10:00:07,MCD,181.53,3,BID
2018-12-17 10:00:07,MCD,181.63,1,ASK
2018-12-17 10:00:07,MCD,181.53,3,BID
2018-12-17 10:00:07,MCD,181.63,1,ASK
2018-12-17 10:00:07,MCD,181.53,3,BID
2018-12-17 10:00:07,MCD,181.63,1,ASK
2018-12-17 10:00:07,MCD,181.53,3,BID
2018-12-17 10:00:07,MCD,181.63,1,ASK
2018-12-17 10:00:09,MCD,181.52,2,BID
2018-12-17 10:00:09,MCD,181.63,2,ASK
2018-12-17 10:00:03,MCD,181.5,5,BID
2018-12-17 10:00:10,MCD,181.57,1,ASK
2018-12-17 10:00:03,MCD,181.5,5,BID
2018-12-17 10:00:11,MCD,181.57,1,ASK
2018-12-17 10:00:03,MCD,181.5,5,BID
2018-12-17 10:00:11,MCD,181.57,1,ASK
2018-12-17 10:00:15,MCD,181.45,4,BID
2018-12-17 10:00:14,MCD,181.56,2,ASK
2018-12-17 10:00:15,MCD,181.45,1,BID
2018-12-17 10:00:15,MCD,181.55,1,ASK
2018-12-17 10:00:16,MCD,181.45,4,BID
2018-12-17 10:00:15,MCD,181.56,2,ASK
2018-12-17 10:00:16,MCD,181.45,4,BID
2018-12-17 10:00:18,MCD,181.56,3,ASK
2018-12-17 10:00:16,MCD,181.45,4,BID
2018-12-17 10:00:22,MCD,181.56,4,ASK
2018-12-17 10:00:16,MCD,181.45,4,BID
2018-12-17 10:00:22,MCD,181.56,4,ASK
2018-12-17 10:00:16,MCD,181.45,4,BID
2018-12-17 10:00:22,MCD,181.56,4,ASK
2018-12-17 10:00:16,MCD,181.45,4,BID
2018-12-17 10:00:22,MCD,181.56,4,ASK
2018-12-17 10:00:16,MCD,181.45,4,BID
2018-12-17 10:00:22,MCD,181.56,4,ASK
2018-12-17 10:00:16,MCD,181.45,3,BID
2018-12-17 10:00:26,MCD,181.56,4,ASK
2018-12-17 10:00:27,MCD,181.45,3,BID
2018-12-17 10:00:27,MCD,181.56,4,ASK
2018-12-17 10:00:28,MCD,181.34,3,BID
2018-12-17 10:00:28,MCD,181.47,6,ASK
2018-12-17 10:00:28,MCD,181.34,4,BID
2018-12-17 10:00:28,MCD,181.47,6,ASK
2018-12-17 10:00:28,MCD,181.34,4,BID
2018-12-17 10:00:30,MCD,181.47,7,ASK
2018-12-17 10:00:28,MCD,181.34,4,BID
2018-12-17 10:00:31,MCD,181.47,6,ASK
2018-12-17 10:00:28,MCD,181.34,4,BID
2018-12-17 10:00:31,MCD,181.47,6,ASK
2018-12-17 10:00:28,MCD,181.34,4,BID
2018-12-17 10:00:31,MCD,181.47,6,ASK
2018-12-17 10:00:35,MCD,181.34,4,BID
2018-12-17 10:00:35,MCD,181.46,4,ASK
2018-12-17 10:00:35,MCD,181.34,4,BID
2018-12-17 10:00:35,MCD,181.46,4,ASK
2018-12-17 10:00:35,MCD,181.34,4,BID
2018-12-17 10:00:35,MCD,181.46,4,ASK
2018-12-17 10:00:37,MCD,181.34,6,BID
2018-12-17 10:00:37,MCD,181.46,4,ASK
2018-12-17 10:00:37,MCD,181.34,6,BID
2018-12-17 10:00:38,MCD,181.46,6,ASK
2018-12-17 10:00:37,MCD,181.34,6,BID
2018-12-17 10:00:38,MCD,181.46,6,ASK
2018-12-17 10:00:37,MCD,181.34,6,BID
2018-12-17 10:00:41,MCD,181.46,4,ASK
2018-12-17 10:00:37,MCD,181.34,6,BID
2018-12-17 10:00:41,MCD,181.46,4,ASK
2018-12-17 10:00:37,MCD,181.34,6,BID
2018-12-17 10:00:41,MCD,181.46,4,ASK
2018-12-17 10:00:44,MCD,181.36,1,BID
2018-12-17 10:00:44,MCD,181.47,1,ASK
2018-12-17 10:00:44,MCD,181.37,2,BID
2018-12-17 10:00:44,MCD,181.49,2,ASK
2018-12-17 10:00:44,MCD,181.37,2,BID
2018-12-17 10:00:44,MCD,181.49,2,ASK
2018-12-17 10:00:47,MCD,181.39,2,BID
2018-12-17 10:00:47,MCD,181.48,3,ASK
2018-12-17 10:00:48,MCD,181.4,2,BID
2018-12-17 10:00:48,MCD,181.49,3,ASK
2018-12-17 10:00:49,MCD,181.4,1,BID
2018-12-17 10:00:49,MCD,181.49,3,ASK
2018-12-17 10:00:49,MCD,181.4,1,BID
2018-12-17 10:00:49,MCD,181.49,3,ASK
2018-12-17 10:00:50,MCD,181.41,1,BID
2018-12-17 10:00:50,MCD,181.49,3,ASK
2018-12-17 10:00:50,MCD,181.41,1,BID
2018-12-17 10:00:50,MCD,181.49,3,ASK
2018-12-17 10:00:50,MCD,181.41,1,BID
2018-12-17 10:00:50,MCD,181.49,3,ASK
2018-12-17 10:00:50,MCD,181.41,1,BID
2018-12-17 10:00:50,MCD,181.49,3,ASK
2018-12-17 10:00:54,MCD,181.41,1,BID
2018-12-17 10:00:54,MCD,181.49,3,ASK
2018-12-17 10:00:55,MCD,181.42,1,BID
2018-12-17 10:00:55,MCD,181.49,3,ASK
2018-12-17 10:00:56,MCD,181.44,1,BID
2018-12-17 10:00:56,MCD,181.53,1,ASK
2018-12-17 10:00:58,MCD,181.45,1,BID
2018-12-17 10:00:58,MCD,181.54,4,ASK
2018-12-17 10:00:59,MCD,181.5,2,BID
2018-12-17 10:00:59,MCD,181.56,2,ASK
2018-12-17 10:01:00,MCD,181.5,1,BID
2018-12-17 10:01:00,MCD,181.56,2,ASK
2018-12-17 10:01:00,MCD,181.5,1,BID
2018-12-17 10:01:00,MCD,181.56,2,ASK
2018-12-17 10:01:02,MCD,181.5,1,BID
2018-12-17 10:01:02,MCD,181.56,3,ASK
2018-12-17 10:01:02,MCD,181.5,1,BID
2018-12-17 10:01:02,MCD,181.56,3,ASK
2018-12-17 10:01:02,MCD,181.5,1,BID
2018-12-17 10:01:02,MCD,181.56,3,ASK
2018-12-17 10:01:04,MCD,181.52,1,BID
2018-12-17 10:01:04,MCD,181.6,3,ASK
2018-12-17 10:01:05,MCD,181.52,4,BID
2018-12-17 10:01:05,MCD,181.6,2,ASK
2018-12-17 10:01:05,MCD,181.52,4,BID
2018-12-17 10:01:05,MCD,181.6,2,ASK
2018-12-17 10:01:05,MCD,181.52,4,BID
2018-12-17 10:01:07,MCD,181.6,1,ASK
2018-12-17 10:01:05,MCD,181.52,4,BID
2018-12-17 10:01:07,MCD,181.6,1,ASK
2018-12-17 10:01:05,MCD,181.52,4,BID
2018-12-17 10:01:07,MCD,181.6,1,ASK
2018-12-17 10:01:05,MCD,181.52,4,BID
2018-12-17 10:01:07,MCD,181.6,1,ASK
2018-12-17 10:01:12,MCD,181.53,3,BID
2018-12-17 10:01:12,MCD,181.66,1,ASK
2018-12-17 10:01:12,MCD,181.63,2,BID
2018-12-17 10:01:12,MCD,181.71,3,ASK
2018-12-17 10:01:12,MCD,181.63,3,BID
2018-12-17 10:01:13,MCD,181.71,3,ASK
2018-12-17 10:01:13,MCD,181.63,5,BID
2018-12-17 10:01:14,MCD,181.71,1,ASK
2018-12-17 10:01:16,MCD,181.63,7,BID
2018-12-17 10:01:16,MCD,181.75,5,ASK
2018-12-17 10:01:16,MCD,181.63,8,BID
2018-12-17 10:01:16,MCD,181.75,5,ASK
2018-12-17 10:01:18,MCD,181.63,11,BID
2018-12-17 10:01:18,MCD,181.75,5,ASK
2018-12-17 10:01:18,MCD,181.63,11,BID
2018-12-17 10:01:18,MCD,181.75,5,ASK
2018-12-17 10:01:18,MCD,181.63,11,BID
2018-12-17 10:01:20,MCD,181.75,5,ASK
2018-12-17 10:01:18,MCD,181.63,11,BID
2018-12-17 10:01:20,MCD,181.75,5,ASK
2018-12-17 10:01:18,MCD,181.63,11,BID
2018-12-17 10:01:20,MCD,181.75,5,ASK
2018-12-17 10:01:18,MCD,181.63,11,BID
2018-12-17 10:01:22,MCD,181.75,6,ASK
2018-12-17 10:01:18,MCD,181.63,11,BID
2018-12-17 10:01:22,MCD,181.75,5,ASK
2018-12-17 10:01:25,MCD,181.64,3,BID
2018-12-17 10:01:22,MCD,181.75,5,ASK
2018-12-17 10:01:25,MCD,181.64,3,BID
2018-12-17 10:01:25,MCD,181.75,6,ASK
2018-12-17 10:01:27,MCD,181.64,3,BID
2018-12-17 10:01:27,MCD,181.74,1,ASK
2018-12-17 10:01:28,MCD,181.64,3,BID
2018-12-17 10:01:28,MCD,181.73,1,ASK
2018-12-17 10:01:28,MCD,181.66,1,BID
2018-12-17 10:01:25,MCD,181.75,5,ASK
2018-12-17 10:01:30,MCD,181.66,1,BID
2018-12-17 10:01:30,MCD,181.77,6,ASK
2018-12-17 10:01:30,MCD,181.66,1,BID
2018-12-17 10:01:30,MCD,181.77,6,ASK
2018-12-17 10:01:30,MCD,181.66,1,BID
2018-12-17 10:01:30,MCD,181.77,6,ASK
2018-12-17 10:01:33,MCD,181.66,2,BID
2018-12-17 10:01:33,MCD,181.77,6,ASK
2018-12-17 10:01:33,MCD,181.66,4,BID
2018-12-17 10:01:33,MCD,181.77,6,ASK
2018-12-17 10:01:33,MCD,181.66,4,BID
2018-12-17 10:01:34,MCD,181.77,6,ASK
2018-12-17 10:01:36,MCD,181.67,1,BID
2018-12-17 10:01:36,MCD,181.77,6,ASK
2018-12-17 10:01:36,MCD,181.67,1,BID
2018-12-17 10:01:36,MCD,181.78,5,ASK
2018-12-17 10:01:28,MCD,181.64,4,BID
2018-12-17 10:01:37,MCD,181.73,1,ASK
2018-12-17 10:01:38,MCD,181.64,4,BID
2018-12-17 10:01:38,MCD,181.75,2,ASK
2018-12-17 10:01:40,MCD,181.64,4,BID
2018-12-17 10:01:40,MCD,181.76,1,ASK
2018-12-17 10:01:40,MCD,181.64,4,BID
2018-12-17 10:01:40,MCD,181.77,2,ASK
2018-12-17 10:01:40,MCD,181.64,4,BID
2018-12-17 10:01:40,MCD,181.77,2,ASK
2018-12-17 10:01:43,MCD,181.66,1,BID
2018-12-17 10:01:43,MCD,181.78,4,ASK
2018-12-17 10:01:44,MCD,181.66,1,BID
2018-12-17 10:01:44,MCD,181.78,4,ASK
2018-12-17 10:01:45,MCD,181.68,1,BID
2018-12-17 10:01:45,MCD,181.78,4,ASK
2018-12-17 10:01:45,MCD,181.68,1,BID
2018-12-17 10:01:45,MCD,181.78,4,ASK
2018-12-17 10:01:47,MCD,181.68,1,BID
2018-12-17 10:01:47,MCD,181.76,1,ASK
2018-12-17 10:01:47,MCD,181.68,1,BID
2018-12-17 10:01:47,MCD,181.78,4,ASK
2018-12-17 10:01:47,MCD,181.68,1,BID
2018-12-17 10:01:47,MCD,181.78,4,ASK
2018-12-17 10:01:50,MCD,181.68,1,BID
2018-12-17 10:01:50,MCD,181.77,1,ASK
2018-12-17 10:01:51,MCD,181.68,4,BID
2018-12-17 10:01:51,MCD,181.78,4,ASK
2018-12-17 10:01:52,MCD,181.69,2,BID
2018-12-17 10:01:52,MCD,181.78,5,ASK
2018-12-17 10:01:52,MCD,181.69,2,BID
2018-12-17 10:01:52,MCD,181.78,5,ASK
2018-12-17 10:01:53,MCD,181.69,1,BID
2018-12-17 10:01:53,MCD,181.78,5,ASK
2018-12-17 10:01:55,MCD,181.69,1,BID
2018-12-17 10:01:55,MCD,181.77,1,ASK
2018-12-17 10:01:55,MCD,181.69,1,BID
2018-12-17 10:01:55,MCD,181.78,4,ASK
2018-12-17 10:01:56,MCD,181.69,1,BID
2018-12-17 10:01:56,MCD,181.78,4,ASK
2018-12-17 10:01:58,MCD,181.69,1,BID
2018-12-17 10:01:58,MCD,181.78,4,ASK
2018-12-17 10:01:58,MCD,181.69,1,BID
2018-12-17 10:01:58,MCD,181.78,4,ASK
2018-12-17 10:02:00,MCD,181.69,1,BID
2018-12-17 10:02:00,MCD,181.78,4,ASK
2018-12-17 10:02:01,MCD,181.69,2,BID
2018-12-17 10:02:01,MCD,181.78,4,ASK
2018-12-17 10:02:01,MCD,181.69,2,BID
2018-12-17 10:02:01,MCD,181.78,4,ASK
2018-12-17 10:02:03,MCD,181.69,2,BID
2018-12-17 10:02:01,MCD,181.78,4,ASK
2018-12-17 10:02:03,MCD,181.69,2,BID
2018-12-17 10:02:01,MCD,181.78,4,ASK
2018-12-17 10:02:05,MCD,181.69,2,BID
2018-12-17 10:02:05,MCD,181.77,1,ASK
2018-12-17 10:02:05,MCD,181.69,2,BID
2018-12-17 10:02:05,MCD,181.77,1,ASK
2018-12-17 10:02:05,MCD,181.69,2,BID
2018-12-17 10:02:05,MCD,181.77,1,ASK
2018-12-17 10:02:05,MCD,181.69,2,BID
2018-12-17 10:02:05,MCD,181.77,1,ASK
2018-12-17 10:02:08,MCD,181.64,1,BID
2018-12-17 10:02:08,MCD,181.69,6,ASK
2018-12-17 10:02:08,MCD,181.64,1,BID
2018-12-17 10:02:08,MCD,181.69,6,ASK
2018-12-17 10:02:08,MCD,181.64,1,BID
2018-12-17 10:02:08,MCD,181.69,6,ASK
2018-12-17 10:02:12,MCD,181.64,1,BID
2018-12-17 10:02:12,MCD,181.68,1,ASK
2018-12-17 10:02:12,MCD,181.64,1,BID
2018-12-17 10:02:12,MCD,181.69,7,ASK
2018-12-17 10:02:12,MCD,181.64,1,BID
2018-12-17 10:02:12,MCD,181.69,7,ASK
2018-12-17 10:01:24,MCD,181.63,8,BID
2018-12-17 10:02:15,MCD,181.68,2,ASK
2018-12-17 10:01:24,MCD,181.63,8,BID
2018-12-17 10:02:08,MCD,181.69,7,ASK
2018-12-17 10:01:24,MCD,181.63,8,BID
2018-12-17 10:02:08,MCD,181.69,7,ASK
2018-12-17 10:01:24,MCD,181.63,8,BID
2018-12-17 10:02:08,MCD,181.69,7,ASK
2018-12-17 10:01:24,MCD,181.63,8,BID
2018-12-17 10:02:08,MCD,181.69,9,ASK
2018-12-17 10:01:24,MCD,181.63,8,BID
2018-12-17 10:02:08,MCD,181.69,9,ASK
2018-12-17 10:01:24,MCD,181.63,8,BID
2018-12-17 10:02:08,MCD,181.69,9,ASK
2018-12-17 10:01:24,MCD,181.63,8,BID
2018-12-17 10:02:08,MCD,181.69,9,ASK
2018-12-17 10:01:24,MCD,181.63,8,BID
2018-12-17 10:02:08,MCD,181.69,9,ASK
2018-12-17 10:01:24,MCD,181.63,8,BID
2018-12-17 10:02:08,MCD,181.69,9,ASK
2018-12-17 10:01:24,MCD,181.63,8,BID
2018-12-17 10:02:08,MCD,181.69,9,ASK
2018-12-17 10:01:24,MCD,181.63,8,BID
2018-12-17 10:02:08,MCD,181.69,9,ASK
2018-12-17 10:01:24,MCD,181.63,8,BID
2018-12-17 10:02:08,MCD,181.69,9,ASK
2018-12-17 10:01:24,MCD,181.63,8,BID
2018-12-17 10:02:08,MCD,181.69,9,ASK
2018-12-17 10:01:24,MCD,181.63,8,BID
2018-12-17 10:02:08,MCD,181.69,9,ASK
2018-12-17 10:01:24,MCD,181.63,8,BID
2018-12-17 10:02:08,MCD,181.69,9,ASK
2018-12-17 10:01:24,MCD,181.63,8,BID
2018-12-17 10:02:08,MCD,181.69,9,ASK
2018-12-17 10:01:24,MCD,181.63,8,BID
2018-12-17 10:02:08,MCD,181.69,9,ASK
2018-12-17 10:01:24,MCD,181.63,8,BID
2018-12-17 10:02:08,MCD,181.69,9,ASK
2018-12-17 10:02:34,MCD,181.64,4,BID
2018-12-17 10:02:34,MCD,181.74,5,ASK
2018-12-17 10:02:34,MCD,181.64,4,BID
2018-12-17 10:02:34,MCD,181.74,5,ASK
2018-12-17 10:02:35,MCD,181.64,4,BID
2018-12-17 10:02:34,MCD,181.74,5,ASK
2018-12-17 10:02:36,MCD,181.64,7,BID
2018-12-17 10:02:34,MCD,181.74,5,ASK
2018-12-17 10:02:36,MCD,181.64,8,BID
2018-12-17 10:02:38,MCD,181.74,4,ASK
2018-12-17 10:02:36,MCD,181.64,8,BID
2018-12-17 10:02:39,MCD,181.74,4,ASK
2018-12-17 10:02:36,MCD,181.64,8,BID
2018-12-17 10:02:39,MCD,181.74,4,ASK
2018-12-17 10:02:36,MCD,181.64,8,BID
2018-12-17 10:02:39,MCD,181.74,4,ASK
2018-12-17 10:02:36,MCD,181.64,8,BID
2018-12-17 10:02:39,MCD,181.74,4,ASK
2018-12-17 10:02:36,MCD,181.64,8,BID
2018-12-17 10:02:39,MCD,181.74,4,ASK
2018-12-17 10:02:44,MCD,181.69,1,BID
2018-12-17 10:02:44,MCD,181.74,4,ASK
2018-12-17 10:02:45,MCD,181.74,1,BID
2018-12-17 10:02:45,MCD,181.84,3,ASK
2018-12-17 10:02:45,MCD,181.74,1,BID
2018-12-17 10:02:45,MCD,181.84,3,ASK
2018-12-17 10:02:47,MCD,181.74,2,BID
2018-12-17 10:02:47,MCD,181.79,1,ASK
2018-12-17 10:02:47,MCD,181.74,2,BID
2018-12-17 10:02:47,MCD,181.79,1,ASK
2018-12-17 10:02:47,MCD,181.74,2,BID
2018-12-17 10:02:47,MCD,181.79,1,ASK
2018-12-17 10:02:50,MCD,181.74,4,BID
2018-12-17 10:02:50,MCD,181.82,3,ASK
2018-12-17 10:02:51,MCD,181.78,1,BID
2018-12-17 10:02:51,MCD,181.82,1,ASK
2018-12-17 10:02:52,MCD,181.78,2,BID
2018-12-17 10:02:52,MCD,181.82,1,ASK
2018-12-17 10:02:52,MCD,181.78,2,BID
2018-12-17 10:02:52,MCD,181.82,1,ASK
2018-12-17 10:02:54,MCD,181.78,2,BID
2018-12-17 10:02:54,MCD,181.82,1,ASK
2018-12-17 10:02:55,MCD,181.74,6,BID
2018-12-17 10:02:55,MCD,181.81,5,ASK
2018-12-17 10:02:55,MCD,181.74,6,BID
2018-12-17 10:02:55,MCD,181.81,5,ASK
2018-12-17 10:02:55,MCD,181.74,6,BID
2018-12-17 10:02:55,MCD,181.81,5,ASK
2018-12-17 10:02:55,MCD,181.74,6,BID
2018-12-17 10:02:55,MCD,181.81,5,ASK
2018-12-17 10:02:55,MCD,181.74,6,BID
2018-12-17 10:02:55,MCD,181.81,5,ASK
2018-12-17 10:03:00,MCD,181.74,6,BID
2018-12-17 10:03:00,MCD,181.81,6,ASK
2018-12-17 10:03:01,MCD,181.75,2,BID
2018-12-17 10:03:01,MCD,181.85,1,ASK
2018-12-17 10:03:02,MCD,181.75,2,BID
2018-12-17 10:03:02,MCD,181.87,1,ASK
2018-12-17 10:03:03,MCD,181.75,2,BID
2018-12-17 10:03:03,MCD,181.82,1,ASK
2018-12-17 10:03:03,MCD,181.75,2,BID
2018-12-17 10:03:03,MCD,181.82,1,ASK
2018-12-17 10:03:03,MCD,181.75,2,BID
2018-12-17 10:03:03,MCD,181.82,1,ASK
2018-12-17 10:03:06,MCD,181.75,3,BID
2018-12-17 10:03:06,MCD,181.82,5,ASK
2018-12-17 10:03:07,MCD,181.75,3,BID
2018-12-17 10:03:06,MCD,181.82,5,ASK
2018-12-17 10:03:08,MCD,181.75,6,BID
2018-12-17 10:03:08,MCD,181.82,1,ASK
2018-12-17 10:03:08,MCD,181.75,6,BID
2018-12-17 10:03:08,MCD,181.82,1,ASK
2018-12-17 10:03:08,MCD,181.75,6,BID
2018-12-17 10:03:10,MCD,181.83,1,ASK
2018-12-17 10:03:10,MCD,181.75,6,BID
2018-12-17 10:03:10,MCD,181.82,1,ASK
2018-12-17 10:03:12,MCD,181.76,4,BID
2018-12-17 10:03:12,MCD,181.83,1,ASK
2018-12-17 10:03:13,MCD,181.77,1,BID
2018-12-17 10:03:13,MCD,181.82,1,ASK
2018-12-17 10:03:14,MCD,181.77,2,BID
2018-12-17 10:03:14,MCD,181.82,1,ASK
