timestamp,ticker,price,volume,bid_ask
2018-12-17 09:40:22,MMM,195.65,2,BID
2018-12-17 09:40:35,MMM,195.78,2,ASK
2018-12-17 09:40:37,MMM,195.65,3,BID
2018-12-17 09:40:37,MMM,195.78,3,ASK
2018-12-17 09:40:38,MMM,195.66,1,BID
2018-12-17 09:40:38,MMM,195.78,3,ASK
2018-12-17 09:40:38,MMM,195.66,2,BID
2018-12-17 09:40:38,MMM,195.78,3,ASK
2018-12-17 09:40:39,MMM,195.71,2,BID
2018-12-17 09:40:39,MMM,195.9,1,ASK
2018-12-17 09:40:39,MMM,195.71,2,BID
2018-12-17 09:40:41,MMM,195.9,1,ASK
2018-12-17 09:40:41,MMM,195.71,4,BID
2018-12-17 09:40:41,MMM,195.9,1,ASK
2018-12-17 09:40:41,MMM,195.71,4,BID
2018-12-17 09:40:41,MMM,195.9,1,ASK
2018-12-17 09:40:41,MMM,195.71,4,BID
2018-12-17 09:40:41,MMM,195.9,1,ASK
2018-12-17 09:40:41,MMM,195.71,4,BID
2018-12-17 09:40:41,MMM,195.9,1,ASK
2018-12-17 09:40:41,MMM,195.71,4,BID
2018-12-17 09:40:41,MMM,195.9,1,ASK
2018-12-17 09:40:41,MMM,195.71,4,BID
2018-12-17 09:40:41,MMM,195.9,1,ASK
2018-12-17 09:40:47,MMM,195.71,5,BID
2018-12-17 09:40:47,MMM,195.9,1,ASK
2018-12-17 09:40:47,MMM,195.71,5,BID
2018-12-17 09:40:47,MMM,195.9,1,ASK
2018-12-17 09:40:49,MMM,195.71,4,BID
2018-12-17 09:40:49,MMM,195.9,2,ASK
2018-12-17 09:40:51,MMM,195.71,5,BID
2018-12-17 09:40:51,MMM,195.9,2,ASK
2018-12-17 09:40:52,MMM,195.78,1,BID
2018-12-17 09:40:52,MMM,195.9,2,ASK
2018-12-17 09:40:52,MMM,195.78,1,BID
2018-12-17 09:40:52,MMM,195.9,2,ASK
2018-12-17 09:40:14,MMM,195.63,2,BID
2018-12-17 09:40:53,MMM,195.8,1,ASK
2018-12-17 09:40:55,MMM,195.63,2,BID
2018-12-17 09:40:55,MMM,195.87,1,ASK
2018-12-17 09:40:56,MMM,195.64,1,BID
2018-12-17 09:40:56,MMM,195.86,1,ASK
2018-12-17 09:40:56,MMM,195.65,1,BID
2018-12-17 09:40:56,MMM,195.86,1,ASK
2018-12-17 09:40:56,MMM,195.65,1,BID
2018-12-17 09:40:56,MMM,195.86,1,ASK
2018-12-17 09:40:56,MMM,195.65,1,BID
2018-12-17 09:40:56,MMM,195.86,1,ASK
2018-12-17 09:41:00,MMM,195.64,3,BID
2018-12-17 09:41:00,MMM,195.8,1,ASK
2018-12-17 09:41:01,MMM,195.67,1,BID
2018-12-17 09:41:01,MMM,195.8,1,ASK
2018-12-17 09:41:01,MMM,195.67,1,BID
2018-12-17 09:41:01,MMM,195.8,1,ASK
2018-12-17 09:41:02,MMM,195.68,1,BID
2018-12-17 09:41:02,MMM,195.8,1,ASK
2018-12-17 09:41:02,MMM,195.68,1,BID
2018-12-17 09:41:02,MMM,195.8,1,ASK
2018-12-17 09:41:02,MMM,195.68,1,BID
2018-12-17 09:41:02,MMM,195.8,1,ASK
2018-12-17 09:41:02,MMM,195.68,1,BID
2018-12-17 09:41:02,MMM,195.8,1,ASK
2018-12-17 09:41:02,MMM,195.68,1,BID
2018-12-17 09:41:02,MMM,195.8,1,ASK
2018-12-17 09:41:08,MMM,195.71,2,BID
2018-12-17 09:41:08,MMM,195.72,1,ASK
2018-12-17 09:41:08,MMM,195.5,1,BID
2018-12-17 09:41:08,MMM,195.69,2,ASK
2018-12-17 09:41:08,MMM,195.5,1,BID
2018-12-17 09:41:08,MMM,195.69,2,ASK
2018-12-17 09:41:10,MMM,195.5,1,BID
2018-12-17 09:41:10,MMM,195.69,3,ASK
2018-12-17 09:41:11,MMM,195.4,1,BID
2018-12-17 09:41:11,MMM,195.6,1,ASK
2018-12-17 09:41:11,MMM,195.29,1,BID
2018-12-17 09:41:11,MMM,195.51,2,ASK
2018-12-17 09:41:14,MMM,195.29,1,BID
2018-12-17 09:41:14,MMM,195.52,1,ASK
2018-12-17 09:41:14,MMM,195.29,1,BID
2018-12-17 09:41:14,MMM,195.48,1,ASK
2018-12-17 09:41:14,MMM,195.29,1,BID
2018-12-17 09:41:14,MMM,195.48,1,ASK
2018-12-17 09:41:14,MMM,195.29,1,BID
2018-12-17 09:41:14,MMM,195.48,1,ASK
2018-12-17 09:41:17,MMM,195.29,2,BID
2018-12-17 09:41:17,MMM,195.51,3,ASK
2018-12-17 09:41:18,MMM,195.29,3,BID
2018-12-17 09:41:17,MMM,195.51,4,ASK
2018-12-17 09:41:19,MMM,195.11,2,BID
2018-12-17 09:41:19,MMM,195.29,1,ASK
2018-12-17 09:41:19,MMM,195.11,2,BID
2018-12-17 09:41:19,MMM,195.29,1,ASK
2018-12-17 09:41:19,MMM,195.11,2,BID
2018-12-17 09:41:19,MMM,195.29,1,ASK
2018-12-17 09:41:19,MMM,195.11,2,BID
2018-12-17 09:41:19,MMM,195.29,1,ASK
2018-12-17 09:41:23,MMM,195.12,1,BID
2018-12-17 09:41:23,MMM,195.29,1,ASK
2018-12-17 09:41:24,MMM,195.22,1,BID
2018-12-17 09:41:24,MMM,195.42,1,ASK
2018-12-17 09:41:25,MMM,195.22,1,BID
2018-12-17 09:41:25,MMM,195.42,2,ASK
2018-12-17 09:41:25,MMM,195.22,1,BID
2018-12-17 09:41:25,MMM,195.42,2,ASK
2018-12-17 09:41:25,MMM,195.22,1,BID
2018-12-17 09:41:25,MMM,195.42,2,ASK
2018-12-17 09:41:29,MMM,195.22,1,BID
2018-12-17 09:41:25,MMM,195.42,2,ASK
2018-12-17 09:41:30,MMM,195.22,1,BID
2018-12-17 09:41:25,MMM,195.42,2,ASK
2018-12-17 09:41:30,MMM,195.22,2,BID
2018-12-17 09:41:30,MMM,195.45,3,ASK
2018-12-17 09:41:30,MMM,195.22,2,BID
2018-12-17 09:41:30,MMM,195.45,3,ASK
2018-12-17 09:41:30,MMM,195.22,2,BID
2018-12-17 09:41:30,MMM,195.45,3,ASK
2018-12-17 09:41:33,MMM,195.22,4,BID
2018-12-17 09:41:33,MMM,195.45,3,ASK
2018-12-17 09:41:35,MMM,195.22,4,BID
2018-12-17 09:41:35,MMM,195.45,4,ASK
2018-12-17 09:41:35,MMM,195.22,4,BID
2018-12-17 09:41:35,MMM,195.42,1,ASK
2018-12-17 09:41:35,MMM,195.22,4,BID
2018-12-17 09:41:37,MMM,195.42,1,ASK
2018-12-17 09:41:35,MMM,195.22,4,BID
2018-12-17 09:41:37,MMM,195.42,1,ASK
2018-12-17 09:41:38,MMM,195.22,5,BID
2018-12-17 09:41:38,MMM,195.42,1,ASK
2018-12-17 09:41:38,MMM,195.22,5,BID
2018-12-17 09:41:38,MMM,195.42,1,ASK
2018-12-17 09:41:38,MMM,195.22,5,BID
2018-12-17 09:41:38,MMM,195.42,1,ASK
2018-12-17 09:41:42,MMM,195.22,4,BID
2018-12-17 09:41:42,MMM,195.28,1,ASK
2018-12-17 09:41:42,MMM,195.12,1,BID
2018-12-17 09:41:42,MMM,195.29,1,ASK
2018-12-17 09:41:42,MMM,195.12,1,BID
2018-12-17 09:41:42,MMM,195.29,1,ASK
2018-12-17 09:41:45,MMM,195.15,1,BID
2018-12-17 09:41:45,MMM,195.28,1,ASK
2018-12-17 09:41:46,MMM,195.11,2,BID
2018-12-17 09:41:46,MMM,195.28,2,ASK
2018-12-17 09:41:46,MMM,195.11,2,BID
2018-12-17 09:41:46,MMM,195.28,2,ASK
2018-12-17 09:41:46,MMM,195.11,2,BID
2018-12-17 09:41:46,MMM,195.28,2,ASK
2018-12-17 09:41:49,MMM,195.17,1,BID
2018-12-17 09:41:49,MMM,195.28,2,ASK
2018-12-17 09:41:49,MMM,195.17,1,BID
2018-12-17 09:41:49,MMM,195.28,2,ASK
2018-12-17 09:41:49,MMM,195.17,1,BID
2018-12-17 09:41:49,MMM,195.28,2,ASK
2018-12-17 09:41:49,MMM,195.17,1,BID
2018-12-17 09:41:49,MMM,195.28,2,ASK
2018-12-17 09:41:52,MMM,195.23,1,BID
2018-12-17 09:41:41,MMM,195.42,2,ASK
2018-12-17 09:41:52,MMM,195.23,1,BID
2018-12-17 09:41:41,MMM,195.42,2,ASK
2018-12-17 09:41:52,MMM,195.23,1,BID
2018-12-17 09:41:41,MMM,195.42,2,ASK
2018-12-17 09:41:52,MMM,195.23,1,BID
2018-12-17 09:41:41,MMM,195.42,2,ASK
2018-12-17 09:41:52,MMM,195.23,1,BID
2018-12-17 09:41:41,MMM,195.42,2,ASK
2018-12-17 09:41:52,MMM,195.23,1,BID
2018-12-17 09:41:41,MMM,195.42,2,ASK
2018-12-17 09:41:52,MMM,195.23,1,BID
2018-12-17 09:41:41,MMM,195.42,2,ASK
2018-12-17 09:41:52,MMM,195.23,1,BID
2018-12-17 09:41:41,MMM,195.42,2,ASK
2018-12-17 09:42:00,MMM,195.24,1,BID
2018-12-17 09:41:41,MMM,195.42,2,ASK
2018-12-17 09:42:00,MMM,195.24,1,BID
2018-12-17 09:41:41,MMM,195.42,2,ASK
2018-12-17 09:42:00,MMM,195.24,1,BID
2018-12-17 09:41:41,MMM,195.42,2,ASK
2018-12-17 09:42:00,MMM,195.24,1,BID
2018-12-17 09:41:41,MMM,195.42,2,ASK
2018-12-17 09:42:00,MMM,195.24,1,BID
2018-12-17 09:41:41,MMM,195.42,2,ASK
2018-12-17 09:42:06,MMM,195.12,1,BID
2018-12-17 09:42:06,MMM,195.23,2,ASK
2018-12-17 09:42:06,MMM,195.11,2,BID
2018-12-17 09:42:06,MMM,195.23,2,ASK
2018-12-17 09:42:06,MMM,195.11,2,BID
2018-12-17 09:42:06,MMM,195.23,2,ASK
2018-12-17 09:42:09,MMM,195.1,1,BID
2018-12-17 09:42:09,MMM,195.23,2,ASK
2018-12-17 09:42:09,MMM,195.1,1,BID
2018-12-17 09:42:09,MMM,195.23,3,ASK
2018-12-17 09:42:09,MMM,195.1,1,BID
2018-12-17 09:42:09,MMM,195.23,3,ASK
2018-12-17 09:42:12,MMM,195.13,1,BID
2018-12-17 09:42:06,MMM,195.23,3,ASK
2018-12-17 09:42:13,MMM,195.02,1,BID
2018-12-17 09:42:13,MMM,195.21,1,ASK
2018-12-17 09:42:13,MMM,195.02,1,BID
2018-12-17 09:42:13,MMM,195.21,1,ASK
2018-12-17 09:42:13,MMM,195.02,1,BID
2018-12-17 09:42:13,MMM,195.21,1,ASK
2018-12-17 09:42:16,MMM,195.02,3,BID
2018-12-17 09:42:16,MMM,195.21,1,ASK
2018-12-17 09:42:16,MMM,195.02,3,BID
2018-12-17 09:42:16,MMM,195.21,1,ASK
2018-12-17 09:42:16,MMM,195.02,3,BID
2018-12-17 09:42:16,MMM,195.21,1,ASK
2018-12-17 09:42:19,MMM,195.02,3,BID
2018-12-17 09:42:19,MMM,195.18,1,ASK
2018-12-17 09:42:19,MMM,195.02,3,BID
2018-12-17 09:42:19,MMM,195.18,1,ASK
2018-12-17 09:42:20,MMM,195.02,2,BID
2018-12-17 09:42:20,MMM,195.18,1,ASK
2018-12-17 09:42:22,MMM,194.92,1,BID
2018-12-17 09:42:22,MMM,195.14,1,ASK
2018-12-17 09:42:23,MMM,194.92,1,BID
2018-12-17 09:42:23,MMM,195.13,1,ASK
2018-12-17 09:42:24,MMM,195.07,1,BID
2018-12-17 09:42:06,MMM,195.23,4,ASK
2018-12-17 09:42:25,MMM,195.05,1,BID
2018-12-17 09:42:06,MMM,195.23,4,ASK
2018-12-17 09:42:25,MMM,195.05,1,BID
2018-12-17 09:42:06,MMM,195.23,4,ASK
2018-12-17 09:42:25,MMM,195.05,1,BID
2018-12-17 09:42:06,MMM,195.23,4,ASK
2018-12-17 09:42:25,MMM,195.05,1,BID
2018-12-17 09:42:06,MMM,195.23,4,ASK
2018-12-17 09:42:25,MMM,195.05,1,BID
2018-12-17 09:42:06,MMM,195.23,4,ASK
2018-12-17 09:42:30,MMM,195.1,1,BID
2018-12-17 09:42:30,MMM,195.23,1,ASK
2018-12-17 09:42:30,MMM,195.1,1,BID
2018-12-17 09:42:30,MMM,195.23,3,ASK
2018-12-17 09:42:32,MMM,195.1,1,BID
2018-12-17 09:42:30,MMM,195.23,3,ASK
2018-12-17 09:42:32,MMM,195.1,1,BID
2018-12-17 09:42:30,MMM,195.23,3,ASK
2018-12-17 09:42:32,MMM,195.1,1,BID
2018-12-17 09:42:30,MMM,195.23,3,ASK
2018-12-17 09:42:32,MMM,195.1,1,BID
2018-12-17 09:42:30,MMM,195.23,3,ASK
2018-12-17 09:42:32,MMM,195.1,1,BID
2018-12-17 09:42:30,MMM,195.23,3,ASK
2018-12-17 09:42:32,MMM,195.1,1,BID
2018-12-17 09:42:30,MMM,195.23,3,ASK
2018-12-17 09:42:32,MMM,195.1,1,BID
2018-12-17 09:42:30,MMM,195.23,3,ASK
2018-12-17 09:42:32,MMM,195.1,1,BID
2018-12-17 09:42:30,MMM,195.23,3,ASK
2018-12-17 09:42:40,MMM,195.02,2,BID
2018-12-17 09:42:40,MMM,195.22,1,ASK
2018-12-17 09:42:40,MMM,195.02,2,BID
2018-12-17 09:42:40,MMM,195.1,1,ASK
2018-12-17 09:42:42,MMM,195.02,3,BID
2018-12-17 09:42:42,MMM,195.18,1,ASK
2018-12-17 09:42:43,MMM,195.02,3,BID
2018-12-17 09:42:43,MMM,195.18,2,ASK
2018-12-17 09:42:43,MMM,195.02,3,BID
2018-12-17 09:42:43,MMM,195.18,2,ASK
2018-12-17 09:42:45,MMM,195.03,1,BID
2018-12-17 09:42:45,MMM,195.19,1,ASK
2018-12-17 09:42:45,MMM,195.03,1,BID
2018-12-17 09:42:45,MMM,195.19,1,ASK
2018-12-17 09:42:45,MMM,195.03,1,BID
2018-12-17 09:42:45,MMM,195.19,1,ASK
2018-12-17 09:42:48,MMM,195.02,3,BID
2018-12-17 09:42:48,MMM,195.17,1,ASK
2018-12-17 09:42:48,MMM,195.02,3,BID
2018-12-17 09:42:48,MMM,195.17,1,ASK
2018-12-17 09:42:48,MMM,195.02,3,BID
2018-12-17 09:42:48,MMM,195.17,1,ASK
2018-12-17 09:42:51,MMM,195.03,1,BID
2018-12-17 09:42:51,MMM,195.19,1,ASK
2018-12-17 09:42:52,MMM,195.04,1,BID
2018-12-17 09:42:52,MMM,195.19,1,ASK
2018-12-17 09:42:52,MMM,195.04,1,BID
2018-12-17 09:42:52,MMM,195.19,1,ASK
2018-12-17 09:42:54,MMM,195.04,2,BID
2018-12-17 09:42:54,MMM,195.19,1,ASK
2018-12-17 09:42:55,MMM,195.14,1,BID
2018-12-17 09:42:55,MMM,195.26,2,ASK
2018-12-17 09:42:56,MMM,195.06,2,BID
2018-12-17 09:42:56,MMM,195.26,3,ASK
2018-12-17 09:42:57,MMM,195.06,2,BID
2018-12-17 09:42:56,MMM,195.26,3,ASK
2018-12-17 09:42:58,MMM,195.04,3,BID
2018-12-17 09:42:58,MMM,195.26,4,ASK
2018-12-17 09:42:58,MMM,195.04,3,BID
2018-12-17 09:42:58,MMM,195.26,4,ASK
2018-12-17 09:43:00,MMM,195.04,3,BID
2018-12-17 09:43:00,MMM,195.26,4,ASK
2018-12-17 09:43:00,MMM,195.04,3,BID
2018-12-17 09:43:00,MMM,195.26,4,ASK
2018-12-17 09:43:00,MMM,195.04,3,BID
2018-12-17 09:43:00,MMM,195.26,4,ASK
2018-12-17 09:43:00,MMM,195.04,3,BID
2018-12-17 09:43:00,MMM,195.26,4,ASK
2018-12-17 09:43:04,MMM,195.04,3,BID
2018-12-17 09:43:04,MMM,195.26,4,ASK
2018-12-17 09:43:05,MMM,195.04,3,BID
2018-12-17 09:43:05,MMM,195.26,4,ASK
2018-12-17 09:43:05,MMM,195.04,3,BID
2018-12-17 09:43:05,MMM,195.26,4,ASK
2018-12-17 09:43:05,MMM,195.04,3,BID
2018-12-17 09:43:05,MMM,195.26,4,ASK
2018-12-17 09:43:05,MMM,195.04,3,BID
2018-12-17 09:43:05,MMM,195.26,4,ASK
2018-12-17 09:43:09,MMM,195.07,1,BID
2018-12-17 09:43:09,MMM,195.26,6,ASK
2018-12-17 09:43:09,MMM,195.07,1,BID
2018-12-17 09:43:09,MMM,195.26,6,ASK
2018-12-17 09:43:09,MMM,195.07,1,BID
2018-12-17 09:43:09,MMM,195.26,6,ASK
2018-12-17 09:43:11,MMM,195.07,1,BID
2018-12-17 09:42:56,MMM,195.26,7,ASK
2018-12-17 09:43:11,MMM,195.07,1,BID
2018-12-17 09:42:56,MMM,195.26,7,ASK
2018-12-17 09:43:13,MMM,195.07,1,BID
2018-12-17 09:42:56,MMM,195.26,8,ASK
2018-12-17 09:43:13,MMM,195.07,1,BID
2018-12-17 09:42:56,MMM,195.26,8,ASK
2018-12-17 09:43:16,MMM,195.07,1,BID
2018-12-17 09:42:56,MMM,195.26,8,ASK
2018-12-17 09:43:17,MMM,195.02,4,BID
2018-12-17 09:43:17,MMM,195.18,2,ASK
2018-12-17 09:43:18,MMM,194.9,3,BID
2018-12-17 09:43:18,MMM,195.15,1,ASK
2018-12-17 09:43:19,MMM,194.72,4,BID
2018-12-17 09:43:19,MMM,194.87,1,ASK
2018-12-17 09:43:19,MMM,194.72,4,BID
2018-12-17 09:43:19,MMM,194.9,2,ASK
2018-12-17 09:43:19,MMM,194.73,1,BID
2018-12-17 09:43:19,MMM,194.9,3,ASK
2018-12-17 09:43:20,MMM,194.54,1,BID
2018-12-17 09:43:20,MMM,194.72,1,ASK
2018-12-17 09:43:20,MMM,194.51,1,BID
2018-12-17 09:43:20,MMM,194.82,1,ASK
2018-12-17 09:43:20,MMM,194.51,1,BID
2018-12-17 09:43:20,MMM,194.82,1,ASK
2018-12-17 09:43:20,MMM,194.51,1,BID
2018-12-17 09:43:20,MMM,194.82,1,ASK
2018-12-17 09:43:21,MMM,194.51,1,BID
2018-12-17 09:43:21,MMM,194.82,2,ASK
2018-12-17 09:43:22,MMM,194.44,1,BID
2018-12-17 09:43:22,MMM,194.75,2,ASK
2018-12-17 09:43:23,MMM,194.44,1,BID
2018-12-17 09:43:23,MMM,194.75,3,ASK
2018-12-17 09:43:24,MMM,194.49,1,BID
2018-12-17 09:43:24,MMM,194.75,3,ASK
2018-12-17 09:43:25,MMM,194.5,1,BID
2018-12-17 09:43:25,MMM,194.75,5,ASK
2018-12-17 09:43:26,MMM,194.5,1,BID
2018-12-17 09:43:26,MMM,194.74,1,ASK
2018-12-17 09:43:27,MMM,194.5,1,BID
2018-12-17 09:43:27,MMM,194.74,2,ASK
2018-12-17 09:43:29,MMM,194.5,2,BID
2018-12-17 09:43:29,MMM,194.74,4,ASK
2018-12-17 09:43:30,MMM,194.51,1,BID
2018-12-17 09:43:30,MMM,194.72,1,ASK
2018-12-17 09:43:31,MMM,194.51,1,BID
2018-12-17 09:43:31,MMM,194.72,3,ASK
2018-12-17 09:43:32,MMM,194.51,2,BID
2018-12-17 09:43:32,MMM,194.72,3,ASK
2018-12-17 09:43:32,MMM,194.51,2,BID
2018-12-17 09:43:32,MMM,194.72,3,ASK
2018-12-17 09:43:32,MMM,194.51,2,BID
2018-12-17 09:43:32,MMM,194.72,3,ASK
2018-12-17 09:43:37,MMM,194.55,1,BID
2018-12-17 09:43:37,MMM,194.72,3,ASK
2018-12-17 09:43:38,MMM,194.37,1,BID
2018-12-17 09:43:38,MMM,194.54,1,ASK
2018-12-17 09:43:38,MMM,194.36,1,BID
2018-12-17 09:43:38,MMM,194.54,2,ASK
2018-12-17 09:43:38,MMM,194.36,1,BID
2018-12-17 09:43:38,MMM,194.54,2,ASK
2018-12-17 09:43:38,MMM,194.36,1,BID
2018-12-17 09:43:38,MMM,194.54,2,ASK
2018-12-17 09:43:41,MMM,194.16,2,BID
2018-12-17 09:43:41,MMM,194.36,1,ASK
2018-12-17 09:43:43,MMM,194.13,2,BID
2018-12-17 09:43:43,MMM,194.3,1,ASK
2018-12-17 09:43:44,MMM,194.19,1,BID
2018-12-17 09:43:44,MMM,194.32,3,ASK
2018-12-17 09:43:47,MMM,194.01,1,BID
2018-12-17 09:43:47,MMM,194.24,2,ASK
2018-12-17 09:43:48,MMM,194.01,3,BID
2018-12-17 09:43:48,MMM,194.24,2,ASK
2018-12-17 09:43:48,MMM,194.01,3,BID
2018-12-17 09:43:48,MMM,194.24,2,ASK
2018-12-17 09:43:50,MMM,194.11,1,BID
2018-12-17 09:43:50,MMM,194.24,4,ASK
2018-12-17 09:43:51,MMM,194.12,2,BID
2018-12-17 09:43:51,MMM,194.32,6,ASK
2018-12-17 09:43:52,MMM,194.12,2,BID
2018-12-17 09:43:52,MMM,194.31,1,ASK
2018-12-17 09:43:52,MMM,194.12,2,BID
2018-12-17 09:43:53,MMM,194.31,2,ASK
2018-12-17 09:43:52,MMM,194.12,2,BID
2018-12-17 09:43:53,MMM,194.31,3,ASK
2018-12-17 09:43:52,MMM,194.12,2,BID
2018-12-17 09:43:53,MMM,194.31,3,ASK
2018-12-17 09:43:52,MMM,194.12,3,BID
2018-12-17 09:43:53,MMM,194.31,3,ASK
2018-12-17 09:43:52,MMM,194.12,3,BID
2018-12-17 09:43:53,MMM,194.31,3,ASK
2018-12-17 09:43:52,MMM,194.12,3,BID
2018-12-17 09:43:53,MMM,194.31,3,ASK
2018-12-17 09:43:52,MMM,194.12,3,BID
2018-12-17 09:43:53,MMM,194.31,3,ASK
2018-12-17 09:43:52,MMM,194.12,3,BID
2018-12-17 09:43:53,MMM,194.31,3,ASK
2018-12-17 09:43:52,MMM,194.12,2,BID
2018-12-17 09:43:53,MMM,194.31,3,ASK
2018-12-17 09:43:52,MMM,194.12,2,BID
2018-12-17 09:43:53,MMM,194.31,3,ASK
2018-12-17 09:43:52,MMM,194.12,2,BID
2018-12-17 09:44:03,MMM,194.31,8,ASK
2018-12-17 09:43:52,MMM,194.12,2,BID
2018-12-17 09:44:04,MMM,194.31,7,ASK
2018-12-17 09:44:05,MMM,194.12,1,BID
2018-12-17 09:44:05,MMM,194.3,2,ASK
2018-12-17 09:44:05,MMM,194.12,1,BID
2018-12-17 09:44:05,MMM,194.3,2,ASK
2018-12-17 09:44:05,MMM,194.12,1,BID
2018-12-17 09:44:05,MMM,194.3,2,ASK
2018-12-17 09:44:05,MMM,194.12,1,BID
2018-12-17 09:44:05,MMM,194.3,2,ASK
2018-12-17 09:44:05,MMM,194.12,1,BID
2018-12-17 09:44:05,MMM,194.3,2,ASK
2018-12-17 09:44:05,MMM,194.12,1,BID
2018-12-17 09:44:05,MMM,194.3,2,ASK
2018-12-17 09:44:05,MMM,194.12,1,BID
2018-12-17 09:44:05,MMM,194.3,2,ASK
2018-12-17 09:44:11,MMM,194.17,1,BID
2018-12-17 09:44:11,MMM,194.3,1,ASK
2018-12-17 09:44:12,MMM,194.17,2,BID
2018-12-17 09:44:12,MMM,194.3,1,ASK
2018-12-17 09:44:14,MMM,194.26,1,BID
2018-12-17 09:44:14,MMM,194.54,3,ASK
2018-12-17 09:44:15,MMM,194.27,1,BID
2018-12-17 09:44:15,MMM,194.51,1,ASK
2018-12-17 09:44:16,MMM,194.28,1,BID
2018-12-17 09:44:16,MMM,194.51,1,ASK
2018-12-17 09:44:16,MMM,194.29,1,BID
2018-12-17 09:44:16,MMM,194.51,1,ASK
2018-12-17 09:44:16,MMM,194.29,1,BID
2018-12-17 09:44:16,MMM,194.51,1,ASK
2018-12-17 09:44:16,MMM,194.29,1,BID
2018-12-17 09:44:16,MMM,194.51,1,ASK
2018-12-17 09:44:20,MMM,194.33,1,BID
2018-12-17 09:44:20,MMM,194.51,1,ASK
2018-12-17 09:44:20,MMM,194.33,1,BID
2018-12-17 09:44:20,MMM,194.51,1,ASK
2018-12-17 09:44:20,MMM,194.33,1,BID
2018-12-17 09:44:20,MMM,194.51,1,ASK
2018-12-17 09:44:23,MMM,194.34,1,BID
2018-12-17 09:44:23,MMM,194.51,1,ASK
2018-12-17 09:44:23,MMM,194.34,1,BID
2018-12-17 09:44:23,MMM,194.51,1,ASK
2018-12-17 09:44:23,MMM,194.34,1,BID
2018-12-17 09:44:23,MMM,194.51,1,ASK
2018-12-17 09:44:23,MMM,194.34,1,BID
2018-12-17 09:44:23,MMM,194.51,1,ASK
2018-12-17 09:44:27,MMM,194.33,2,BID
2018-12-17 09:44:27,MMM,194.51,1,ASK
2018-12-17 09:44:27,MMM,194.33,2,BID
2018-12-17 09:44:27,MMM,194.51,1,ASK
2018-12-17 09:44:30,MMM,194.33,2,BID
2018-12-17 09:44:30,MMM,194.51,1,ASK
2018-12-17 09:44:30,MMM,194.33,2,BID
2018-12-17 09:44:30,MMM,194.51,1,ASK
2018-12-17 09:44:31,MMM,194.33,2,BID
2018-12-17 09:44:15,MMM,194.54,4,ASK
2018-12-17 09:44:31,MMM,194.33,2,BID
2018-12-17 09:44:15,MMM,194.54,4,ASK
2018-12-17 09:44:31,MMM,194.33,2,BID
2018-12-17 09:44:15,MMM,194.54,4,ASK
2018-12-17 09:44:31,MMM,194.33,2,BID
2018-12-17 09:44:15,MMM,194.54,4,ASK
2018-12-17 09:44:35,MMM,194.33,2,BID
2018-12-17 09:44:35,MMM,194.53,1,ASK
2018-12-17 09:44:35,MMM,194.33,2,BID
2018-12-17 09:44:35,MMM,194.53,1,ASK
2018-12-17 09:44:35,MMM,194.33,2,BID
2018-12-17 09:44:35,MMM,194.53,1,ASK
2018-12-17 09:44:35,MMM,194.33,2,BID
2018-12-17 09:44:35,MMM,194.53,1,ASK
2018-12-17 09:44:35,MMM,194.33,2,BID
2018-12-17 09:44:35,MMM,194.53,1,ASK
2018-12-17 09:44:35,MMM,194.33,2,BID
2018-12-17 09:44:35,MMM,194.53,1,ASK
2018-12-17 09:44:41,MMM,194.33,3,BID
2018-12-17 09:44:41,MMM,194.53,1,ASK
2018-12-17 09:44:41,MMM,194.33,3,BID
2018-12-17 09:44:41,MMM,194.53,1,ASK
2018-12-17 09:44:43,MMM,194.33,3,BID
2018-12-17 09:44:43,MMM,194.51,1,ASK
2018-12-17 09:44:43,MMM,194.33,3,BID
2018-12-17 09:44:43,MMM,194.51,1,ASK
2018-12-17 09:44:43,MMM,194.33,3,BID
2018-12-17 09:44:43,MMM,194.51,1,ASK
2018-12-17 09:44:46,MMM,194.34,1,BID
2018-12-17 09:44:46,MMM,194.51,1,ASK
2018-12-17 09:44:46,MMM,194.34,1,BID
2018-12-17 09:44:46,MMM,194.51,1,ASK
2018-12-17 09:44:46,MMM,194.34,1,BID
2018-12-17 09:44:46,MMM,194.51,1,ASK
2018-12-17 09:44:49,MMM,194.43,1,BID
2018-12-17 09:44:49,MMM,194.58,1,ASK
2018-12-17 09:44:50,MMM,194.44,1,BID
2018-12-17 09:44:50,MMM,194.58,1,ASK
2018-12-17 09:44:50,MMM,194.44,1,BID
2018-12-17 09:44:50,MMM,194.58,1,ASK
2018-12-17 09:44:52,MMM,194.45,1,BID
2018-12-17 09:44:52,MMM,194.58,1,ASK
2018-12-17 09:44:52,MMM,194.45,1,BID
2018-12-17 09:44:52,MMM,194.58,1,ASK
2018-12-17 09:44:52,MMM,194.45,1,BID
2018-12-17 09:44:52,MMM,194.58,1,ASK
2018-12-17 09:44:55,MMM,194.45,1,BID
2018-12-17 09:44:55,MMM,194.58,4,ASK
2018-12-17 09:44:57,MMM,194.46,3,BID
2018-12-17 09:44:57,MMM,194.58,4,ASK
2018-12-17 09:44:57,MMM,194.33,4,BID
2018-12-17 09:44:57,MMM,194.54,1,ASK
2018-12-17 09:44:57,MMM,194.33,4,BID
2018-12-17 09:44:57,MMM,194.54,1,ASK
2018-12-17 09:45:00,MMM,194.33,4,BID
2018-12-17 09:45:00,MMM,194.53,2,ASK
2018-12-17 09:45:00,MMM,194.33,4,BID
2018-12-17 09:45:00,MMM,194.53,2,ASK
2018-12-17 09:45:01,MMM,194.33,4,BID
2018-12-17 09:45:01,MMM,194.51,1,ASK
2018-12-17 09:45:02,MMM,194.33,3,BID
2018-12-17 09:45:02,MMM,194.42,1,ASK
2018-12-17 09:45:02,MMM,194.18,1,BID
2018-12-17 09:45:02,MMM,194.38,2,ASK
2018-12-17 09:45:04,MMM,194.16,1,BID
2018-12-17 09:45:03,MMM,194.38,3,ASK
2018-12-17 09:45:05,MMM,194.01,3,BID
2018-12-17 09:45:06,MMM,194.29,1,ASK
2018-12-17 09:45:05,MMM,194.01,3,BID
2018-12-17 09:45:06,MMM,194.29,2,ASK
2018-12-17 09:45:05,MMM,194.01,3,BID
2018-12-17 09:45:08,MMM,194.29,3,ASK
2018-12-17 09:45:05,MMM,194.01,4,BID
2018-12-17 09:45:08,MMM,194.29,5,ASK
2018-12-17 09:45:05,MMM,194.01,4,BID
2018-12-17 09:45:09,MMM,194.2,4,ASK
2018-12-17 09:45:10,MMM,194.0,5,BID
2018-12-17 09:45:10,MMM,194.2,4,ASK
2018-12-17 09:45:11,MMM,193.85,1,BID
2018-12-17 09:45:11,MMM,194.09,1,ASK
2018-12-17 09:45:11,MMM,193.85,1,BID
2018-12-17 09:45:11,MMM,194.09,1,ASK
2018-12-17 09:45:11,MMM,193.85,1,BID
2018-12-17 09:45:11,MMM,194.09,1,ASK
2018-12-17 09:45:14,MMM,193.85,1,BID
2018-12-17 09:45:14,MMM,194.09,2,ASK
2018-12-17 09:45:14,MMM,193.85,1,BID
2018-12-17 09:45:14,MMM,194.09,2,ASK
2018-12-17 09:45:14,MMM,193.85,1,BID
2018-12-17 09:45:14,MMM,194.09,2,ASK
2018-12-17 09:45:14,MMM,193.85,1,BID
2018-12-17 09:45:14,MMM,194.09,2,ASK
2018-12-17 09:45:18,MMM,193.85,2,BID
2018-12-17 09:45:18,MMM,194.09,3,ASK
2018-12-17 09:45:18,MMM,193.85,2,BID
2018-12-17 09:45:18,MMM,194.09,3,ASK
2018-12-17 09:45:18,MMM,193.85,2,BID
2018-12-17 09:45:18,MMM,194.09,3,ASK
2018-12-17 09:45:18,MMM,193.85,2,BID
2018-12-17 09:45:18,MMM,194.09,3,ASK
2018-12-17 09:45:21,MMM,193.85,2,BID
2018-12-17 09:45:21,MMM,194.09,7,ASK
2018-12-17 09:45:21,MMM,193.85,2,BID
2018-12-17 09:45:21,MMM,194.09,7,ASK
2018-12-17 09:45:21,MMM,193.85,2,BID
2018-12-17 09:45:21,MMM,194.09,7,ASK
2018-12-17 09:45:21,MMM,193.85,2,BID
2018-12-17 09:45:21,MMM,194.09,7,ASK
2018-12-17 09:45:25,MMM,193.98,1,BID
2018-12-17 09:45:25,MMM,194.2,5,ASK
2018-12-17 09:45:26,MMM,193.98,2,BID
2018-12-17 09:45:25,MMM,194.2,5,ASK
2018-12-17 09:45:26,MMM,193.98,2,BID
2018-12-17 09:45:25,MMM,194.2,5,ASK
2018-12-17 09:45:30,MMM,194.0,1,BID
2018-12-17 09:45:25,MMM,194.2,9,ASK
2018-12-17 09:45:30,MMM,194.0,1,BID
2018-12-17 09:45:25,MMM,194.2,9,ASK
2018-12-17 09:45:30,MMM,194.0,1,BID
2018-12-17 09:45:25,MMM,194.2,9,ASK
2018-12-17 09:45:33,MMM,194.0,1,BID
2018-12-17 09:45:25,MMM,194.2,9,ASK
2018-12-17 09:45:33,MMM,194.0,1,BID
2018-12-17 09:45:25,MMM,194.2,9,ASK
2018-12-17 09:45:34,MMM,194.0,1,BID
2018-12-17 09:45:25,MMM,194.2,9,ASK
2018-12-17 09:45:34,MMM,194.0,1,BID
2018-12-17 09:45:25,MMM,194.2,9,ASK
2018-12-17 09:45:34,MMM,194.0,1,BID
2018-12-17 09:45:25,MMM,194.2,9,ASK
2018-12-17 09:45:34,MMM,194.0,1,BID
2018-12-17 09:45:25,MMM,194.2,9,ASK
2018-12-17 09:45:34,MMM,194.0,1,BID
2018-12-17 09:45:25,MMM,194.2,9,ASK
2018-12-17 09:45:39,MMM,194.0,1,BID
2018-12-17 09:45:25,MMM,194.2,8,ASK
2018-12-17 09:45:39,MMM,194.0,1,BID
2018-12-17 09:45:25,MMM,194.2,8,ASK
2018-12-17 09:45:41,MMM,194.0,3,BID
2018-12-17 09:45:25,MMM,194.2,8,ASK
2018-12-17 09:45:43,MMM,194.12,1,BID
2018-12-17 09:45:43,MMM,194.31,4,ASK
2018-12-17 09:45:43,MMM,194.12,1,BID
2018-12-17 09:45:43,MMM,194.31,4,ASK
2018-12-17 09:45:43,MMM,194.12,1,BID
2018-12-17 09:45:43,MMM,194.31,4,ASK
2018-12-17 09:45:43,MMM,194.12,1,BID
2018-12-17 09:45:43,MMM,194.31,4,ASK
2018-12-17 09:45:43,MMM,194.12,1,BID
2018-12-17 09:45:43,MMM,194.31,4,ASK
2018-12-17 09:45:43,MMM,194.12,1,BID
2018-12-17 09:45:43,MMM,194.31,4,ASK
2018-12-17 09:45:48,MMM,194.12,1,BID
2018-12-17 09:45:43,MMM,194.31,4,ASK
2018-12-17 09:45:49,MMM,194.12,1,BID
2018-12-17 09:45:49,MMM,194.31,7,ASK
2018-12-17 09:45:49,MMM,194.12,1,BID
2018-12-17 09:45:49,MMM,194.31,7,ASK
2018-12-17 09:45:52,MMM,194.12,2,BID
2018-12-17 09:45:52,MMM,194.31,7,ASK
2018-12-17 09:45:52,MMM,194.12,2,BID
2018-12-17 09:45:52,MMM,194.31,7,ASK
2018-12-17 09:45:52,MMM,194.12,2,BID
2018-12-17 09:45:54,MMM,194.3,1,ASK
2018-12-17 09:45:54,MMM,194.0,2,BID
2018-12-17 09:45:54,MMM,194.21,1,ASK
2018-12-17 09:45:55,MMM,194.0,2,BID
2018-12-17 09:45:55,MMM,194.21,2,ASK
2018-12-17 09:45:57,MMM,194.01,1,BID
2018-12-17 09:45:55,MMM,194.21,2,ASK
2018-12-17 09:45:58,MMM,194.04,1,BID
2018-12-17 09:45:55,MMM,194.21,2,ASK
2018-12-17 09:45:58,MMM,194.04,1,BID
2018-12-17 09:45:55,MMM,194.21,2,ASK
2018-12-17 09:46:00,MMM,194.04,1,BID
2018-12-17 09:46:00,MMM,194.21,3,ASK
2018-12-17 09:46:00,MMM,194.04,1,BID
2018-12-17 09:46:00,MMM,194.21,3,ASK
2018-12-17 09:46:00,MMM,194.04,1,BID
2018-12-17 09:46:00,MMM,194.21,3,ASK
2018-12-17 09:46:00,MMM,194.04,1,BID
2018-12-17 09:46:00,MMM,194.21,3,ASK
2018-12-17 09:46:00,MMM,194.04,1,BID
2018-12-17 09:46:00,MMM,194.21,3,ASK
2018-12-17 09:46:00,MMM,194.04,1,BID
2018-12-17 09:46:00,MMM,194.21,3,ASK
2018-12-17 09:46:06,MMM,194.07,1,BID
2018-12-17 09:46:06,MMM,194.21,3,ASK
2018-12-17 09:46:07,MMM,194.01,3,BID
2018-12-17 09:46:06,MMM,194.21,3,ASK
2018-12-17 09:46:08,MMM,194.01,3,BID
2018-12-17 09:46:08,MMM,194.21,4,ASK
2018-12-17 09:46:08,MMM,194.01,3,BID
2018-12-17 09:46:08,MMM,194.21,4,ASK
2018-12-17 09:46:10,MMM,194.07,1,BID
2018-12-17 09:46:10,MMM,194.21,4,ASK
2018-12-17 09:46:11,MMM,194.1,1,BID
2018-12-17 09:46:11,MMM,194.31,6,ASK
2018-12-17 09:46:11,MMM,194.12,1,BID
2018-12-17 09:46:11,MMM,194.31,8,ASK
2018-12-17 09:46:12,MMM,194.1,3,BID
2018-12-17 09:46:11,MMM,194.31,8,ASK
2018-12-17 09:46:14,MMM,194.08,1,BID
2018-12-17 09:46:11,MMM,194.31,8,ASK
2018-12-17 09:46:15,MMM,194.09,2,BID
2018-12-17 09:46:11,MMM,194.31,8,ASK
2018-12-17 09:46:15,MMM,194.09,2,BID
2018-12-17 09:46:11,MMM,194.31,8,ASK
2018-12-17 09:46:16,MMM,194.13,1,BID
2018-12-17 09:46:11,MMM,194.31,8,ASK
2018-12-17 09:46:16,MMM,194.13,1,BID
2018-12-17 09:46:11,MMM,194.31,8,ASK
2018-12-17 09:46:16,MMM,194.13,1,BID
2018-12-17 09:46:11,MMM,194.31,8,ASK
2018-12-17 09:46:16,MMM,194.13,1,BID
2018-12-17 09:46:11,MMM,194.31,8,ASK
2018-12-17 09:46:16,MMM,194.13,1,BID
2018-12-17 09:46:11,MMM,194.31,8,ASK
2018-12-17 09:46:22,MMM,194.09,2,BID
2018-12-17 09:46:11,MMM,194.31,8,ASK
2018-12-17 09:46:23,MMM,194.09,3,BID
2018-12-17 09:46:11,MMM,194.31,8,ASK
2018-12-17 09:46:23,MMM,194.09,3,BID
2018-12-17 09:46:11,MMM,194.31,8,ASK
2018-12-17 09:46:23,MMM,194.09,3,BID
2018-12-17 09:46:11,MMM,194.31,8,ASK
2018-12-17 09:46:26,MMM,194.09,4,BID
2018-12-17 09:46:11,MMM,194.31,8,ASK
2018-12-17 09:46:26,MMM,194.09,4,BID
2018-12-17 09:46:11,MMM,194.31,8,ASK
2018-12-17 09:46:26,MMM,194.09,4,BID
2018-12-17 09:46:11,MMM,194.31,8,ASK
2018-12-17 09:46:29,MMM,194.11,1,BID
2018-12-17 09:46:29,MMM,194.25,2,ASK
2018-12-17 09:46:30,MMM,194.11,1,BID
2018-12-17 09:46:30,MMM,194.25,2,ASK
2018-12-17 09:46:30,MMM,194.11,1,BID
2018-12-17 09:46:30,MMM,194.25,2,ASK
2018-12-17 09:46:31,MMM,194.22,2,BID
2018-12-17 09:46:31,MMM,194.41,1,ASK
2018-12-17 09:46:32,MMM,194.26,1,BID
2018-12-17 09:46:32,MMM,194.41,3,ASK
2018-12-17 09:46:32,MMM,194.16,1,BID
2018-12-17 09:46:32,MMM,194.41,3,ASK
2018-12-17 09:46:32,MMM,194.16,1,BID
2018-12-17 09:46:32,MMM,194.41,3,ASK
2018-12-17 09:46:34,MMM,194.16,2,BID
2018-12-17 09:46:34,MMM,194.41,6,ASK
2018-12-17 09:46:36,MMM,194.19,1,BID
2018-12-17 09:46:36,MMM,194.41,6,ASK
2018-12-17 09:46:36,MMM,194.19,1,BID
2018-12-17 09:46:36,MMM,194.41,6,ASK
2018-12-17 09:46:39,MMM,194.28,2,BID
2018-12-17 09:46:39,MMM,194.41,6,ASK
2018-12-17 09:46:39,MMM,194.28,2,BID
2018-12-17 09:46:39,MMM,194.41,6,ASK
2018-12-17 09:46:41,MMM,194.28,1,BID
2018-12-17 09:46:41,MMM,194.41,6,ASK
2018-12-17 09:46:41,MMM,194.28,1,BID
2018-12-17 09:46:41,MMM,194.41,6,ASK
2018-12-17 09:46:43,MMM,194.28,3,BID
2018-12-17 09:46:43,MMM,194.41,6,ASK
2018-12-17 09:46:43,MMM,194.28,3,BID
2018-12-17 09:46:43,MMM,194.41,6,ASK
2018-12-17 09:46:43,MMM,194.28,3,BID
2018-12-17 09:46:43,MMM,194.41,6,ASK
2018-12-17 09:46:43,MMM,194.28,3,BID
2018-12-17 09:46:43,MMM,194.41,6,ASK
2018-12-17 09:46:43,MMM,194.28,3,BID
2018-12-17 09:46:43,MMM,194.41,6,ASK
2018-12-17 09:46:43,MMM,194.28,3,BID
2018-12-17 09:46:43,MMM,194.41,6,ASK
2018-12-17 09:46:43,MMM,194.28,3,BID
2018-12-17 09:46:43,MMM,194.41,6,ASK
2018-12-17 09:46:50,MMM,194.19,1,BID
2018-12-17 09:46:50,MMM,194.31,1,ASK
2018-12-17 09:46:50,MMM,194.19,1,BID
2018-12-17 09:46:50,MMM,194.31,1,ASK
2018-12-17 09:46:50,MMM,194.19,1,BID
2018-12-17 09:46:50,MMM,194.31,1,ASK
2018-12-17 09:46:50,MMM,194.19,1,BID
2018-12-17 09:46:50,MMM,194.31,1,ASK
2018-12-17 09:46:54,MMM,194.16,3,BID
2018-12-17 09:46:54,MMM,194.31,1,ASK
2018-12-17 09:46:55,MMM,194.16,3,BID
2018-12-17 09:46:55,MMM,194.31,2,ASK
2018-12-17 09:46:56,MMM,194.16,5,BID
2018-12-17 09:46:56,MMM,194.31,5,ASK
2018-12-17 09:46:57,MMM,194.18,1,BID
2018-12-17 09:46:57,MMM,194.31,5,ASK
2018-12-17 09:46:57,MMM,194.18,2,BID
2018-12-17 09:46:57,MMM,194.31,5,ASK
2018-12-17 09:46:57,MMM,194.18,2,BID
2018-12-17 09:46:57,MMM,194.31,5,ASK
2018-12-17 09:47:00,MMM,194.18,2,BID
2018-12-17 09:47:00,MMM,194.31,5,ASK
2018-12-17 09:47:01,MMM,194.18,2,BID
2018-12-17 09:47:01,MMM,194.31,5,ASK
2018-12-17 09:47:02,MMM,194.18,1,BID
2018-12-17 09:47:02,MMM,194.31,5,ASK
2018-12-17 09:47:02,MMM,194.18,1,BID
2018-12-17 09:47:02,MMM,194.31,5,ASK
2018-12-17 09:47:02,MMM,194.18,1,BID
2018-12-17 09:47:02,MMM,194.31,5,ASK
2018-12-17 09:47:03,MMM,194.18,1,BID
2018-12-17 09:47:03,MMM,194.3,1,ASK
2018-12-17 09:47:03,MMM,194.18,1,BID
2018-12-17 09:47:03,MMM,194.3,1,ASK
2018-12-17 09:47:03,MMM,194.18,1,BID
2018-12-17 09:47:03,MMM,194.3,1,ASK
2018-12-17 09:47:08,MMM,194.16,4,BID
2018-12-17 09:47:08,MMM,194.3,2,ASK
2018-12-17 09:47:09,MMM,194.02,1,BID
2018-12-17 09:47:09,MMM,194.29,2,ASK
2018-12-17 09:47:10,MMM,194.02,1,BID
2018-12-17 09:47:10,MMM,194.29,2,ASK
2018-12-17 09:47:11,MMM,194.05,1,BID
2018-12-17 09:47:11,MMM,194.29,2,ASK
2018-12-17 09:47:12,MMM,194.05,2,BID
2018-12-17 09:47:12,MMM,194.29,2,ASK
2018-12-17 09:47:12,MMM,194.05,2,BID
2018-12-17 09:47:12,MMM,194.29,2,ASK
2018-12-17 09:47:14,MMM,194.05,2,BID
2018-12-17 09:47:14,MMM,194.29,5,ASK
2018-12-17 09:47:14,MMM,194.05,2,BID
2018-12-17 09:47:14,MMM,194.29,5,ASK
2018-12-17 09:47:14,MMM,194.05,2,BID
2018-12-17 09:47:14,MMM,194.29,5,ASK
2018-12-17 09:47:14,MMM,194.05,2,BID
2018-12-17 09:47:14,MMM,194.29,5,ASK
2018-12-17 09:47:18,MMM,194.05,2,BID
2018-12-17 09:47:18,MMM,194.29,6,ASK
2018-12-17 09:47:18,MMM,194.05,2,BID
2018-12-17 09:47:18,MMM,194.29,6,ASK
2018-12-17 09:47:20,MMM,194.05,2,BID
2018-12-17 09:47:20,MMM,194.18,1,ASK
2018-12-17 09:47:20,MMM,194.05,2,BID
2018-12-17 09:47:20,MMM,194.18,1,ASK
2018-12-17 09:47:20,MMM,194.05,2,BID
2018-12-17 09:47:20,MMM,194.18,1,ASK
2018-12-17 09:47:11,MMM,194.0,2,BID
2018-12-17 09:47:23,MMM,194.18,3,ASK
2018-12-17 09:47:24,MMM,194.06,1,BID
2018-12-17 09:47:24,MMM,194.18,4,ASK
2018-12-17 09:47:24,MMM,194.06,1,BID
2018-12-17 09:47:24,MMM,194.18,4,ASK
2018-12-17 09:47:26,MMM,194.07,1,BID
2018-12-17 09:47:24,MMM,194.18,4,ASK
2018-12-17 09:47:27,MMM,194.09,1,BID
2018-12-17 09:47:24,MMM,194.18,4,ASK
2018-12-17 09:47:28,MMM,194.05,2,BID
2018-12-17 09:47:24,MMM,194.18,4,ASK
2018-12-17 09:47:11,MMM,194.0,2,BID
2018-12-17 09:47:24,MMM,194.18,4,ASK
2018-12-17 09:47:11,MMM,194.0,2,BID
2018-12-17 09:47:30,MMM,194.16,1,ASK
2018-12-17 09:47:31,MMM,194.0,4,BID
2018-12-17 09:47:31,MMM,194.16,3,ASK
2018-12-17 09:47:31,MMM,194.0,4,BID
2018-12-17 09:47:31,MMM,194.16,2,ASK
2018-12-17 09:47:31,MMM,194.0,4,BID
2018-12-17 09:47:31,MMM,194.16,2,ASK
2018-12-17 09:47:34,MMM,194.04,1,BID
2018-12-17 09:47:34,MMM,194.16,3,ASK
2018-12-17 09:47:35,MMM,194.08,2,BID
2018-12-17 09:47:35,MMM,194.18,7,ASK
2018-12-17 09:47:36,MMM,194.08,3,BID
2018-12-17 09:47:36,MMM,194.18,7,ASK
2018-12-17 09:47:36,MMM,194.08,3,BID
2018-12-17 09:47:36,MMM,194.18,7,ASK
2018-12-17 09:47:34,MMM,194.0,4,BID
2018-12-17 09:47:38,MMM,194.16,2,ASK
2018-12-17 09:47:34,MMM,194.0,4,BID
2018-12-17 09:47:38,MMM,194.16,2,ASK
2018-12-17 09:47:34,MMM,194.0,4,BID
2018-12-17 09:47:38,MMM,194.16,2,ASK
2018-12-17 09:47:34,MMM,194.0,4,BID
2018-12-17 09:47:38,MMM,194.16,2,ASK
2018-12-17 09:47:42,MMM,194.0,3,BID
2018-12-17 09:47:42,MMM,194.16,4,ASK
2018-12-17 09:47:42,MMM,194.0,3,BID
2018-12-17 09:47:42,MMM,194.16,4,ASK
2018-12-17 09:47:42,MMM,194.0,3,BID
2018-12-17 09:47:42,MMM,194.16,4,ASK
2018-12-17 09:47:42,MMM,194.0,3,BID
2018-12-17 09:47:42,MMM,194.16,4,ASK
2018-12-17 09:47:46,MMM,194.0,3,BID
2018-12-17 09:47:46,MMM,194.16,9,ASK
2018-12-17 09:47:47,MMM,194.0,4,BID
2018-12-17 09:47:47,MMM,194.15,2,ASK
2018-12-17 09:47:48,MMM,194.0,4,BID
2018-12-17 09:47:48,MMM,194.16,8,ASK
2018-12-17 09:47:48,MMM,194.0,4,BID
2018-12-17 09:47:48,MMM,194.16,8,ASK
2018-12-17 09:47:48,MMM,194.0,4,BID
2018-12-17 09:47:48,MMM,194.16,8,ASK
2018-12-17 09:47:51,MMM,194.02,1,BID
2018-12-17 09:47:51,MMM,194.16,8,ASK
2018-12-17 09:47:52,MMM,194.03,1,BID
2018-12-17 09:47:52,MMM,194.16,8,ASK
2018-12-17 09:47:54,MMM,194.05,1,BID
2018-12-17 09:47:54,MMM,194.16,8,ASK
2018-12-17 09:47:54,MMM,194.06,1,BID
2018-12-17 09:47:54,MMM,194.16,9,ASK
2018-12-17 09:47:55,MMM,194.06,1,BID
2018-12-17 09:47:55,MMM,194.16,8,ASK
2018-12-17 09:47:57,MMM,194.08,1,BID
2018-12-17 09:47:57,MMM,194.16,9,ASK
2018-12-17 09:47:48,MMM,194.0,5,BID
2018-12-17 09:47:57,MMM,194.16,8,ASK
2018-12-17 09:47:48,MMM,194.0,5,BID
2018-12-17 09:47:57,MMM,194.16,8,ASK
2018-12-17 09:47:48,MMM,194.0,5,BID
2018-12-17 09:47:57,MMM,194.16,8,ASK
2018-12-17 09:47:48,MMM,194.0,5,BID
2018-12-17 09:48:00,MMM,194.14,1,ASK
2018-12-17 09:47:48,MMM,194.0,5,BID
2018-12-17 09:48:00,MMM,194.14,1,ASK
2018-12-17 09:48:02,MMM,193.85,2,BID
2018-12-17 09:48:02,MMM,194.05,1,ASK
2018-12-17 09:48:03,MMM,193.85,2,BID
2018-12-17 09:48:03,MMM,194.03,1,ASK
2018-12-17 09:48:04,MMM,193.85,2,BID
2018-12-17 09:48:04,MMM,194.03,4,ASK
2018-12-17 09:48:04,MMM,193.85,2,BID
2018-12-17 09:48:04,MMM,194.03,4,ASK
2018-12-17 09:48:06,MMM,193.85,2,BID
2018-12-17 09:48:06,MMM,194.03,4,ASK
2018-12-17 09:48:06,MMM,193.85,2,BID
2018-12-17 09:48:06,MMM,194.03,4,ASK
2018-12-17 09:48:06,MMM,193.85,2,BID
2018-12-17 09:48:06,MMM,194.03,4,ASK
2018-12-17 09:48:06,MMM,193.85,2,BID
2018-12-17 09:48:06,MMM,194.03,4,ASK
2018-12-17 09:48:06,MMM,193.85,2,BID
2018-12-17 09:48:06,MMM,194.03,4,ASK
2018-12-17 09:48:06,MMM,193.85,2,BID
2018-12-17 09:48:06,MMM,194.03,4,ASK
2018-12-17 09:48:12,MMM,193.82,1,BID
2018-12-17 09:48:12,MMM,194.03,4,ASK
2018-12-17 09:48:12,MMM,193.82,1,BID
2018-12-17 09:48:12,MMM,194.03,4,ASK
2018-12-17 09:48:12,MMM,193.82,1,BID
2018-12-17 09:48:12,MMM,194.03,4,ASK
2018-12-17 09:48:12,MMM,193.82,1,BID
2018-12-17 09:48:12,MMM,194.03,4,ASK
2018-12-17 09:48:12,MMM,193.82,1,BID
2018-12-17 09:48:12,MMM,194.03,4,ASK
2018-12-17 09:48:12,MMM,193.82,1,BID
2018-12-17 09:48:12,MMM,194.03,4,ASK
2018-12-17 09:48:12,MMM,193.82,1,BID
2018-12-17 09:48:12,MMM,194.03,4,ASK
2018-12-17 09:48:12,MMM,193.82,1,BID
2018-12-17 09:48:12,MMM,194.03,4,ASK
2018-12-17 09:48:20,MMM,193.82,2,BID
2018-12-17 09:48:20,MMM,194.0,2,ASK
2018-12-17 09:48:21,MMM,193.82,2,BID
2018-12-17 09:48:21,MMM,194.0,2,ASK
2018-12-17 09:48:22,MMM,193.82,2,BID
2018-12-17 09:48:22,MMM,193.98,1,ASK
2018-12-17 09:48:23,MMM,193.88,2,BID
2018-12-17 09:48:23,MMM,193.98,1,ASK
2018-12-17 09:48:24,MMM,193.88,1,BID
2018-12-17 09:48:24,MMM,193.98,1,ASK
2018-12-17 09:48:24,MMM,193.88,1,BID
2018-12-17 09:48:24,MMM,193.98,1,ASK
2018-12-17 09:48:27,MMM,193.79,1,BID
2018-12-17 09:48:27,MMM,193.93,3,ASK
2018-12-17 09:48:27,MMM,193.79,1,BID
2018-12-17 09:48:27,MMM,193.94,1,ASK
2018-12-17 09:48:28,MMM,193.79,1,BID
2018-12-17 09:48:28,MMM,193.94,4,ASK
2018-12-17 09:48:30,MMM,193.79,3,BID
2018-12-17 09:48:30,MMM,193.94,5,ASK
2018-12-17 09:48:30,MMM,193.79,2,BID
2018-12-17 09:48:30,MMM,193.94,5,ASK
2018-12-17 09:48:30,MMM,193.79,2,BID
2018-12-17 09:48:30,MMM,193.94,5,ASK
2018-12-17 09:48:32,MMM,193.81,1,BID
2018-12-17 09:48:32,MMM,193.93,1,ASK
2018-12-17 09:48:32,MMM,193.81,1,BID
2018-12-17 09:48:32,MMM,193.93,1,ASK
2018-12-17 09:48:32,MMM,193.81,1,BID
2018-12-17 09:48:32,MMM,193.93,1,ASK
2018-12-17 09:48:32,MMM,193.81,1,BID
2018-12-17 09:48:32,MMM,193.93,1,ASK
2018-12-17 09:48:32,MMM,193.81,1,BID
2018-12-17 09:48:32,MMM,193.93,1,ASK
2018-12-17 09:48:38,MMM,193.82,2,BID
2018-12-17 09:48:38,MMM,193.93,3,ASK
2018-12-17 09:48:38,MMM,193.82,2,BID
2018-12-17 09:48:38,MMM,193.93,3,ASK
2018-12-17 09:48:39,MMM,193.82,3,BID
2018-12-17 09:48:39,MMM,193.93,3,ASK
2018-12-17 09:48:39,MMM,193.82,3,BID
2018-12-17 09:48:39,MMM,193.93,3,ASK
2018-12-17 09:48:42,MMM,193.82,3,BID
2018-12-17 09:48:42,MMM,193.93,6,ASK
2018-12-17 09:48:42,MMM,193.82,3,BID
2018-12-17 09:48:42,MMM,193.93,6,ASK
2018-12-17 09:48:42,MMM,193.82,3,BID
2018-12-17 09:48:42,MMM,193.93,6,ASK
2018-12-17 09:48:44,MMM,193.92,1,BID
2018-12-17 09:48:44,MMM,194.03,6,ASK
2018-12-17 09:48:42,MMM,193.82,4,BID
2018-12-17 09:48:46,MMM,194.03,6,ASK
2018-12-17 09:48:42,MMM,193.82,4,BID
2018-12-17 09:48:46,MMM,194.01,1,ASK
2018-12-17 09:48:42,MMM,193.82,4,BID
2018-12-17 09:48:47,MMM,194.0,1,ASK
2018-12-17 09:48:42,MMM,193.82,4,BID
2018-12-17 09:48:47,MMM,194.0,1,ASK
2018-12-17 09:48:42,MMM,193.82,3,BID
2018-12-17 09:48:50,MMM,193.96,3,ASK
2018-12-17 09:48:42,MMM,193.82,3,BID
2018-12-17 09:48:50,MMM,193.96,3,ASK
2018-12-17 09:48:42,MMM,193.82,3,BID
2018-12-17 09:48:50,MMM,193.96,3,ASK
2018-12-17 09:48:42,MMM,193.82,3,BID
2018-12-17 09:48:53,MMM,193.96,4,ASK
2018-12-17 09:48:42,MMM,193.82,3,BID
2018-12-17 09:48:53,MMM,193.96,4,ASK
2018-12-17 09:48:42,MMM,193.82,3,BID
2018-12-17 09:48:53,MMM,193.96,4,ASK
2018-12-17 09:48:42,MMM,193.82,3,BID
2018-12-17 09:48:53,MMM,193.96,4,ASK
2018-12-17 09:48:57,MMM,193.83,1,BID
2018-12-17 09:48:57,MMM,193.96,4,ASK
2018-12-17 09:48:57,MMM,193.83,1,BID
2018-12-17 09:48:57,MMM,193.96,4,ASK
2018-12-17 09:48:57,MMM,193.83,1,BID
2018-12-17 09:48:57,MMM,193.96,4,ASK
2018-12-17 09:49:00,MMM,193.83,1,BID
2018-12-17 09:49:00,MMM,193.96,4,ASK
2018-12-17 09:49:00,MMM,193.83,1,BID
2018-12-17 09:49:00,MMM,193.96,4,ASK
2018-12-17 09:49:00,MMM,193.83,1,BID
2018-12-17 09:49:00,MMM,193.96,4,ASK
2018-12-17 09:49:02,MMM,193.83,1,BID
2018-12-17 09:49:00,MMM,193.96,4,ASK
2018-12-17 09:49:02,MMM,193.83,1,BID
2018-12-17 09:49:00,MMM,193.96,4,ASK
2018-12-17 09:49:03,MMM,193.95,1,BID
2018-12-17 09:49:03,MMM,194.03,8,ASK
2018-12-17 09:49:04,MMM,193.95,1,BID
2018-12-17 09:49:03,MMM,194.03,8,ASK
2018-12-17 09:49:05,MMM,193.95,2,BID
2018-12-17 09:49:03,MMM,194.03,8,ASK
2018-12-17 09:49:06,MMM,194.03,2,BID
2018-12-17 09:49:06,MMM,194.08,2,ASK
2018-12-17 09:49:06,MMM,193.97,3,BID
2018-12-17 09:49:06,MMM,194.08,2,ASK
2018-12-17 09:49:06,MMM,193.97,3,BID
2018-12-17 09:49:06,MMM,194.08,2,ASK
2018-12-17 09:49:09,MMM,193.97,5,BID
2018-12-17 09:49:09,MMM,194.07,1,ASK
2018-12-17 09:49:09,MMM,193.97,6,BID
2018-12-17 09:49:09,MMM,194.07,1,ASK
2018-12-17 09:49:08,MMM,193.97,6,BID
2018-12-17 09:49:09,MMM,194.07,1,ASK
2018-12-17 09:49:08,MMM,193.97,6,BID
2018-12-17 09:49:09,MMM,194.07,1,ASK
2018-12-17 09:49:13,MMM,193.88,1,BID
2018-12-17 09:49:13,MMM,194.07,3,ASK
2018-12-17 09:49:14,MMM,193.88,3,BID
2018-12-17 09:49:14,MMM,194.07,5,ASK
2018-12-17 09:49:14,MMM,193.88,3,BID
2018-12-17 09:49:16,MMM,194.07,5,ASK
2018-12-17 09:49:14,MMM,193.88,3,BID
2018-12-17 09:49:17,MMM,194.07,5,ASK
2018-12-17 09:49:19,MMM,193.93,1,BID
2018-12-17 09:49:17,MMM,194.07,6,ASK
2018-12-17 09:49:19,MMM,193.93,2,BID
2018-12-17 09:49:17,MMM,194.07,5,ASK
2018-12-17 09:49:20,MMM,193.95,1,BID
2018-12-17 09:49:20,MMM,194.07,1,ASK
2018-12-17 09:49:20,MMM,193.95,2,BID
2018-12-17 09:49:20,MMM,194.07,1,ASK
2018-12-17 09:49:21,MMM,193.93,2,BID
2018-12-17 09:49:21,MMM,194.06,1,ASK
2018-12-17 09:49:21,MMM,193.93,2,BID
2018-12-17 09:49:21,MMM,194.06,1,ASK
2018-12-17 09:49:21,MMM,193.93,2,BID
2018-12-17 09:49:21,MMM,194.06,1,ASK
2018-12-17 09:49:21,MMM,193.93,2,BID
2018-12-17 09:49:21,MMM,194.06,1,ASK
2018-12-17 09:49:21,MMM,193.93,2,BID
2018-12-17 09:49:21,MMM,194.06,1,ASK
2018-12-17 09:49:21,MMM,193.93,2,BID
2018-12-17 09:49:21,MMM,194.06,1,ASK
2018-12-17 09:49:21,MMM,193.93,2,BID
2018-12-17 09:49:21,MMM,194.06,1,ASK
2018-12-17 09:49:26,MMM,193.94,4,BID
2018-12-17 09:49:26,MMM,194.15,1,ASK
2018-12-17 09:49:26,MMM,193.96,1,BID
2018-12-17 09:49:26,MMM,194.16,9,ASK
2018-12-17 09:49:27,MMM,193.96,1,BID
2018-12-17 09:49:26,MMM,194.16,9,ASK
2018-12-17 09:49:27,MMM,193.96,1,BID
2018-12-17 09:49:26,MMM,194.16,9,ASK
2018-12-17 09:49:28,MMM,193.96,3,BID
2018-12-17 09:49:26,MMM,194.16,9,ASK
2018-12-17 09:49:28,MMM,193.97,1,BID
2018-12-17 09:49:26,MMM,194.16,9,ASK
2018-12-17 09:49:28,MMM,193.97,1,BID
2018-12-17 09:49:26,MMM,194.16,9,ASK
2018-12-17 09:49:28,MMM,193.97,1,BID
2018-12-17 09:49:26,MMM,194.16,9,ASK
2018-12-17 09:49:30,MMM,193.97,1,BID
2018-12-17 09:49:30,MMM,194.15,1,ASK
2018-12-17 09:49:31,MMM,193.93,3,BID
2018-12-17 09:49:31,MMM,194.05,1,ASK
2018-12-17 09:49:33,MMM,193.92,2,BID
2018-12-17 09:49:33,MMM,194.05,1,ASK
2018-12-17 09:49:34,MMM,193.92,3,BID
2018-12-17 09:49:34,MMM,194.13,2,ASK
2018-12-17 09:49:35,MMM,193.94,1,BID
2018-12-17 09:49:35,MMM,194.13,2,ASK
2018-12-17 09:49:36,MMM,193.94,1,BID
2018-12-17 09:49:36,MMM,194.14,2,ASK
2018-12-17 09:49:36,MMM,194.01,1,BID
2018-12-17 09:49:36,MMM,194.16,9,ASK
2018-12-17 09:49:38,MMM,194.01,2,BID
2018-12-17 09:49:38,MMM,194.16,9,ASK
2018-12-17 09:49:40,MMM,194.06,1,BID
2018-12-17 09:49:40,MMM,194.18,8,ASK
2018-12-17 09:49:40,MMM,194.06,1,BID
2018-12-17 09:49:40,MMM,194.18,8,ASK
2018-12-17 09:49:45,MMM,194.07,1,BID
2018-12-17 09:49:45,MMM,194.18,8,ASK
2018-12-17 09:49:45,MMM,194.07,1,BID
2018-12-17 09:49:45,MMM,194.18,8,ASK
2018-12-17 09:49:48,MMM,194.12,1,BID
2018-12-17 09:49:48,MMM,194.18,8,ASK
2018-12-17 09:49:49,MMM,194.12,2,BID
2018-12-17 09:49:49,MMM,194.18,8,ASK
2018-12-17 09:49:51,MMM,194.13,2,BID
2018-12-17 09:49:51,MMM,194.3,3,ASK
2018-12-17 09:49:52,MMM,194.18,2,BID
2018-12-17 09:49:52,MMM,194.3,3,ASK
2018-12-17 09:49:53,MMM,194.19,1,BID
2018-12-17 09:49:53,MMM,194.3,3,ASK
2018-12-17 09:49:54,MMM,194.2,1,BID
2018-12-17 09:49:53,MMM,194.3,3,ASK
2018-12-17 09:49:54,MMM,194.2,1,BID
2018-12-17 09:49:53,MMM,194.3,3,ASK
2018-12-17 09:49:57,MMM,194.12,3,BID
2018-12-17 09:49:57,MMM,194.19,1,ASK
2018-12-17 09:49:58,MMM,194.12,4,BID
2018-12-17 09:49:58,MMM,194.2,1,ASK
2018-12-17 09:49:58,MMM,194.12,4,BID
2018-12-17 09:49:58,MMM,194.2,1,ASK
2018-12-17 09:50:00,MMM,194.08,2,BID
2018-12-17 09:50:00,MMM,194.2,1,ASK
2018-12-17 09:50:00,MMM,193.99,1,BID
2018-12-17 09:50:00,MMM,194.12,2,ASK
2018-12-17 09:50:02,MMM,193.99,1,BID
2018-12-17 09:50:02,MMM,194.12,1,ASK
2018-12-17 09:50:03,MMM,193.92,2,BID
2018-12-17 09:50:03,MMM,194.13,1,ASK
2018-12-17 09:50:04,MMM,193.92,2,BID
2018-12-17 09:50:04,MMM,194.18,2,ASK
2018-12-17 09:50:05,MMM,193.99,1,BID
2018-12-17 09:50:05,MMM,194.17,1,ASK
2018-12-17 09:50:05,MMM,193.99,1,BID
2018-12-17 09:50:05,MMM,194.17,1,ASK
2018-12-17 09:50:07,MMM,193.99,1,BID
2018-12-17 09:50:07,MMM,194.17,1,ASK
2018-12-17 09:50:08,MMM,193.99,1,BID
2018-12-17 09:50:08,MMM,194.17,1,ASK
2018-12-17 09:50:09,MMM,194.01,1,BID
2018-12-17 09:50:09,MMM,194.17,1,ASK
2018-12-17 09:50:10,MMM,194.02,2,BID
2018-12-17 09:50:10,MMM,194.18,5,ASK
2018-12-17 09:50:10,MMM,194.02,2,BID
2018-12-17 09:50:10,MMM,194.18,5,ASK
2018-12-17 09:50:12,MMM,194.02,3,BID
2018-12-17 09:50:12,MMM,194.17,1,ASK
2018-12-17 09:50:12,MMM,194.02,3,BID
2018-12-17 09:50:13,MMM,194.17,1,ASK
2018-12-17 09:50:14,MMM,194.03,2,BID
2018-12-17 09:50:14,MMM,194.17,1,ASK
2018-12-17 09:50:14,MMM,194.03,2,BID
2018-12-17 09:50:14,MMM,194.17,1,ASK
2018-12-17 09:50:16,MMM,194.04,1,BID
2018-12-17 09:50:16,MMM,194.17,2,ASK
2018-12-17 09:50:17,MMM,194.03,1,BID
2018-12-17 09:50:17,MMM,194.17,2,ASK
2018-12-17 09:50:18,MMM,194.03,1,BID
2018-12-17 09:50:18,MMM,194.17,1,ASK
2018-12-17 09:50:18,MMM,194.03,1,BID
2018-12-17 09:50:18,MMM,194.17,1,ASK
2018-12-17 09:50:20,MMM,194.03,1,BID
2018-12-17 09:50:20,MMM,194.17,2,ASK
2018-12-17 09:50:21,MMM,194.03,1,BID
2018-12-17 09:50:21,MMM,194.17,1,ASK
2018-12-17 09:50:21,MMM,194.03,1,BID
2018-12-17 09:50:21,MMM,194.19,1,ASK
2018-12-17 09:50:21,MMM,194.03,1,BID
2018-12-17 09:50:21,MMM,194.19,1,ASK
2018-12-17 09:50:24,MMM,194.04,1,BID
2018-12-17 09:50:24,MMM,194.19,1,ASK
2018-12-17 09:50:24,MMM,194.04,1,BID
2018-12-17 09:50:24,MMM,194.19,1,ASK
2018-12-17 09:50:24,MMM,194.04,1,BID
2018-12-17 09:50:24,MMM,194.19,1,ASK
2018-12-17 09:50:27,MMM,194.04,2,BID
2018-12-17 09:50:27,MMM,194.19,3,ASK
2018-12-17 09:50:27,MMM,194.04,2,BID
2018-12-17 09:50:27,MMM,194.19,3,ASK
2018-12-17 09:50:29,MMM,194.05,4,BID
2018-12-17 09:50:27,MMM,194.19,3,ASK
2018-12-17 09:50:30,MMM,194.07,1,BID
2018-12-17 09:50:27,MMM,194.19,3,ASK
2018-12-17 09:50:31,MMM,194.06,2,BID
2018-12-17 09:50:27,MMM,194.19,3,ASK
2018-12-17 09:50:31,MMM,194.06,2,BID
2018-12-17 09:50:27,MMM,194.19,3,ASK
2018-12-17 09:50:33,MMM,194.06,2,BID
2018-12-17 09:50:27,MMM,194.19,3,ASK
2018-12-17 09:50:34,MMM,194.07,1,BID
2018-12-17 09:50:27,MMM,194.19,3,ASK
2018-12-17 09:50:35,MMM,194.1,1,BID
2018-12-17 09:50:27,MMM,194.19,3,ASK
2018-12-17 09:50:36,MMM,194.12,1,BID
2018-12-17 09:50:27,MMM,194.19,3,ASK
2018-12-17 09:50:37,MMM,194.12,2,BID
2018-12-17 09:50:27,MMM,194.19,3,ASK
2018-12-17 09:50:37,MMM,194.2,1,BID
2018-12-17 09:49:53,MMM,194.3,4,ASK
2018-12-17 09:50:39,MMM,194.22,1,BID
2018-12-17 09:49:53,MMM,194.3,3,ASK
2018-12-17 09:50:40,MMM,194.21,2,BID
2018-12-17 09:49:53,MMM,194.3,4,ASK
2018-12-17 09:50:40,MMM,194.21,2,BID
2018-12-17 09:49:53,MMM,194.3,4,ASK
2018-12-17 09:50:42,MMM,194.24,1,BID
2018-12-17 09:49:53,MMM,194.3,4,ASK
2018-12-17 09:50:42,MMM,194.24,2,BID
2018-12-17 09:50:42,MMM,194.3,4,ASK
2018-12-17 09:50:42,MMM,194.24,2,BID
2018-12-17 09:50:42,MMM,194.3,4,ASK
2018-12-17 09:50:40,MMM,194.21,2,BID
2018-12-17 09:50:45,MMM,194.3,4,ASK
2018-12-17 09:50:46,MMM,194.22,1,BID
2018-12-17 09:50:46,MMM,194.34,2,ASK
2018-12-17 09:50:46,MMM,194.22,2,BID
2018-12-17 09:50:46,MMM,194.34,2,ASK
2018-12-17 09:50:48,MMM,194.22,3,BID
2018-12-17 09:50:48,MMM,194.34,2,ASK
2018-12-17 09:50:49,MMM,194.22,3,BID
2018-12-17 09:50:49,MMM,194.31,1,ASK
2018-12-17 09:50:49,MMM,194.22,3,BID
2018-12-17 09:50:49,MMM,194.31,1,ASK
2018-12-17 09:50:51,MMM,194.23,3,BID
2018-12-17 09:50:51,MMM,194.31,1,ASK
2018-12-17 09:50:51,MMM,194.23,3,BID
2018-12-17 09:50:51,MMM,194.31,1,ASK
2018-12-17 09:50:53,MMM,194.23,6,BID
2018-12-17 09:50:53,MMM,194.36,1,ASK
2018-12-17 09:50:53,MMM,194.25,2,BID
2018-12-17 09:50:53,MMM,194.42,1,ASK
2018-12-17 09:50:55,MMM,194.23,7,BID
2018-12-17 09:50:55,MMM,194.42,2,ASK
2018-12-17 09:50:55,MMM,194.23,7,BID
2018-12-17 09:50:55,MMM,194.42,2,ASK
2018-12-17 09:50:56,MMM,194.24,1,BID
2018-12-17 09:50:56,MMM,194.42,2,ASK
2018-12-17 09:50:57,MMM,194.25,4,BID
2018-12-17 09:50:56,MMM,194.42,3,ASK
2018-12-17 09:50:57,MMM,194.25,4,BID
2018-12-17 09:50:56,MMM,194.42,3,ASK
2018-12-17 09:51:00,MMM,194.25,4,BID
2018-12-17 09:50:56,MMM,194.42,3,ASK
2018-12-17 09:51:00,MMM,194.25,4,BID
2018-12-17 09:50:56,MMM,194.42,3,ASK
2018-12-17 09:51:02,MMM,194.25,4,BID
2018-12-17 09:50:56,MMM,194.42,3,ASK
2018-12-17 09:51:02,MMM,194.25,4,BID
2018-12-17 09:50:56,MMM,194.42,3,ASK
2018-12-17 09:51:04,MMM,194.26,3,BID
2018-12-17 09:51:04,MMM,194.41,1,ASK
2018-12-17 09:51:05,MMM,194.27,1,BID
2018-12-17 09:51:05,MMM,194.41,1,ASK
2018-12-17 09:51:06,MMM,194.27,3,BID
2018-12-17 09:51:06,MMM,194.41,1,ASK
2018-12-17 09:51:07,MMM,194.27,3,BID
2018-12-17 09:51:07,MMM,194.28,1,ASK
2018-12-17 09:51:08,MMM,194.13,2,BID
2018-12-17 09:51:08,MMM,194.27,3,ASK
2018-12-17 09:51:08,MMM,194.13,2,BID
2018-12-17 09:51:08,MMM,194.27,3,ASK
2018-12-17 09:51:08,MMM,194.13,2,BID
2018-12-17 09:51:08,MMM,194.27,3,ASK
2018-12-17 09:51:11,MMM,194.17,3,BID
2018-12-17 09:51:11,MMM,194.41,2,ASK
2018-12-17 09:51:12,MMM,194.17,5,BID
2018-12-17 09:51:12,MMM,194.41,2,ASK
2018-12-17 09:51:10,MMM,194.17,5,BID
2018-12-17 09:51:12,MMM,194.41,2,ASK
2018-12-17 09:51:10,MMM,194.17,5,BID
2018-12-17 09:51:13,MMM,194.41,3,ASK
2018-12-17 09:51:10,MMM,194.17,5,BID
2018-12-17 09:51:13,MMM,194.41,3,ASK
2018-12-17 09:51:10,MMM,194.17,5,BID
2018-12-17 09:51:13,MMM,194.41,3,ASK
2018-12-17 09:51:10,MMM,194.17,5,BID
2018-12-17 09:51:13,MMM,194.41,3,ASK
2018-12-17 09:51:10,MMM,194.17,5,BID
2018-12-17 09:51:13,MMM,194.41,3,ASK
2018-12-17 09:51:10,MMM,194.17,5,BID
2018-12-17 09:51:13,MMM,194.41,3,ASK
2018-12-17 09:51:10,MMM,194.17,5,BID
2018-12-17 09:51:18,MMM,194.41,3,ASK
2018-12-17 09:51:10,MMM,194.17,5,BID
2018-12-17 09:51:18,MMM,194.41,3,ASK
2018-12-17 09:51:10,MMM,194.17,5,BID
2018-12-17 09:51:18,MMM,194.41,3,ASK
2018-12-17 09:51:10,MMM,194.17,5,BID
2018-12-17 09:51:18,MMM,194.41,3,ASK
2018-12-17 09:51:10,MMM,194.17,5,BID
2018-12-17 09:51:18,MMM,194.41,3,ASK
2018-12-17 09:51:10,MMM,194.17,5,BID
2018-12-17 09:51:18,MMM,194.41,3,ASK
2018-12-17 09:51:10,MMM,194.17,5,BID
2018-12-17 09:51:18,MMM,194.41,3,ASK
2018-12-17 09:51:10,MMM,194.17,5,BID
2018-12-17 09:51:18,MMM,194.41,3,ASK
2018-12-17 09:51:10,MMM,194.17,5,BID
2018-12-17 09:51:18,MMM,194.41,3,ASK
2018-12-17 09:51:10,MMM,194.17,5,BID
2018-12-17 09:51:18,MMM,194.41,3,ASK
2018-12-17 09:51:30,MMM,194.17,7,BID
2018-12-17 09:51:18,MMM,194.41,3,ASK
2018-12-17 09:51:31,MMM,194.22,1,BID
2018-12-17 09:51:31,MMM,194.41,4,ASK
2018-12-17 09:51:31,MMM,194.26,2,BID
2018-12-17 09:51:31,MMM,194.41,4,ASK
2018-12-17 09:51:31,MMM,194.26,2,BID
2018-12-17 09:51:31,MMM,194.41,4,ASK
2018-12-17 09:51:33,MMM,194.26,3,BID
2018-12-17 09:51:33,MMM,194.41,4,ASK
2018-12-17 09:51:33,MMM,194.26,3,BID
2018-12-17 09:51:33,MMM,194.41,4,ASK
2018-12-17 09:51:33,MMM,194.26,3,BID
2018-12-17 09:51:33,MMM,194.41,4,ASK
2018-12-17 09:51:37,MMM,194.19,2,BID
2018-12-17 09:51:37,MMM,194.26,5,ASK
2018-12-17 09:51:30,MMM,194.17,7,BID
2018-12-17 09:51:38,MMM,194.26,3,ASK
2018-12-17 09:51:30,MMM,194.17,7,BID
2018-12-17 09:51:39,MMM,194.33,1,ASK
2018-12-17 09:51:40,MMM,194.18,1,BID
2018-12-17 09:51:40,MMM,194.33,1,ASK
2018-12-17 09:51:40,MMM,194.18,1,BID
2018-12-17 09:51:40,MMM,194.33,1,ASK
2018-12-17 09:51:42,MMM,194.19,3,BID
2018-12-17 09:51:37,MMM,194.41,6,ASK
2018-12-17 09:51:43,MMM,194.19,5,BID
2018-12-17 09:51:37,MMM,194.41,6,ASK
2018-12-17 09:51:43,MMM,194.19,5,BID
2018-12-17 09:51:37,MMM,194.41,6,ASK
2018-12-17 09:51:43,MMM,194.19,5,BID
2018-12-17 09:51:37,MMM,194.41,6,ASK
2018-12-17 09:51:43,MMM,194.19,5,BID
2018-12-17 09:51:37,MMM,194.41,6,ASK
2018-12-17 09:51:43,MMM,194.19,5,BID
2018-12-17 09:51:37,MMM,194.41,6,ASK
2018-12-17 09:51:48,MMM,194.19,5,BID
2018-12-17 09:51:48,MMM,194.4,1,ASK
2018-12-17 09:51:48,MMM,194.19,5,BID
2018-12-17 09:51:37,MMM,194.41,6,ASK
2018-12-17 09:51:49,MMM,194.19,5,BID
2018-12-17 09:51:37,MMM,194.41,6,ASK
2018-12-17 09:51:49,MMM,194.19,5,BID
2018-12-17 09:51:37,MMM,194.41,6,ASK
2018-12-17 09:51:49,MMM,194.19,5,BID
2018-12-17 09:51:37,MMM,194.41,6,ASK
2018-12-17 09:51:53,MMM,194.19,5,BID
2018-12-17 09:51:53,MMM,194.41,9,ASK
2018-12-17 09:51:55,MMM,194.19,6,BID
2018-12-17 09:51:53,MMM,194.41,9,ASK
2018-12-17 09:51:55,MMM,194.11,1,BID
2018-12-17 09:51:55,MMM,194.3,3,ASK
2018-12-17 09:51:56,MMM,194.11,2,BID
2018-12-17 09:51:56,MMM,194.33,1,ASK
2018-12-17 09:51:56,MMM,194.11,2,BID
2018-12-17 09:51:56,MMM,194.33,1,ASK
2018-12-17 09:51:58,MMM,194.14,1,BID
2018-12-17 09:51:58,MMM,194.33,2,ASK
2018-12-17 09:51:58,MMM,194.14,1,BID
2018-12-17 09:51:58,MMM,194.33,2,ASK
2018-12-17 09:52:00,MMM,194.2,1,BID
2018-12-17 09:52:00,MMM,194.33,3,ASK
2018-12-17 09:52:01,MMM,194.21,1,BID
2018-12-17 09:52:01,MMM,194.34,1,ASK
2018-12-17 09:52:01,MMM,194.22,1,BID
2018-12-17 09:52:01,MMM,194.34,1,ASK
2018-12-17 09:52:02,MMM,194.27,2,BID
2018-12-17 09:52:02,MMM,194.41,8,ASK
2018-12-17 09:52:03,MMM,194.27,2,BID
2018-12-17 09:52:04,MMM,194.41,9,ASK
2018-12-17 09:52:05,MMM,194.21,1,BID
2018-12-17 09:52:05,MMM,194.41,8,ASK
2018-12-17 09:52:06,MMM,194.21,2,BID
2018-12-17 09:52:05,MMM,194.41,8,ASK
2018-12-17 09:52:07,MMM,194.27,1,BID
2018-12-17 09:52:05,MMM,194.41,9,ASK
2018-12-17 09:52:08,MMM,194.27,2,BID
2018-12-17 09:52:05,MMM,194.41,9,ASK
2018-12-17 09:52:08,MMM,194.27,2,BID
2018-12-17 09:52:05,MMM,194.41,9,ASK
2018-12-17 09:52:10,MMM,194.13,5,BID
2018-12-17 09:52:10,MMM,194.27,1,ASK
2018-12-17 09:52:11,MMM,194.17,1,BID
2018-12-17 09:52:11,MMM,194.33,1,ASK
2018-12-17 09:52:12,MMM,194.17,2,BID
2018-12-17 09:52:12,MMM,194.33,1,ASK
2018-12-17 09:52:12,MMM,194.17,2,BID
2018-12-17 09:52:12,MMM,194.33,1,ASK
2018-12-17 09:52:12,MMM,194.17,2,BID
2018-12-17 09:52:12,MMM,194.33,1,ASK
2018-12-17 09:52:12,MMM,194.17,2,BID
2018-12-17 09:52:12,MMM,194.33,1,ASK
2018-12-17 09:52:16,MMM,194.17,3,BID
2018-12-17 09:52:16,MMM,194.33,2,ASK
2018-12-17 09:52:16,MMM,194.17,3,BID
2018-12-17 09:52:16,MMM,194.33,2,ASK
2018-12-17 09:52:16,MMM,194.17,3,BID
2018-12-17 09:52:16,MMM,194.33,2,ASK
2018-12-17 09:52:19,MMM,194.17,3,BID
2018-12-17 09:52:19,MMM,194.33,2,ASK
2018-12-17 09:52:20,MMM,194.02,3,BID
2018-12-17 09:52:20,MMM,194.17,1,ASK
2018-12-17 09:52:21,MMM,194.11,2,BID
2018-12-17 09:52:21,MMM,194.23,1,ASK
2018-12-17 09:52:22,MMM,194.11,2,BID
2018-12-17 09:52:22,MMM,194.32,2,ASK
2018-12-17 09:52:23,MMM,194.11,4,BID
2018-12-17 09:52:22,MMM,194.32,2,ASK
2018-12-17 09:52:24,MMM,194.11,4,BID
2018-12-17 09:52:24,MMM,194.32,2,ASK
2018-12-17 09:52:25,MMM,194.11,4,BID
2018-12-17 09:52:25,MMM,194.32,2,ASK
2018-12-17 09:52:26,MMM,194.13,2,BID
2018-12-17 09:52:26,MMM,194.32,2,ASK
2018-12-17 09:52:27,MMM,194.13,2,BID
2018-12-17 09:52:19,MMM,194.33,2,ASK
2018-12-17 09:52:27,MMM,194.13,2,BID
2018-12-17 09:52:19,MMM,194.33,2,ASK
2018-12-17 09:52:30,MMM,194.13,2,BID
2018-12-17 09:52:19,MMM,194.33,2,ASK
2018-12-17 09:52:30,MMM,194.13,2,BID
2018-12-17 09:52:19,MMM,194.33,2,ASK
2018-12-17 09:52:30,MMM,194.13,2,BID
2018-12-17 09:52:19,MMM,194.33,2,ASK
2018-12-17 09:52:33,MMM,194.17,3,BID
2018-12-17 09:52:33,MMM,194.33,3,ASK
2018-12-17 09:52:33,MMM,194.18,2,BID
2018-12-17 09:52:33,MMM,194.33,3,ASK
2018-12-17 09:52:34,MMM,194.18,3,BID
2018-12-17 09:52:34,MMM,194.33,3,ASK
2018-12-17 09:52:35,MMM,194.18,3,BID
2018-12-17 09:52:35,MMM,194.32,1,ASK
2018-12-17 09:52:36,MMM,194.18,3,BID
2018-12-17 09:52:36,MMM,194.32,2,ASK
2018-12-17 09:52:37,MMM,194.18,4,BID
2018-12-17 09:52:37,MMM,194.32,2,ASK
2018-12-17 09:52:38,MMM,194.18,5,BID
2018-12-17 09:52:38,MMM,194.32,2,ASK
2018-12-17 09:52:40,MMM,194.18,1,BID
2018-12-17 09:52:40,MMM,194.32,4,ASK
2018-12-17 09:52:40,MMM,194.18,2,BID
2018-12-17 09:52:40,MMM,194.32,4,ASK
2018-12-17 09:52:41,MMM,194.18,2,BID
2018-12-17 09:52:40,MMM,194.32,4,ASK
2018-12-17 09:52:42,MMM,194.25,1,BID
2018-12-17 09:52:42,MMM,194.39,1,ASK
2018-12-17 09:52:43,MMM,194.32,1,BID
2018-12-17 09:52:43,MMM,194.39,2,ASK
2018-12-17 09:52:45,MMM,194.25,3,BID
2018-12-17 09:52:45,MMM,194.39,4,ASK
2018-12-17 09:52:46,MMM,194.25,4,BID
2018-12-17 09:52:46,MMM,194.39,4,ASK
2018-12-17 09:52:46,MMM,194.25,4,BID
2018-12-17 09:52:46,MMM,194.38,2,ASK
2018-12-17 09:52:47,MMM,194.25,4,BID
2018-12-17 09:52:46,MMM,194.39,4,ASK
2018-12-17 09:52:47,MMM,194.25,4,BID
2018-12-17 09:52:46,MMM,194.39,4,ASK
2018-12-17 09:52:47,MMM,194.25,4,BID
2018-12-17 09:52:46,MMM,194.39,4,ASK
2018-12-17 09:52:47,MMM,194.25,4,BID
2018-12-17 09:52:46,MMM,194.39,4,ASK
2018-12-17 09:52:47,MMM,194.25,4,BID
2018-12-17 09:52:46,MMM,194.39,4,ASK
2018-12-17 09:52:47,MMM,194.25,4,BID
2018-12-17 09:52:46,MMM,194.39,4,ASK
2018-12-17 09:52:47,MMM,194.25,4,BID
2018-12-17 09:52:46,MMM,194.39,4,ASK
2018-12-17 09:52:47,MMM,194.25,4,BID
2018-12-17 09:52:46,MMM,194.39,4,ASK
2018-12-17 09:52:47,MMM,194.25,4,BID
2018-12-17 09:52:46,MMM,194.39,4,ASK
2018-12-17 09:52:47,MMM,194.25,4,BID
2018-12-17 09:52:46,MMM,194.39,4,ASK
2018-12-17 09:52:47,MMM,194.25,4,BID
2018-12-17 09:52:46,MMM,194.39,4,ASK
2018-12-17 09:52:47,MMM,194.25,4,BID
2018-12-17 09:52:46,MMM,194.39,4,ASK
2018-12-17 09:53:00,MMM,194.25,4,BID
2018-12-17 09:52:46,MMM,194.39,4,ASK
2018-12-17 09:53:00,MMM,194.25,4,BID
2018-12-17 09:52:46,MMM,194.39,4,ASK
2018-12-17 09:53:00,MMM,194.25,4,BID
2018-12-17 09:52:46,MMM,194.39,4,ASK
2018-12-17 09:53:02,MMM,194.25,4,BID
2018-12-17 09:52:46,MMM,194.39,4,ASK
2018-12-17 09:53:02,MMM,194.25,4,BID
2018-12-17 09:52:46,MMM,194.39,4,ASK
2018-12-17 09:53:02,MMM,194.25,4,BID
2018-12-17 09:52:46,MMM,194.39,4,ASK
2018-12-17 09:53:02,MMM,194.25,4,BID
2018-12-17 09:52:46,MMM,194.39,4,ASK
2018-12-17 09:53:06,MMM,194.25,4,BID
2018-12-17 09:52:46,MMM,194.39,4,ASK
2018-12-17 09:53:07,MMM,194.25,4,BID
2018-12-17 09:53:07,MMM,194.38,1,ASK
2018-12-17 09:53:09,MMM,194.25,5,BID
2018-12-17 09:53:09,MMM,194.38,1,ASK
2018-12-17 09:53:09,MMM,194.25,5,BID
2018-12-17 09:53:09,MMM,194.38,1,ASK
2018-12-17 09:53:10,MMM,194.25,5,BID
2018-12-17 09:53:10,MMM,194.29,2,ASK
2018-12-17 09:53:11,MMM,194.18,4,BID
2018-12-17 09:53:11,MMM,194.29,3,ASK
2018-12-17 09:53:11,MMM,194.18,4,BID
2018-12-17 09:53:11,MMM,194.29,3,ASK
2018-12-17 09:52:42,MMM,194.18,4,BID
2018-12-17 09:53:11,MMM,194.29,3,ASK
2018-12-17 09:53:14,MMM,194.21,1,BID
2018-12-17 09:53:14,MMM,194.29,3,ASK
2018-12-17 09:53:16,MMM,194.22,1,BID
2018-12-17 09:53:16,MMM,194.29,3,ASK
2018-12-17 09:53:17,MMM,194.25,1,BID
2018-12-17 09:53:17,MMM,194.29,3,ASK
2018-12-17 09:53:17,MMM,194.19,2,BID
2018-12-17 09:52:46,MMM,194.39,5,ASK
2018-12-17 09:53:18,MMM,194.39,2,BID
2018-12-17 09:53:18,MMM,194.44,1,ASK
2018-12-17 09:53:18,MMM,194.25,3,BID
2018-12-17 09:53:18,MMM,194.39,1,ASK
2018-12-17 09:53:18,MMM,194.25,3,BID
2018-12-17 09:53:18,MMM,194.39,1,ASK
2018-12-17 09:53:19,MMM,194.25,2,BID
2018-12-17 09:53:19,MMM,194.39,1,ASK
2018-12-17 09:53:20,MMM,194.25,3,BID
2018-12-17 09:53:20,MMM,194.39,1,ASK
2018-12-17 09:53:20,MMM,194.25,2,BID
2018-12-17 09:53:24,MMM,194.39,2,ASK
2018-12-17 09:53:20,MMM,194.25,2,BID
2018-12-17 09:53:24,MMM,194.39,1,ASK
2018-12-17 09:53:20,MMM,194.25,2,BID
2018-12-17 09:53:25,MMM,194.39,2,ASK
2018-12-17 09:53:20,MMM,194.25,2,BID
2018-12-17 09:53:26,MMM,194.39,2,ASK
2018-12-17 09:53:20,MMM,194.25,2,BID
2018-12-17 09:53:26,MMM,194.39,2,ASK
2018-12-17 09:53:29,MMM,194.26,1,BID
2018-12-17 09:53:29,MMM,194.39,1,ASK
2018-12-17 09:53:29,MMM,194.11,3,BID
2018-12-17 09:53:29,MMM,194.18,2,ASK
2018-12-17 09:53:30,MMM,194.11,3,BID
2018-12-17 09:53:30,MMM,194.18,2,ASK
2018-12-17 09:53:30,MMM,194.11,3,BID
2018-12-17 09:53:30,MMM,194.18,2,ASK
2018-12-17 09:53:32,MMM,194.03,1,BID
2018-12-17 09:53:32,MMM,194.19,1,ASK
2018-12-17 09:53:33,MMM,194.05,1,BID
2018-12-17 09:53:33,MMM,194.22,1,ASK
2018-12-17 09:53:34,MMM,194.04,2,BID
2018-12-17 09:53:34,MMM,194.22,1,ASK
2018-12-17 09:53:35,MMM,193.99,1,BID
2018-12-17 09:53:35,MMM,194.19,1,ASK
2018-12-17 09:53:35,MMM,193.99,1,BID
2018-12-17 09:53:35,MMM,194.19,1,ASK
2018-12-17 09:53:36,MMM,193.99,2,BID
2018-12-17 09:53:36,MMM,194.18,2,ASK
2018-12-17 09:53:36,MMM,193.99,2,BID
2018-12-17 09:53:36,MMM,194.18,2,ASK
2018-12-17 09:53:36,MMM,193.99,2,BID
2018-12-17 09:53:36,MMM,194.18,2,ASK
2018-12-17 09:53:39,MMM,193.99,3,BID
2018-12-17 09:53:39,MMM,194.18,3,ASK
2018-12-17 09:53:42,MMM,193.99,4,BID
2018-12-17 09:53:42,MMM,194.18,3,ASK
2018-12-17 09:53:42,MMM,193.99,4,BID
2018-12-17 09:53:43,MMM,194.18,4,ASK
2018-12-17 09:53:42,MMM,193.99,4,BID
2018-12-17 09:53:44,MMM,194.18,4,ASK
2018-12-17 09:53:42,MMM,193.99,4,BID
2018-12-17 09:53:44,MMM,194.18,4,ASK
2018-12-17 09:53:45,MMM,193.99,4,BID
2018-12-17 09:53:45,MMM,194.18,4,ASK
2018-12-17 09:53:46,MMM,194.02,1,BID
2018-12-17 09:53:46,MMM,194.18,4,ASK
2018-12-17 09:53:46,MMM,194.02,1,BID
2018-12-17 09:53:46,MMM,194.18,4,ASK
2018-12-17 09:53:49,MMM,193.99,4,BID
2018-12-17 09:53:49,MMM,194.18,4,ASK
2018-12-17 09:53:49,MMM,193.99,4,BID
2018-12-17 09:53:49,MMM,194.18,4,ASK
2018-12-17 09:53:49,MMM,193.99,4,BID
2018-12-17 09:53:49,MMM,194.18,4,ASK
2018-12-17 09:53:49,MMM,193.99,4,BID
2018-12-17 09:53:49,MMM,194.18,4,ASK
2018-12-17 09:53:52,MMM,194.01,3,BID
2018-12-17 09:53:52,MMM,194.18,4,ASK
2018-12-17 09:53:52,MMM,194.01,3,BID
2018-12-17 09:53:52,MMM,194.18,4,ASK
2018-12-17 09:53:53,MMM,194.01,3,BID
2018-12-17 09:53:53,MMM,194.18,3,ASK
2018-12-17 09:53:54,MMM,194.02,2,BID
2018-12-17 09:53:54,MMM,194.18,3,ASK
2018-12-17 09:53:54,MMM,194.02,2,BID
2018-12-17 09:53:54,MMM,194.18,3,ASK
2018-12-17 09:53:54,MMM,194.02,2,BID
2018-12-17 09:53:54,MMM,194.18,3,ASK
2018-12-17 09:53:54,MMM,194.02,2,BID
2018-12-17 09:53:54,MMM,194.18,3,ASK
2018-12-17 09:54:00,MMM,194.02,3,BID
2018-12-17 09:54:00,MMM,194.18,3,ASK
2018-12-17 09:54:01,MMM,194.06,1,BID
2018-12-17 09:54:01,MMM,194.18,3,ASK
2018-12-17 09:54:02,MMM,194.08,1,BID
2018-12-17 09:54:02,MMM,194.18,3,ASK
2018-12-17 09:54:02,MMM,194.08,3,BID
2018-12-17 09:54:02,MMM,194.18,3,ASK
2018-12-17 09:54:04,MMM,194.08,4,BID
2018-12-17 09:54:04,MMM,194.18,3,ASK
2018-12-17 09:54:04,MMM,194.08,4,BID
2018-12-17 09:54:04,MMM,194.18,3,ASK
2018-12-17 09:54:06,MMM,194.18,1,BID
2018-12-17 09:54:06,MMM,194.24,1,ASK
2018-12-17 09:54:06,MMM,194.21,2,BID
2018-12-17 09:54:06,MMM,194.32,3,ASK
2018-12-17 09:54:07,MMM,194.21,3,BID
2018-12-17 09:54:07,MMM,194.33,1,ASK
2018-12-17 09:54:07,MMM,194.21,4,BID
2018-12-17 09:54:07,MMM,194.33,1,ASK
2018-12-17 09:54:07,MMM,194.21,4,BID
2018-12-17 09:54:07,MMM,194.33,1,ASK
2018-12-17 09:54:07,MMM,194.21,4,BID
2018-12-17 09:54:07,MMM,194.33,1,ASK
2018-12-17 09:54:07,MMM,194.21,4,BID
2018-12-17 09:54:07,MMM,194.33,1,ASK
2018-12-17 09:54:07,MMM,194.21,4,BID
2018-12-17 09:54:07,MMM,194.33,1,ASK
2018-12-17 09:54:07,MMM,194.21,4,BID
2018-12-17 09:54:07,MMM,194.33,2,ASK
2018-12-17 09:54:07,MMM,194.21,4,BID
2018-12-17 09:54:07,MMM,194.33,2,ASK
2018-12-17 09:54:14,MMM,194.21,4,BID
2018-12-17 09:54:07,MMM,194.33,2,ASK
2018-12-17 09:54:15,MMM,194.22,2,BID
2018-12-17 09:54:07,MMM,194.33,2,ASK
2018-12-17 09:54:17,MMM,194.31,1,BID
2018-12-17 09:54:17,MMM,194.39,1,ASK
2018-12-17 09:54:18,MMM,194.32,3,BID
2018-12-17 09:54:18,MMM,194.48,1,ASK
2018-12-17 09:54:18,MMM,194.32,4,BID
2018-12-17 09:54:18,MMM,194.48,1,ASK
2018-12-17 09:54:20,MMM,194.32,4,BID
2018-12-17 09:54:20,MMM,194.48,1,ASK
2018-12-17 09:54:22,MMM,194.47,2,BID
2018-12-17 09:54:22,MMM,194.7,3,ASK
2018-12-17 09:54:23,MMM,194.49,2,BID
2018-12-17 09:54:23,MMM,194.7,3,ASK
2018-12-17 09:54:24,MMM,194.51,1,BID
2018-12-17 09:54:24,MMM,194.7,3,ASK
2018-12-17 09:54:25,MMM,194.52,1,BID
2018-12-17 09:54:25,MMM,194.7,3,ASK
2018-12-17 09:54:25,MMM,194.52,3,BID
2018-12-17 09:54:25,MMM,194.7,3,ASK
2018-12-17 09:54:27,MMM,194.53,1,BID
2018-12-17 09:54:27,MMM,194.7,3,ASK
2018-12-17 09:54:27,MMM,194.53,3,BID
2018-12-17 09:54:27,MMM,194.7,3,ASK
2018-12-17 09:54:27,MMM,194.53,3,BID
2018-12-17 09:54:27,MMM,194.7,3,ASK
2018-12-17 09:54:30,MMM,194.53,3,BID
2018-12-17 09:54:30,MMM,194.7,4,ASK
2018-12-17 09:54:30,MMM,194.53,3,BID
2018-12-17 09:54:30,MMM,194.7,4,ASK
2018-12-17 09:54:30,MMM,194.53,3,BID
2018-12-17 09:54:30,MMM,194.7,4,ASK
2018-12-17 09:54:33,MMM,194.53,3,BID
2018-12-17 09:54:33,MMM,194.7,3,ASK
2018-12-17 09:54:33,MMM,194.53,3,BID
2018-12-17 09:54:33,MMM,194.7,3,ASK
2018-12-17 09:54:35,MMM,194.54,1,BID
2018-12-17 09:54:35,MMM,194.7,3,ASK
2018-12-17 09:54:35,MMM,194.54,1,BID
2018-12-17 09:54:35,MMM,194.7,3,ASK
2018-12-17 09:54:35,MMM,194.54,1,BID
2018-12-17 09:54:35,MMM,194.7,3,ASK
2018-12-17 09:54:35,MMM,194.54,1,BID
2018-12-17 09:54:35,MMM,194.7,3,ASK
2018-12-17 09:54:35,MMM,194.54,1,BID
2018-12-17 09:54:35,MMM,194.7,3,ASK
2018-12-17 09:54:40,MMM,194.54,1,BID
2018-12-17 09:54:40,MMM,194.7,3,ASK
2018-12-17 09:54:41,MMM,194.42,1,BID
2018-12-17 09:54:41,MMM,194.54,2,ASK
2018-12-17 09:54:42,MMM,194.42,3,BID
2018-12-17 09:54:42,MMM,194.54,2,ASK
2018-12-17 09:54:43,MMM,194.44,1,BID
2018-12-17 09:54:43,MMM,194.54,2,ASK
2018-12-17 09:54:44,MMM,194.47,2,BID
2018-12-17 09:54:44,MMM,194.64,1,ASK
2018-12-17 09:54:44,MMM,194.47,2,BID
2018-12-17 09:54:44,MMM,194.64,1,ASK
2018-12-17 09:54:44,MMM,194.47,2,BID
2018-12-17 09:54:44,MMM,194.64,1,ASK
2018-12-17 09:54:44,MMM,194.47,2,BID
2018-12-17 09:54:44,MMM,194.64,1,ASK
2018-12-17 09:54:48,MMM,194.47,2,BID
2018-12-17 09:54:48,MMM,194.64,1,ASK
2018-12-17 09:54:48,MMM,194.47,2,BID
2018-12-17 09:54:48,MMM,194.64,1,ASK
2018-12-17 09:54:48,MMM,194.47,2,BID
2018-12-17 09:54:48,MMM,194.64,1,ASK
2018-12-17 09:54:48,MMM,194.47,2,BID
2018-12-17 09:54:48,MMM,194.64,1,ASK
2018-12-17 09:54:48,MMM,194.47,2,BID
2018-12-17 09:54:48,MMM,194.64,1,ASK
2018-12-17 09:54:48,MMM,194.47,2,BID
2018-12-17 09:54:48,MMM,194.64,1,ASK
2018-12-17 09:54:54,MMM,194.56,2,BID
2018-12-17 09:54:54,MMM,194.7,2,ASK
2018-12-17 09:54:54,MMM,194.56,2,BID
2018-12-17 09:54:54,MMM,194.7,2,ASK
2018-12-17 09:54:56,MMM,194.56,4,BID
2018-12-17 09:54:56,MMM,194.7,1,ASK
2018-12-17 09:54:56,MMM,194.56,4,BID
2018-12-17 09:54:56,MMM,194.7,1,ASK
2018-12-17 09:54:56,MMM,194.56,4,BID
2018-12-17 09:54:56,MMM,194.7,1,ASK
2018-12-17 09:54:59,MMM,194.63,1,BID
2018-12-17 09:54:59,MMM,194.74,2,ASK
2018-12-17 09:55:00,MMM,194.63,1,BID
2018-12-17 09:55:00,MMM,194.74,2,ASK
2018-12-17 09:55:01,MMM,194.74,3,BID
2018-12-17 09:55:01,MMM,194.9,5,ASK
2018-12-17 09:55:01,MMM,194.74,3,BID
2018-12-17 09:55:01,MMM,194.9,5,ASK
2018-12-17 09:55:01,MMM,194.74,4,BID
2018-12-17 09:55:01,MMM,194.9,5,ASK
2018-12-17 09:55:01,MMM,194.74,4,BID
2018-12-17 09:55:02,MMM,194.9,5,ASK
2018-12-17 09:55:01,MMM,194.74,4,BID
2018-12-17 09:55:02,MMM,194.9,5,ASK
2018-12-17 09:55:01,MMM,194.74,4,BID
2018-12-17 09:55:04,MMM,194.9,5,ASK
2018-12-17 09:55:04,MMM,194.77,2,BID
2018-12-17 09:55:04,MMM,194.9,5,ASK
2018-12-17 09:55:04,MMM,194.77,2,BID
2018-12-17 09:55:04,MMM,194.9,5,ASK
2018-12-17 09:55:05,MMM,194.77,2,BID
2018-12-17 09:55:05,MMM,194.9,5,ASK
2018-12-17 09:55:05,MMM,194.77,3,BID
2018-12-17 09:55:05,MMM,194.9,5,ASK
2018-12-17 09:55:05,MMM,194.77,3,BID
2018-12-17 09:55:05,MMM,194.9,5,ASK
2018-12-17 09:55:05,MMM,194.77,3,BID
2018-12-17 09:55:05,MMM,194.9,5,ASK
2018-12-17 09:55:12,MMM,194.79,1,BID
2018-12-17 09:55:12,MMM,194.9,5,ASK
2018-12-17 09:55:13,MMM,194.79,3,BID
2018-12-17 09:55:13,MMM,194.9,5,ASK
2018-12-17 09:55:13,MMM,194.79,3,BID
2018-12-17 09:55:13,MMM,194.9,5,ASK
2018-12-17 09:55:13,MMM,194.79,3,BID
2018-12-17 09:55:13,MMM,194.9,5,ASK
2018-12-17 09:55:17,MMM,194.8,1,BID
2018-12-17 09:55:17,MMM,194.91,1,ASK
2018-12-17 09:55:18,MMM,194.8,2,BID
2018-12-17 09:55:18,MMM,194.92,2,ASK
2018-12-17 09:55:19,MMM,194.8,2,BID
2018-12-17 09:55:18,MMM,194.92,2,ASK
2018-12-17 09:55:20,MMM,194.8,3,BID
2018-12-17 09:55:20,MMM,194.91,1,ASK
2018-12-17 09:55:21,MMM,194.77,7,BID
2018-12-17 09:55:21,MMM,194.9,1,ASK
2018-12-17 09:55:22,MMM,194.77,7,BID
2018-12-17 09:55:22,MMM,194.9,1,ASK
2018-12-17 09:55:22,MMM,194.77,6,BID
2018-12-17 09:55:23,MMM,194.9,1,ASK
2018-12-17 09:55:24,MMM,194.67,1,BID
2018-12-17 09:55:24,MMM,194.82,1,ASK
2018-12-17 09:55:24,MMM,194.67,1,BID
2018-12-17 09:55:24,MMM,194.82,1,ASK
2018-12-17 09:55:25,MMM,194.64,2,BID
2018-12-17 09:55:25,MMM,194.82,1,ASK
2018-12-17 09:55:25,MMM,194.64,2,BID
2018-12-17 09:55:25,MMM,194.82,1,ASK
2018-12-17 09:55:25,MMM,194.64,2,BID
2018-12-17 09:55:25,MMM,194.82,1,ASK
2018-12-17 09:55:30,MMM,194.64,2,BID
2018-12-17 09:55:30,MMM,194.82,1,ASK
2018-12-17 09:55:30,MMM,194.64,2,BID
2018-12-17 09:55:30,MMM,194.82,1,ASK
2018-12-17 09:55:30,MMM,194.64,2,BID
2018-12-17 09:55:30,MMM,194.82,1,ASK
2018-12-17 09:55:32,MMM,194.64,2,BID
2018-12-17 09:55:32,MMM,194.82,1,ASK
2018-12-17 09:55:32,MMM,194.64,2,BID
2018-12-17 09:55:32,MMM,194.82,1,ASK
2018-12-17 09:55:32,MMM,194.64,2,BID
2018-12-17 09:55:32,MMM,194.82,1,ASK
2018-12-17 09:55:32,MMM,194.64,2,BID
2018-12-17 09:55:32,MMM,194.82,1,ASK
2018-12-17 09:55:32,MMM,194.64,2,BID
2018-12-17 09:55:32,MMM,194.82,1,ASK
2018-12-17 09:55:32,MMM,194.64,2,BID
2018-12-17 09:55:32,MMM,194.82,1,ASK
2018-12-17 09:55:32,MMM,194.64,2,BID
2018-12-17 09:55:32,MMM,194.82,1,ASK
2018-12-17 09:55:32,MMM,194.64,2,BID
2018-12-17 09:55:32,MMM,194.82,1,ASK
2018-12-17 09:55:40,MMM,194.65,1,BID
2018-12-17 09:55:40,MMM,194.82,2,ASK
2018-12-17 09:55:40,MMM,194.65,1,BID
2018-12-17 09:55:40,MMM,194.82,2,ASK
2018-12-17 09:55:40,MMM,194.65,1,BID
2018-12-17 09:55:40,MMM,194.82,2,ASK
2018-12-17 09:55:43,MMM,194.65,2,BID
2018-12-17 09:55:43,MMM,194.82,2,ASK
2018-12-17 09:55:43,MMM,194.65,2,BID
2018-12-17 09:55:43,MMM,194.82,2,ASK
2018-12-17 09:55:43,MMM,194.65,2,BID
2018-12-17 09:55:43,MMM,194.82,2,ASK
2018-12-17 09:55:43,MMM,194.65,2,BID
2018-12-17 09:55:43,MMM,194.82,2,ASK
2018-12-17 09:55:48,MMM,194.65,2,BID
2018-12-17 09:55:48,MMM,194.82,2,ASK
2018-12-17 09:55:48,MMM,194.65,2,BID
2018-12-17 09:55:48,MMM,194.82,2,ASK
2018-12-17 09:55:48,MMM,194.65,2,BID
2018-12-17 09:55:48,MMM,194.82,2,ASK
2018-12-17 09:55:48,MMM,194.65,2,BID
2018-12-17 09:55:48,MMM,194.82,2,ASK
2018-12-17 09:55:51,MMM,194.65,2,BID
2018-12-17 09:55:51,MMM,194.82,2,ASK
2018-12-17 09:55:52,MMM,194.65,2,BID
2018-12-17 09:55:52,MMM,194.82,2,ASK
2018-12-17 09:55:53,MMM,194.65,2,BID
2018-12-17 09:55:53,MMM,194.82,3,ASK
2018-12-17 09:55:54,MMM,194.65,2,BID
2018-12-17 09:55:54,MMM,194.82,3,ASK
2018-12-17 09:55:54,MMM,194.65,2,BID
2018-12-17 09:55:54,MMM,194.82,3,ASK
2018-12-17 09:55:56,MMM,194.64,3,BID
2018-12-17 09:55:56,MMM,194.82,3,ASK
2018-12-17 09:55:56,MMM,194.64,3,BID
2018-12-17 09:55:56,MMM,194.82,3,ASK
2018-12-17 09:55:56,MMM,194.64,3,BID
2018-12-17 09:55:56,MMM,194.82,3,ASK
2018-12-17 09:56:00,MMM,194.64,3,BID
2018-12-17 09:56:00,MMM,194.82,3,ASK
2018-12-17 09:56:00,MMM,194.64,3,BID
2018-12-17 09:56:00,MMM,194.82,3,ASK
2018-12-17 09:56:02,MMM,194.64,4,BID
2018-12-17 09:56:02,MMM,194.81,1,ASK
2018-12-17 09:56:02,MMM,194.64,4,BID
2018-12-17 09:56:01,MMM,194.82,3,ASK
2018-12-17 09:56:04,MMM,194.65,1,BID
2018-12-17 09:56:04,MMM,194.81,1,ASK
2018-12-17 09:56:04,MMM,194.65,1,BID
2018-12-17 09:56:04,MMM,194.81,1,ASK
2018-12-17 09:56:04,MMM,194.65,1,BID
2018-12-17 09:56:04,MMM,194.81,1,ASK
2018-12-17 09:56:07,MMM,194.66,1,BID
2018-12-17 09:56:07,MMM,194.82,2,ASK
2018-12-17 09:56:07,MMM,194.66,1,BID
2018-12-17 09:56:07,MMM,194.82,2,ASK
2018-12-17 09:56:07,MMM,194.66,1,BID
2018-12-17 09:56:07,MMM,194.82,2,ASK
2018-12-17 09:56:07,MMM,194.66,1,BID
2018-12-17 09:56:07,MMM,194.82,2,ASK
2018-12-17 09:56:10,MMM,194.66,1,BID
2018-12-17 09:56:07,MMM,194.82,2,ASK
2018-12-17 09:56:10,MMM,194.66,1,BID
2018-12-17 09:56:07,MMM,194.82,2,ASK
2018-12-17 09:56:10,MMM,194.66,1,BID
2018-12-17 09:56:07,MMM,194.82,2,ASK
2018-12-17 09:56:10,MMM,194.66,1,BID
2018-12-17 09:56:07,MMM,194.82,2,ASK
2018-12-17 09:56:14,MMM,194.82,1,BID
2018-12-17 09:56:14,MMM,194.96,1,ASK
2018-12-17 09:56:15,MMM,194.83,1,BID
2018-12-17 09:56:15,MMM,194.96,1,ASK
2018-12-17 09:56:16,MMM,194.67,1,BID
2018-12-17 09:56:16,MMM,194.82,1,ASK
2018-12-17 09:56:17,MMM,194.67,2,BID
2018-12-17 09:56:17,MMM,194.82,1,ASK
2018-12-17 09:56:17,MMM,194.67,2,BID
2018-12-17 09:56:17,MMM,194.82,1,ASK
2018-12-17 09:56:19,MMM,194.73,1,BID
2018-12-17 09:56:19,MMM,194.82,1,ASK
2018-12-17 09:56:20,MMM,194.78,1,BID
2018-12-17 09:56:20,MMM,194.91,2,ASK
2018-12-17 09:56:20,MMM,194.78,1,BID
2018-12-17 09:56:20,MMM,194.91,2,ASK
2018-12-17 09:56:20,MMM,194.78,1,BID
2018-12-17 09:56:20,MMM,194.91,2,ASK
2018-12-17 09:56:20,MMM,194.78,1,BID
2018-12-17 09:56:20,MMM,194.91,2,ASK
2018-12-17 09:56:20,MMM,194.78,1,BID
2018-12-17 09:56:20,MMM,194.91,2,ASK
2018-12-17 09:56:20,MMM,194.78,1,BID
2018-12-17 09:56:20,MMM,194.91,2,ASK
2018-12-17 09:56:20,MMM,194.78,1,BID
2018-12-17 09:56:20,MMM,194.91,2,ASK
2018-12-17 09:56:20,MMM,194.78,1,BID
2018-12-17 09:56:20,MMM,194.91,2,ASK
2018-12-17 09:56:20,MMM,194.78,1,BID
2018-12-17 09:56:20,MMM,194.91,2,ASK
2018-12-17 09:56:30,MMM,194.78,1,BID
2018-12-17 09:56:30,MMM,194.91,2,ASK
2018-12-17 09:56:30,MMM,194.78,1,BID
2018-12-17 09:56:30,MMM,194.91,2,ASK
2018-12-17 09:56:30,MMM,194.78,1,BID
2018-12-17 09:56:30,MMM,194.91,2,ASK
2018-12-17 09:56:30,MMM,194.78,1,BID
2018-12-17 09:56:30,MMM,194.91,2,ASK
2018-12-17 09:56:30,MMM,194.78,1,BID
2018-12-17 09:56:30,MMM,194.91,2,ASK
2018-12-17 09:56:30,MMM,194.78,1,BID
2018-12-17 09:56:30,MMM,194.91,2,ASK
2018-12-17 09:56:30,MMM,194.78,1,BID
2018-12-17 09:56:30,MMM,194.91,2,ASK
2018-12-17 09:56:30,MMM,194.78,1,BID
2018-12-17 09:56:30,MMM,194.91,2,ASK
2018-12-17 09:56:30,MMM,194.78,1,BID
2018-12-17 09:56:30,MMM,194.91,2,ASK
2018-12-17 09:56:30,MMM,194.78,1,BID
2018-12-17 09:56:30,MMM,194.91,2,ASK
2018-12-17 09:56:30,MMM,194.78,1,BID
2018-12-17 09:56:30,MMM,194.91,2,ASK
2018-12-17 09:56:30,MMM,194.78,1,BID
2018-12-17 09:56:30,MMM,194.91,2,ASK
2018-12-17 09:56:30,MMM,194.78,1,BID
2018-12-17 09:56:30,MMM,194.91,2,ASK
2018-12-17 09:56:30,MMM,194.78,1,BID
2018-12-17 09:56:30,MMM,194.91,2,ASK
2018-12-17 09:56:30,MMM,194.78,1,BID
2018-12-17 09:56:30,MMM,194.91,2,ASK
2018-12-17 09:56:30,MMM,194.78,1,BID
2018-12-17 09:56:30,MMM,194.91,2,ASK
2018-12-17 09:56:30,MMM,194.78,1,BID
2018-12-17 09:56:30,MMM,194.91,2,ASK
2018-12-17 09:56:30,MMM,194.78,1,BID
2018-12-17 09:56:30,MMM,194.91,2,ASK
2018-12-17 09:56:30,MMM,194.78,1,BID
2018-12-17 09:56:30,MMM,194.91,2,ASK
2018-12-17 09:56:30,MMM,194.78,1,BID
2018-12-17 09:56:30,MMM,194.91,2,ASK
2018-12-17 09:56:30,MMM,194.78,1,BID
2018-12-17 09:56:30,MMM,194.91,2,ASK
2018-12-17 09:56:30,MMM,194.78,1,BID
2018-12-17 09:56:30,MMM,194.91,2,ASK
2018-12-17 09:56:30,MMM,194.78,1,BID
2018-12-17 09:56:30,MMM,194.91,2,ASK
2018-12-17 09:56:30,MMM,194.78,1,BID
2018-12-17 09:56:30,MMM,194.91,2,ASK
2018-12-17 09:56:30,MMM,194.78,1,BID
2018-12-17 09:56:30,MMM,194.91,2,ASK
2018-12-17 09:56:30,MMM,194.78,1,BID
2018-12-17 09:56:30,MMM,194.91,2,ASK
2018-12-17 09:56:30,MMM,194.78,1,BID
2018-12-17 09:56:30,MMM,194.91,2,ASK
2018-12-17 09:56:30,MMM,194.78,1,BID
2018-12-17 09:56:30,MMM,194.91,2,ASK
2018-12-17 09:56:30,MMM,194.78,1,BID
2018-12-17 09:56:30,MMM,194.91,2,ASK
2018-12-17 09:56:30,MMM,194.78,1,BID
2018-12-17 09:56:30,MMM,194.91,2,ASK
2018-12-17 09:56:30,MMM,194.78,1,BID
2018-12-17 09:56:30,MMM,194.91,2,ASK
2018-12-17 09:57:00,MMM,194.78,1,BID
2018-12-17 09:57:00,MMM,194.91,2,ASK
2018-12-17 09:57:00,MMM,194.78,1,BID
2018-12-17 09:57:00,MMM,194.91,2,ASK
2018-12-17 09:57:00,MMM,194.78,1,BID
2018-12-17 09:57:00,MMM,194.91,2,ASK
2018-12-17 09:57:00,MMM,194.78,1,BID
2018-12-17 09:57:04,MMM,194.84,1,ASK
2018-12-17 09:57:04,MMM,194.67,3,BID
2018-12-17 09:57:04,MMM,194.81,1,ASK
2018-12-17 09:57:05,MMM,194.67,4,BID
2018-12-17 09:57:05,MMM,194.81,1,ASK
2018-12-17 09:57:05,MMM,194.67,4,BID
2018-12-17 09:57:05,MMM,194.81,1,ASK
2018-12-17 09:57:05,MMM,194.67,4,BID
2018-12-17 09:57:08,MMM,194.81,1,ASK
2018-12-17 09:57:05,MMM,194.67,4,BID
2018-12-17 09:57:08,MMM,194.81,1,ASK
2018-12-17 09:57:05,MMM,194.67,4,BID
2018-12-17 09:57:08,MMM,194.81,1,ASK
2018-12-17 09:57:05,MMM,194.67,4,BID
2018-12-17 09:57:10,MMM,194.81,2,ASK
2018-12-17 09:57:12,MMM,194.68,1,BID
2018-12-17 09:57:12,MMM,194.81,3,ASK
2018-12-17 09:57:13,MMM,194.63,1,BID
2018-12-17 09:57:13,MMM,194.81,4,ASK
2018-12-17 09:57:14,MMM,194.62,1,BID
2018-12-17 09:57:12,MMM,194.81,4,ASK
2018-12-17 09:57:15,MMM,194.67,1,BID
2018-12-17 09:57:12,MMM,194.81,4,ASK
2018-12-17 09:57:16,MMM,194.62,2,BID
2018-12-17 09:57:12,MMM,194.81,3,ASK
2018-12-17 09:57:16,MMM,194.62,2,BID
2018-12-17 09:57:12,MMM,194.81,3,ASK
2018-12-17 09:57:16,MMM,194.62,2,BID
2018-12-17 09:57:12,MMM,194.81,3,ASK
2018-12-17 09:57:19,MMM,194.63,1,BID
2018-12-17 09:57:19,MMM,194.8,1,ASK
2018-12-17 09:57:19,MMM,194.63,1,BID
2018-12-17 09:57:19,MMM,194.8,1,ASK
2018-12-17 09:57:19,MMM,194.63,1,BID
2018-12-17 09:57:19,MMM,194.8,1,ASK
2018-12-17 09:57:21,MMM,194.63,1,BID
2018-12-17 09:57:21,MMM,194.8,3,ASK
2018-12-17 09:57:21,MMM,194.63,1,BID
2018-12-17 09:57:21,MMM,194.8,3,ASK
2018-12-17 09:57:16,MMM,194.62,2,BID
2018-12-17 09:57:24,MMM,194.8,3,ASK
2018-12-17 09:54:55,MMM,194.56,3,BID
2018-12-17 09:57:25,MMM,194.72,1,ASK
2018-12-17 09:54:55,MMM,194.56,3,BID
2018-12-17 09:57:25,MMM,194.72,1,ASK
2018-12-17 09:54:55,MMM,194.56,3,BID
2018-12-17 09:57:27,MMM,194.72,2,ASK
2018-12-17 09:57:27,MMM,194.62,1,BID
2018-12-17 09:57:27,MMM,194.72,2,ASK
2018-12-17 09:57:29,MMM,194.72,1,BID
2018-12-17 09:57:29,MMM,194.8,2,ASK
2018-12-17 09:57:30,MMM,194.72,1,BID
2018-12-17 09:57:30,MMM,194.8,2,ASK
2018-12-17 09:57:30,MMM,194.72,1,BID
2018-12-17 09:57:30,MMM,194.8,2,ASK
2018-12-17 09:57:32,MMM,194.8,2,BID
2018-12-17 09:57:31,MMM,194.9,2,ASK
2018-12-17 09:57:32,MMM,194.8,2,BID
2018-12-17 09:57:31,MMM,194.9,2,ASK
2018-12-17 09:57:34,MMM,194.83,1,BID
2018-12-17 09:57:34,MMM,195.0,2,ASK
2018-12-17 09:57:34,MMM,194.83,1,BID
2018-12-17 09:57:34,MMM,195.0,1,ASK
2018-12-17 09:57:34,MMM,194.83,1,BID
2018-12-17 09:57:34,MMM,195.0,1,ASK
2018-12-17 09:57:34,MMM,194.83,1,BID
2018-12-17 09:57:34,MMM,195.0,1,ASK
2018-12-17 09:57:34,MMM,194.83,1,BID
2018-12-17 09:57:34,MMM,195.0,1,ASK
2018-12-17 09:57:38,MMM,194.83,2,BID
2018-12-17 09:57:38,MMM,195.0,1,ASK
2018-12-17 09:57:38,MMM,194.83,2,BID
2018-12-17 09:57:38,MMM,195.0,1,ASK
2018-12-17 09:57:38,MMM,194.83,2,BID
2018-12-17 09:57:38,MMM,195.0,1,ASK
2018-12-17 09:57:38,MMM,194.83,2,BID
2018-12-17 09:57:38,MMM,195.0,1,ASK
2018-12-17 09:57:38,MMM,194.83,2,BID
2018-12-17 09:57:38,MMM,195.0,1,ASK
2018-12-17 09:57:38,MMM,194.83,2,BID
2018-12-17 09:57:38,MMM,195.0,1,ASK
2018-12-17 09:57:38,MMM,194.83,2,BID
2018-12-17 09:57:38,MMM,195.0,1,ASK
2018-12-17 09:57:38,MMM,194.83,2,BID
2018-12-17 09:57:38,MMM,195.0,1,ASK
2018-12-17 09:57:38,MMM,194.83,2,BID
2018-12-17 09:57:38,MMM,195.0,1,ASK
2018-12-17 09:57:48,MMM,194.83,3,BID
2018-12-17 09:57:48,MMM,195.0,1,ASK
2018-12-17 09:57:49,MMM,194.83,3,BID
2018-12-17 09:57:49,MMM,194.99,1,ASK
2018-12-17 09:57:49,MMM,194.83,3,BID
2018-12-17 09:57:49,MMM,194.99,1,ASK
2018-12-17 09:57:49,MMM,194.83,3,BID
2018-12-17 09:57:49,MMM,194.99,1,ASK
2018-12-17 09:57:51,MMM,194.83,3,BID
2018-12-17 09:57:51,MMM,194.99,1,ASK
2018-12-17 09:57:51,MMM,194.83,3,BID
2018-12-17 09:57:51,MMM,194.99,1,ASK
2018-12-17 09:57:51,MMM,194.83,3,BID
2018-12-17 09:57:51,MMM,194.99,1,ASK
2018-12-17 09:57:51,MMM,194.83,3,BID
2018-12-17 09:57:51,MMM,194.99,1,ASK
2018-12-17 09:57:55,MMM,194.83,4,BID
2018-12-17 09:57:55,MMM,194.99,1,ASK
2018-12-17 09:57:55,MMM,194.83,4,BID
2018-12-17 09:57:55,MMM,194.99,1,ASK
2018-12-17 09:57:55,MMM,194.83,4,BID
2018-12-17 09:57:55,MMM,194.99,1,ASK
2018-12-17 09:57:55,MMM,194.83,4,BID
2018-12-17 09:57:55,MMM,194.99,1,ASK
2018-12-17 09:58:00,MMM,194.83,4,BID
2018-12-17 09:58:00,MMM,194.99,1,ASK
2018-12-17 09:58:00,MMM,194.83,4,BID
2018-12-17 09:58:00,MMM,194.99,1,ASK
2018-12-17 09:58:00,MMM,194.83,4,BID
2018-12-17 09:58:00,MMM,194.99,1,ASK
2018-12-17 09:58:02,MMM,194.86,2,BID
2018-12-17 09:58:02,MMM,195.0,1,ASK
2018-12-17 09:58:02,MMM,194.86,2,BID
2018-12-17 09:58:02,MMM,195.0,1,ASK
2018-12-17 09:58:02,MMM,194.86,2,BID
2018-12-17 09:58:02,MMM,195.0,1,ASK
2018-12-17 09:58:02,MMM,194.86,2,BID
2018-12-17 09:58:02,MMM,195.0,1,ASK
2018-12-17 09:58:07,MMM,194.99,1,BID
2018-12-17 09:58:07,MMM,195.13,1,ASK
2018-12-17 09:58:08,MMM,195.15,1,BID
2018-12-17 09:58:08,MMM,195.25,1,ASK
2018-12-17 09:58:09,MMM,195.15,1,BID
2018-12-17 09:58:09,MMM,195.28,1,ASK
2018-12-17 09:58:09,MMM,195.15,1,BID
2018-12-17 09:58:09,MMM,195.25,1,ASK
2018-12-17 09:58:11,MMM,195.1,1,BID
2018-12-17 09:58:11,MMM,195.24,4,ASK
2018-12-17 09:58:12,MMM,194.97,1,BID
2018-12-17 09:58:12,MMM,195.2,2,ASK
2018-12-17 09:58:13,MMM,194.97,1,BID
2018-12-17 09:58:12,MMM,195.2,3,ASK
2018-12-17 09:58:13,MMM,194.97,1,BID
2018-12-17 09:58:13,MMM,195.19,1,ASK
2018-12-17 09:58:15,MMM,194.97,1,BID
2018-12-17 09:58:15,MMM,195.19,1,ASK
2018-12-17 09:58:16,MMM,194.97,2,BID
2018-12-17 09:58:16,MMM,195.19,1,ASK
2018-12-17 09:58:16,MMM,194.97,2,BID
2018-12-17 09:58:17,MMM,195.19,1,ASK
2018-12-17 09:58:16,MMM,194.97,2,BID
2018-12-17 09:58:17,MMM,195.19,1,ASK
2018-12-17 09:58:19,MMM,194.97,4,BID
2018-12-17 09:58:19,MMM,195.19,1,ASK
2018-12-17 09:58:20,MMM,195.01,2,BID
2018-12-17 09:58:20,MMM,195.19,2,ASK
2018-12-17 09:58:20,MMM,195.01,2,BID
2018-12-17 09:58:20,MMM,195.19,2,ASK
2018-12-17 09:58:20,MMM,195.01,2,BID
2018-12-17 09:58:20,MMM,195.19,2,ASK
2018-12-17 09:58:20,MMM,195.01,2,BID
2018-12-17 09:58:20,MMM,195.19,2,ASK
2018-12-17 09:58:20,MMM,195.01,2,BID
2018-12-17 09:58:20,MMM,195.19,2,ASK
2018-12-17 09:58:25,MMM,195.06,1,BID
2018-12-17 09:58:25,MMM,195.19,2,ASK
2018-12-17 09:58:25,MMM,195.06,1,BID
2018-12-17 09:58:25,MMM,195.19,2,ASK
2018-12-17 09:58:25,MMM,195.06,1,BID
2018-12-17 09:58:25,MMM,195.19,2,ASK
2018-12-17 09:58:25,MMM,195.06,1,BID
2018-12-17 09:58:25,MMM,195.19,2,ASK
2018-12-17 09:58:25,MMM,195.06,1,BID
2018-12-17 09:58:25,MMM,195.19,2,ASK
2018-12-17 09:58:30,MMM,195.06,1,BID
2018-12-17 09:58:30,MMM,195.19,2,ASK
2018-12-17 09:58:30,MMM,195.06,1,BID
2018-12-17 09:58:30,MMM,195.19,2,ASK
2018-12-17 09:58:30,MMM,195.06,1,BID
2018-12-17 09:58:30,MMM,195.19,2,ASK
2018-12-17 09:58:33,MMM,195.06,2,BID
2018-12-17 09:58:33,MMM,195.19,2,ASK
2018-12-17 09:58:33,MMM,195.06,2,BID
2018-12-17 09:58:33,MMM,195.19,2,ASK
2018-12-17 09:58:35,MMM,195.08,1,BID
2018-12-17 09:58:35,MMM,195.28,1,ASK
2018-12-17 09:58:35,MMM,195.08,1,BID
2018-12-17 09:58:35,MMM,195.28,1,ASK
2018-12-17 09:58:37,MMM,195.08,2,BID
2018-12-17 09:58:37,MMM,195.28,1,ASK
2018-12-17 09:58:37,MMM,195.08,2,BID
2018-12-17 09:58:38,MMM,195.28,1,ASK
2018-12-17 09:58:39,MMM,195.07,1,BID
2018-12-17 09:58:39,MMM,195.28,1,ASK
2018-12-17 09:58:40,MMM,195.15,1,BID
2018-12-17 09:58:40,MMM,195.28,2,ASK
2018-12-17 09:58:41,MMM,195.15,1,BID
2018-12-17 09:58:41,MMM,195.28,2,ASK
2018-12-17 09:58:41,MMM,195.15,1,BID
2018-12-17 09:58:41,MMM,195.28,2,ASK
2018-12-17 09:58:43,MMM,195.15,3,BID
2018-12-17 09:58:43,MMM,195.28,2,ASK
2018-12-17 09:58:43,MMM,195.15,3,BID
2018-12-17 09:58:43,MMM,195.28,2,ASK
2018-12-17 09:58:43,MMM,195.15,3,BID
2018-12-17 09:58:43,MMM,195.28,2,ASK
2018-12-17 09:58:43,MMM,195.15,3,BID
2018-12-17 09:58:43,MMM,195.28,2,ASK
2018-12-17 09:58:47,MMM,195.15,4,BID
2018-12-17 09:58:47,MMM,195.3,1,ASK
2018-12-17 09:58:47,MMM,195.15,4,BID
2018-12-17 09:58:48,MMM,195.3,1,ASK
2018-12-17 09:58:47,MMM,195.15,4,BID
2018-12-17 09:58:48,MMM,195.3,1,ASK
2018-12-17 09:58:47,MMM,195.15,4,BID
2018-12-17 09:58:48,MMM,195.3,1,ASK
2018-12-17 09:58:47,MMM,195.15,4,BID
2018-12-17 09:58:48,MMM,195.3,1,ASK
2018-12-17 09:58:47,MMM,195.15,4,BID
2018-12-17 09:58:48,MMM,195.3,1,ASK
2018-12-17 09:58:47,MMM,195.15,4,BID
2018-12-17 09:58:48,MMM,195.3,1,ASK
2018-12-17 09:58:47,MMM,195.15,4,BID
2018-12-17 09:58:48,MMM,195.3,1,ASK
2018-12-17 09:58:47,MMM,195.15,4,BID
2018-12-17 09:58:48,MMM,195.3,1,ASK
2018-12-17 09:58:47,MMM,195.15,4,BID
2018-12-17 09:58:48,MMM,195.3,1,ASK
2018-12-17 09:58:47,MMM,195.15,4,BID
2018-12-17 09:58:48,MMM,195.3,1,ASK
2018-12-17 09:58:58,MMM,195.15,3,BID
2018-12-17 09:58:58,MMM,195.3,2,ASK
2018-12-17 09:58:58,MMM,195.15,4,BID
2018-12-17 09:58:58,MMM,195.3,2,ASK
2018-12-17 09:58:58,MMM,195.15,4,BID
2018-12-17 09:58:58,MMM,195.3,2,ASK
2018-12-17 09:58:58,MMM,195.15,4,BID
2018-12-17 09:58:58,MMM,195.3,2,ASK
2018-12-17 09:58:58,MMM,195.15,4,BID
2018-12-17 09:58:58,MMM,195.3,2,ASK
2018-12-17 09:58:58,MMM,195.15,4,BID
2018-12-17 09:58:58,MMM,195.3,2,ASK
2018-12-17 09:58:58,MMM,195.15,4,BID
2018-12-17 09:58:58,MMM,195.3,2,ASK
2018-12-17 09:58:58,MMM,195.15,4,BID
2018-12-17 09:58:58,MMM,195.3,2,ASK
2018-12-17 09:58:58,MMM,195.15,4,BID
2018-12-17 09:58:58,MMM,195.3,2,ASK
2018-12-17 09:58:58,MMM,195.15,4,BID
2018-12-17 09:58:58,MMM,195.3,2,ASK
2018-12-17 09:58:58,MMM,195.15,4,BID
2018-12-17 09:58:58,MMM,195.3,2,ASK
2018-12-17 09:58:58,MMM,195.15,4,BID
2018-12-17 09:58:58,MMM,195.3,2,ASK
2018-12-17 09:58:58,MMM,195.15,4,BID
2018-12-17 09:59:10,MMM,195.3,3,ASK
2018-12-17 09:58:58,MMM,195.15,4,BID
2018-12-17 09:59:11,MMM,195.3,3,ASK
2018-12-17 09:58:58,MMM,195.15,5,BID
2018-12-17 09:59:12,MMM,195.3,3,ASK
2018-12-17 09:58:58,MMM,195.15,5,BID
2018-12-17 09:59:12,MMM,195.3,3,ASK
2018-12-17 09:58:48,MMM,195.15,5,BID
2018-12-17 09:59:10,MMM,195.3,3,ASK
2018-12-17 09:58:48,MMM,195.15,4,BID
2018-12-17 09:59:15,MMM,195.3,3,ASK
2018-12-17 09:58:48,MMM,195.15,4,BID
2018-12-17 09:59:16,MMM,195.3,3,ASK
2018-12-17 09:58:48,MMM,195.15,4,BID
2018-12-17 09:59:16,MMM,195.3,3,ASK
2018-12-17 09:58:48,MMM,195.15,4,BID
2018-12-17 09:59:16,MMM,195.3,3,ASK
2018-12-17 09:58:48,MMM,195.15,5,BID
2018-12-17 09:59:19,MMM,195.3,3,ASK
2018-12-17 09:58:48,MMM,195.15,4,BID
2018-12-17 09:59:20,MMM,195.3,3,ASK
2018-12-17 09:58:48,MMM,195.15,5,BID
2018-12-17 09:59:20,MMM,195.3,3,ASK
2018-12-17 09:58:48,MMM,195.15,5,BID
2018-12-17 09:59:20,MMM,195.3,3,ASK
2018-12-17 09:58:35,MMM,195.06,3,BID
2018-12-17 09:59:23,MMM,195.15,2,ASK
2018-12-17 09:58:35,MMM,195.06,3,BID
2018-12-17 09:59:23,MMM,195.15,2,ASK
2018-12-17 09:58:35,MMM,195.06,3,BID
2018-12-17 09:59:23,MMM,195.15,2,ASK
2018-12-17 09:58:35,MMM,195.06,3,BID
2018-12-17 09:59:23,MMM,195.15,2,ASK
2018-12-17 09:59:27,MMM,195.06,3,BID
2018-12-17 09:59:27,MMM,195.15,3,ASK
2018-12-17 09:59:28,MMM,194.97,5,BID
2018-12-17 09:59:28,MMM,195.15,3,ASK
2018-12-17 09:59:28,MMM,194.97,5,BID
2018-12-17 09:59:28,MMM,195.15,3,ASK
2018-12-17 09:59:28,MMM,194.97,6,BID
2018-12-17 09:59:30,MMM,195.13,1,ASK
2018-12-17 09:59:28,MMM,194.97,6,BID
2018-12-17 09:59:30,MMM,195.15,2,ASK
2018-12-17 09:59:32,MMM,194.98,1,BID
2018-12-17 09:59:32,MMM,195.15,2,ASK
2018-12-17 09:59:33,MMM,194.98,1,BID
2018-12-17 09:59:32,MMM,195.15,2,ASK
2018-12-17 09:59:33,MMM,194.98,1,BID
2018-12-17 09:59:32,MMM,195.15,2,ASK
2018-12-17 09:59:33,MMM,194.98,1,BID
2018-12-17 09:59:32,MMM,195.15,2,ASK
2018-12-17 09:59:36,MMM,195.01,1,BID
2018-12-17 09:59:36,MMM,195.15,2,ASK
2018-12-17 09:59:36,MMM,195.01,1,BID
2018-12-17 09:59:36,MMM,195.15,2,ASK
2018-12-17 09:59:36,MMM,195.01,1,BID
2018-12-17 09:59:36,MMM,195.15,2,ASK
2018-12-17 09:59:36,MMM,195.01,1,BID
2018-12-17 09:59:36,MMM,195.15,2,ASK
2018-12-17 09:59:38,MMM,195.01,1,BID
2018-12-17 09:59:36,MMM,195.15,2,ASK
2018-12-17 09:59:38,MMM,195.01,1,BID
2018-12-17 09:59:36,MMM,195.15,2,ASK
2018-12-17 09:59:42,MMM,195.06,1,BID
2018-12-17 09:59:42,MMM,195.15,2,ASK
2018-12-17 09:59:43,MMM,194.98,2,BID
2018-12-17 09:59:43,MMM,195.13,1,ASK
2018-12-17 09:59:28,MMM,194.97,6,BID
2018-12-17 09:59:44,MMM,195.13,3,ASK
2018-12-17 09:59:45,MMM,194.98,1,BID
2018-12-17 09:59:44,MMM,195.13,3,ASK
2018-12-17 09:59:45,MMM,194.98,1,BID
2018-12-17 09:59:44,MMM,195.13,3,ASK
2018-12-17 09:59:45,MMM,194.98,1,BID
2018-12-17 09:59:44,MMM,195.13,3,ASK
2018-12-17 09:59:45,MMM,194.98,1,BID
2018-12-17 09:59:44,MMM,195.13,3,ASK
2018-12-17 09:59:45,MMM,194.98,1,BID
2018-12-17 09:59:44,MMM,195.13,3,ASK
2018-12-17 09:59:50,MMM,195.01,5,BID
2018-12-17 09:59:50,MMM,195.26,1,ASK
2018-12-17 09:59:51,MMM,195.08,3,BID
2018-12-17 09:59:51,MMM,195.26,1,ASK
2018-12-17 09:59:51,MMM,195.08,3,BID
2018-12-17 09:59:51,MMM,195.27,1,ASK
2018-12-17 09:59:51,MMM,195.08,3,BID
2018-12-17 09:59:51,MMM,195.27,1,ASK
2018-12-17 09:59:54,MMM,195.13,5,BID
2018-12-17 09:59:54,MMM,195.41,4,ASK
2018-12-17 09:59:54,MMM,195.13,5,BID
2018-12-17 09:59:54,MMM,195.41,4,ASK
2018-12-17 09:59:55,MMM,195.13,5,BID
2018-12-17 09:59:55,MMM,195.41,4,ASK
2018-12-17 09:59:56,MMM,195.13,6,BID
2018-12-17 09:59:55,MMM,195.41,4,ASK
2018-12-17 09:59:56,MMM,195.13,6,BID
2018-12-17 09:59:55,MMM,195.41,4,ASK
2018-12-17 09:59:59,MMM,195.2,4,BID
2018-12-17 09:59:59,MMM,195.41,1,ASK
2018-12-17 09:59:59,MMM,195.2,4,BID
2018-12-17 10:00:00,MMM,195.56,2,ASK
2018-12-17 09:59:59,MMM,195.2,4,BID
2018-12-17 10:00:00,MMM,195.54,1,ASK
2018-12-17 09:59:59,MMM,195.2,4,BID
2018-12-17 10:00:01,MMM,195.54,1,ASK
2018-12-17 09:59:59,MMM,195.2,4,BID
2018-12-17 10:00:01,MMM,195.44,1,ASK
2018-12-17 09:59:59,MMM,195.2,4,BID
2018-12-17 10:00:01,MMM,195.44,1,ASK
2018-12-17 09:59:59,MMM,195.2,4,BID
2018-12-17 10:00:03,MMM,195.44,1,ASK
2018-12-17 09:59:59,MMM,195.2,4,BID
2018-12-17 10:00:04,MMM,195.44,3,ASK
2018-12-17 09:59:59,MMM,195.2,4,BID
2018-12-17 10:00:04,MMM,195.44,3,ASK
2018-12-17 09:59:59,MMM,195.2,4,BID
2018-12-17 10:00:05,MMM,195.44,3,ASK
2018-12-17 09:59:59,MMM,195.2,4,BID
2018-12-17 10:00:05,MMM,195.44,3,ASK
2018-12-17 09:59:59,MMM,195.2,4,BID
2018-12-17 10:00:07,MMM,195.44,5,ASK
2018-12-17 09:59:59,MMM,195.2,4,BID
2018-12-17 10:00:07,MMM,195.44,5,ASK
2018-12-17 09:59:59,MMM,195.2,4,BID
2018-12-17 10:00:08,MMM,195.44,6,ASK
2018-12-17 09:59:59,MMM,195.2,4,BID
2018-12-17 10:00:08,MMM,195.44,6,ASK
2018-12-17 10:00:10,MMM,195.2,4,BID
2018-12-17 10:00:10,MMM,195.44,6,ASK
2018-12-17 10:00:10,MMM,195.2,4,BID
2018-12-17 10:00:10,MMM,195.44,6,ASK
2018-12-17 10:00:10,MMM,195.2,4,BID
2018-12-17 10:00:10,MMM,195.44,6,ASK
2018-12-17 10:00:15,MMM,195.21,1,BID
2018-12-17 10:00:15,MMM,195.44,5,ASK
2018-12-17 10:00:15,MMM,195.21,1,BID
2018-12-17 10:00:15,MMM,195.44,6,ASK
2018-12-17 10:00:17,MMM,195.21,2,BID
2018-12-17 10:00:17,MMM,195.35,1,ASK
2018-12-17 10:00:19,MMM,195.2,4,BID
2018-12-17 10:00:19,MMM,195.35,1,ASK
2018-12-17 10:00:22,MMM,195.19,3,BID
2018-12-17 10:00:22,MMM,195.35,2,ASK
2018-12-17 10:00:23,MMM,195.03,1,BID
2018-12-17 10:00:23,MMM,195.19,2,ASK
2018-12-17 10:00:23,MMM,195.03,1,BID
2018-12-17 10:00:23,MMM,195.19,2,ASK
2018-12-17 10:00:25,MMM,195.03,1,BID
2018-12-17 10:00:25,MMM,195.19,1,ASK
2018-12-17 10:00:25,MMM,195.03,3,BID
2018-12-17 10:00:25,MMM,195.19,1,ASK
2018-12-17 10:00:26,MMM,195.03,3,BID
2018-12-17 10:00:26,MMM,195.19,2,ASK
2018-12-17 10:00:26,MMM,195.03,3,BID
2018-12-17 10:00:26,MMM,195.19,3,ASK
2018-12-17 10:00:26,MMM,195.03,3,BID
2018-12-17 10:00:26,MMM,195.19,3,ASK
2018-12-17 10:00:26,MMM,195.03,3,BID
2018-12-17 10:00:30,MMM,195.19,2,ASK
2018-12-17 10:00:30,MMM,195.07,1,BID
2018-12-17 10:00:30,MMM,195.19,2,ASK
2018-12-17 10:00:30,MMM,195.07,1,BID
2018-12-17 10:00:30,MMM,195.19,2,ASK
2018-12-17 10:00:30,MMM,195.07,1,BID
2018-12-17 10:00:30,MMM,195.19,2,ASK
2018-12-17 10:00:30,MMM,195.07,1,BID
2018-12-17 10:00:30,MMM,195.19,2,ASK
2018-12-17 10:00:34,MMM,195.07,3,BID
2018-12-17 10:00:34,MMM,195.19,2,ASK
2018-12-17 10:00:34,MMM,195.07,3,BID
2018-12-17 10:00:34,MMM,195.19,2,ASK
2018-12-17 10:00:36,MMM,195.07,4,BID
2018-12-17 10:00:36,MMM,195.19,2,ASK
2018-12-17 10:00:37,MMM,195.07,3,BID
2018-12-17 10:00:37,MMM,195.19,3,ASK
2018-12-17 10:00:38,MMM,195.07,3,BID
2018-12-17 10:00:38,MMM,195.19,2,ASK
2018-12-17 10:00:38,MMM,195.07,3,BID
2018-12-17 10:00:38,MMM,195.19,2,ASK
2018-12-17 10:00:40,MMM,195.07,3,BID
2018-12-17 10:00:40,MMM,195.19,2,ASK
2018-12-17 10:00:40,MMM,195.07,3,BID
2018-12-17 10:00:40,MMM,195.19,2,ASK
2018-12-17 10:00:40,MMM,195.07,3,BID
2018-12-17 10:00:40,MMM,195.19,2,ASK
2018-12-17 10:00:40,MMM,195.07,3,BID
2018-12-17 10:00:40,MMM,195.19,2,ASK
2018-12-17 10:00:40,MMM,195.07,3,BID
2018-12-17 10:00:40,MMM,195.19,2,ASK
2018-12-17 10:00:40,MMM,195.07,3,BID
2018-12-17 10:00:40,MMM,195.19,2,ASK
2018-12-17 10:00:46,MMM,195.07,4,BID
2018-12-17 10:00:46,MMM,195.19,2,ASK
2018-12-17 10:00:47,MMM,195.07,6,BID
2018-12-17 10:00:47,MMM,195.19,2,ASK
2018-12-17 10:00:47,MMM,195.07,6,BID
2018-12-17 10:00:47,MMM,195.19,2,ASK
2018-12-17 10:00:47,MMM,195.07,6,BID
2018-12-17 10:00:47,MMM,195.19,2,ASK
2018-12-17 10:00:47,MMM,195.07,6,BID
2018-12-17 10:00:47,MMM,195.19,2,ASK
2018-12-17 10:00:47,MMM,195.07,6,BID
2018-12-17 10:00:47,MMM,195.19,2,ASK
2018-12-17 10:00:47,MMM,195.07,5,BID
2018-12-17 10:00:53,MMM,195.19,2,ASK
2018-12-17 10:00:47,MMM,195.07,5,BID
2018-12-17 10:00:53,MMM,195.19,2,ASK
2018-12-17 10:00:54,MMM,195.11,1,BID
2018-12-17 10:00:54,MMM,195.28,1,ASK
2018-12-17 10:00:55,MMM,195.21,1,BID
2018-12-17 10:00:55,MMM,195.34,2,ASK
2018-12-17 10:00:55,MMM,195.21,1,BID
2018-12-17 10:00:55,MMM,195.34,2,ASK
2018-12-17 10:00:56,MMM,195.22,1,BID
2018-12-17 10:00:56,MMM,195.34,2,ASK
2018-12-17 10:00:59,MMM,195.26,5,BID
2018-12-17 10:00:59,MMM,195.44,5,ASK
2018-12-17 10:01:00,MMM,195.26,6,BID
2018-12-17 10:01:00,MMM,195.44,3,ASK
2018-12-17 10:01:00,MMM,195.26,6,BID
2018-12-17 10:01:00,MMM,195.44,3,ASK
2018-12-17 10:01:01,MMM,195.26,7,BID
2018-12-17 10:01:00,MMM,195.44,3,ASK
2018-12-17 10:01:03,MMM,195.26,5,BID
2018-12-17 10:01:03,MMM,195.44,4,ASK
2018-12-17 10:01:03,MMM,195.26,5,BID
2018-12-17 10:01:03,MMM,195.44,4,ASK
2018-12-17 10:01:04,MMM,195.26,5,BID
2018-12-17 10:01:04,MMM,195.44,4,ASK
2018-12-17 10:01:04,MMM,195.26,5,BID
2018-12-17 10:01:04,MMM,195.44,4,ASK
2018-12-17 10:01:04,MMM,195.26,5,BID
2018-12-17 10:01:04,MMM,195.44,4,ASK
2018-12-17 10:01:04,MMM,195.26,5,BID
2018-12-17 10:01:04,MMM,195.44,4,ASK
2018-12-17 10:01:08,MMM,195.26,6,BID
2018-12-17 10:01:08,MMM,195.44,3,ASK
2018-12-17 10:01:08,MMM,195.26,6,BID
2018-12-17 10:01:08,MMM,195.44,3,ASK
2018-12-17 10:01:08,MMM,195.26,6,BID
2018-12-17 10:01:08,MMM,195.44,3,ASK
2018-12-17 10:01:08,MMM,195.26,6,BID
2018-12-17 10:01:08,MMM,195.44,3,ASK
2018-12-17 10:01:08,MMM,195.26,6,BID
2018-12-17 10:01:08,MMM,195.44,3,ASK
2018-12-17 10:01:13,MMM,195.26,6,BID
2018-12-17 10:01:08,MMM,195.44,3,ASK
2018-12-17 10:01:04,MMM,195.26,6,BID
2018-12-17 10:01:08,MMM,195.44,3,ASK
2018-12-17 10:01:04,MMM,195.26,6,BID
2018-12-17 10:01:08,MMM,195.44,3,ASK
2018-12-17 10:01:04,MMM,195.26,6,BID
2018-12-17 10:01:08,MMM,195.44,3,ASK
2018-12-17 10:01:04,MMM,195.26,6,BID
2018-12-17 10:01:08,MMM,195.44,3,ASK
2018-12-17 10:01:04,MMM,195.26,6,BID
2018-12-17 10:01:08,MMM,195.44,3,ASK
2018-12-17 10:01:04,MMM,195.26,6,BID
2018-12-17 10:01:08,MMM,195.44,3,ASK
2018-12-17 10:01:20,MMM,195.26,8,BID
2018-12-17 10:01:08,MMM,195.44,3,ASK
2018-12-17 10:01:20,MMM,195.26,8,BID
2018-12-17 10:01:08,MMM,195.44,3,ASK
2018-12-17 10:01:20,MMM,195.26,8,BID
2018-12-17 10:01:08,MMM,195.44,3,ASK
2018-12-17 10:01:20,MMM,195.26,8,BID
2018-12-17 10:01:08,MMM,195.44,3,ASK
2018-12-17 10:01:25,MMM,195.26,8,BID
2018-12-17 10:01:08,MMM,195.44,3,ASK
2018-12-17 10:01:25,MMM,195.26,8,BID
2018-12-17 10:01:08,MMM,195.44,3,ASK
2018-12-17 10:01:25,MMM,195.26,8,BID
2018-12-17 10:01:08,MMM,195.44,3,ASK
2018-12-17 10:01:25,MMM,195.26,8,BID
2018-12-17 10:01:28,MMM,195.43,1,ASK
2018-12-17 10:01:25,MMM,195.26,8,BID
2018-12-17 10:01:28,MMM,195.43,1,ASK
2018-12-17 10:01:25,MMM,195.26,8,BID
2018-12-17 10:01:30,MMM,195.43,1,ASK
2018-12-17 10:01:25,MMM,195.26,8,BID
2018-12-17 10:01:30,MMM,195.43,1,ASK
2018-12-17 10:01:25,MMM,195.26,8,BID
2018-12-17 10:01:32,MMM,195.43,1,ASK
2018-12-17 10:01:33,MMM,195.27,1,BID
2018-12-17 10:01:33,MMM,195.43,1,ASK
2018-12-17 10:01:34,MMM,195.27,3,BID
2018-12-17 10:01:34,MMM,195.43,3,ASK
2018-12-17 10:01:34,MMM,195.27,3,BID
2018-12-17 10:01:34,MMM,195.43,3,ASK
2018-12-17 10:01:34,MMM,195.27,3,BID
2018-12-17 10:01:34,MMM,195.43,3,ASK
2018-12-17 10:01:34,MMM,195.27,3,BID
2018-12-17 10:01:34,MMM,195.43,3,ASK
2018-12-17 10:01:34,MMM,195.27,3,BID
2018-12-17 10:01:34,MMM,195.43,3,ASK
2018-12-17 10:01:34,MMM,195.27,3,BID
2018-12-17 10:01:34,MMM,195.43,3,ASK
2018-12-17 10:01:34,MMM,195.27,3,BID
2018-12-17 10:01:34,MMM,195.43,3,ASK
2018-12-17 10:01:40,MMM,195.27,3,BID
2018-12-17 10:01:40,MMM,195.43,3,ASK
2018-12-17 10:01:41,MMM,195.27,3,BID
2018-12-17 10:01:41,MMM,195.43,3,ASK
2018-12-17 10:01:41,MMM,195.27,3,BID
2018-12-17 10:01:41,MMM,195.43,3,ASK
2018-12-17 10:01:41,MMM,195.27,3,BID
2018-12-17 10:01:41,MMM,195.43,3,ASK
2018-12-17 10:01:45,MMM,195.27,4,BID
2018-12-17 10:01:45,MMM,195.43,3,ASK
2018-12-17 10:01:45,MMM,195.27,5,BID
2018-12-17 10:01:45,MMM,195.43,3,ASK
2018-12-17 10:01:45,MMM,195.27,5,BID
2018-12-17 10:01:45,MMM,195.43,3,ASK
2018-12-17 10:01:45,MMM,195.27,5,BID
2018-12-17 10:01:45,MMM,195.43,3,ASK
2018-12-17 10:01:49,MMM,195.38,1,BID
2018-12-17 10:01:49,MMM,195.53,3,ASK
2018-12-17 10:01:50,MMM,195.38,1,BID
2018-12-17 10:01:50,MMM,195.53,4,ASK
2018-12-17 10:01:51,MMM,195.38,2,BID
2018-12-17 10:01:51,MMM,195.53,6,ASK
2018-12-17 10:01:52,MMM,195.29,5,BID
2018-12-17 10:01:52,MMM,195.44,1,ASK
2018-12-17 10:01:53,MMM,195.29,6,BID
2018-12-17 10:01:53,MMM,195.44,3,ASK
2018-12-17 10:01:54,MMM,195.29,6,BID
2018-12-17 10:01:53,MMM,195.44,3,ASK
2018-12-17 10:01:54,MMM,195.29,6,BID
2018-12-17 10:01:53,MMM,195.44,3,ASK
2018-12-17 10:01:55,MMM,195.29,6,BID
2018-12-17 10:01:55,MMM,195.44,4,ASK
2018-12-17 10:01:56,MMM,195.29,6,BID
2018-12-17 10:01:56,MMM,195.43,1,ASK
2018-12-17 10:01:58,MMM,195.39,1,BID
2018-12-17 10:01:58,MMM,195.43,2,ASK
2018-12-17 10:01:58,MMM,195.39,5,BID
2018-12-17 10:01:58,MMM,195.53,7,ASK
2018-12-17 10:01:58,MMM,195.39,5,BID
2018-12-17 10:02:00,MMM,195.53,7,ASK
2018-12-17 10:01:58,MMM,195.39,5,BID
2018-12-17 10:02:00,MMM,195.53,7,ASK
2018-12-17 10:01:58,MMM,195.39,5,BID
2018-12-17 10:02:00,MMM,195.53,7,ASK
2018-12-17 10:01:58,MMM,195.39,6,BID
2018-12-17 10:02:03,MMM,195.53,7,ASK
2018-12-17 10:01:58,MMM,195.39,6,BID
2018-12-17 10:02:03,MMM,195.53,7,ASK
2018-12-17 10:01:58,MMM,195.39,6,BID
2018-12-17 10:02:03,MMM,195.53,7,ASK
2018-12-17 10:01:58,MMM,195.39,6,BID
2018-12-17 10:02:03,MMM,195.53,7,ASK
2018-12-17 10:01:58,MMM,195.39,6,BID
2018-12-17 10:02:03,MMM,195.53,7,ASK
2018-12-17 10:01:58,MMM,195.39,6,BID
2018-12-17 10:02:03,MMM,195.53,7,ASK
2018-12-17 10:01:58,MMM,195.39,6,BID
2018-12-17 10:02:03,MMM,195.53,7,ASK
2018-12-17 10:01:58,MMM,195.39,6,BID
2018-12-17 10:02:03,MMM,195.53,7,ASK
2018-12-17 10:01:58,MMM,195.39,6,BID
2018-12-17 10:02:03,MMM,195.53,7,ASK
2018-12-17 10:01:58,MMM,195.39,6,BID
2018-12-17 10:02:03,MMM,195.53,7,ASK
2018-12-17 10:01:58,MMM,195.39,6,BID
2018-12-17 10:02:03,MMM,195.53,7,ASK
2018-12-17 10:01:58,MMM,195.39,6,BID
2018-12-17 10:02:03,MMM,195.53,7,ASK
2018-12-17 10:01:58,MMM,195.39,6,BID
2018-12-17 10:01:50,MMM,195.53,7,ASK
2018-12-17 10:02:16,MMM,195.25,3,BID
2018-12-17 10:02:16,MMM,195.39,2,ASK
2018-12-17 10:02:17,MMM,195.35,1,BID
2018-12-17 10:02:17,MMM,195.45,1,ASK
2018-12-17 10:02:18,MMM,195.35,3,BID
2018-12-17 10:02:18,MMM,195.45,1,ASK
2018-12-17 10:02:18,MMM,195.35,3,BID
2018-12-17 10:02:18,MMM,195.46,1,ASK
2018-12-17 10:02:18,MMM,195.35,3,BID
2018-12-17 10:02:18,MMM,195.46,1,ASK
2018-12-17 10:02:18,MMM,195.35,3,BID
2018-12-17 10:02:18,MMM,195.46,1,ASK
2018-12-17 10:02:18,MMM,195.35,3,BID
2018-12-17 10:02:18,MMM,195.46,1,ASK
2018-12-17 10:02:18,MMM,195.35,3,BID
2018-12-17 10:02:18,MMM,195.46,1,ASK
2018-12-17 10:02:18,MMM,195.35,3,BID
2018-12-17 10:02:18,MMM,195.46,1,ASK
2018-12-17 10:02:18,MMM,195.35,3,BID
2018-12-17 10:02:18,MMM,195.46,1,ASK
2018-12-17 10:02:18,MMM,195.35,3,BID
2018-12-17 10:02:18,MMM,195.46,1,ASK
2018-12-17 10:02:18,MMM,195.35,3,BID
2018-12-17 10:02:18,MMM,195.46,1,ASK
2018-12-17 10:02:18,MMM,195.35,3,BID
2018-12-17 10:02:18,MMM,195.46,1,ASK
2018-12-17 10:02:18,MMM,195.35,3,BID
2018-12-17 10:02:18,MMM,195.46,1,ASK
2018-12-17 10:02:30,MMM,195.35,3,BID
2018-12-17 10:02:30,MMM,195.46,1,ASK
2018-12-17 10:02:30,MMM,195.35,3,BID
2018-12-17 10:02:30,MMM,195.46,1,ASK
2018-12-17 10:02:32,MMM,195.36,1,BID
2018-12-17 10:02:32,MMM,195.46,1,ASK
2018-12-17 10:02:32,MMM,195.36,1,BID
2018-12-17 10:02:32,MMM,195.46,1,ASK
2018-12-17 10:02:32,MMM,195.36,1,BID
2018-12-17 10:02:32,MMM,195.46,1,ASK
2018-12-17 10:02:35,MMM,195.37,1,BID
2018-12-17 10:02:35,MMM,195.53,1,ASK
2018-12-17 10:02:35,MMM,195.37,2,BID
2018-12-17 10:02:35,MMM,195.53,1,ASK
2018-12-17 10:02:37,MMM,195.37,4,BID
2018-12-17 10:02:37,MMM,195.53,2,ASK
2018-12-17 10:02:38,MMM,195.37,4,BID
2018-12-17 10:02:38,MMM,195.52,1,ASK
2018-12-17 10:02:39,MMM,195.37,4,BID
2018-12-17 10:02:39,MMM,195.52,3,ASK
2018-12-17 10:02:39,MMM,195.37,4,BID
2018-12-17 10:02:39,MMM,195.52,3,ASK
2018-12-17 10:02:39,MMM,195.37,4,BID
2018-12-17 10:02:39,MMM,195.52,3,ASK
2018-12-17 10:02:39,MMM,195.37,4,BID
2018-12-17 10:02:39,MMM,195.52,3,ASK
2018-12-17 10:02:43,MMM,195.37,4,BID
2018-12-17 10:02:43,MMM,195.52,2,ASK
2018-12-17 10:02:44,MMM,195.35,3,BID
2018-12-17 10:02:44,MMM,195.51,1,ASK
2018-12-17 10:02:45,MMM,195.37,1,BID
2018-12-17 10:02:45,MMM,195.51,2,ASK
2018-12-17 10:02:45,MMM,195.37,1,BID
2018-12-17 10:02:45,MMM,195.51,2,ASK
2018-12-17 10:02:47,MMM,195.37,1,BID
2018-12-17 10:02:47,MMM,195.51,2,ASK
2018-12-17 10:02:48,MMM,195.36,1,BID
2018-12-17 10:02:48,MMM,195.47,1,ASK
2018-12-17 10:02:49,MMM,195.37,2,BID
2018-12-17 10:02:49,MMM,195.47,1,ASK
2018-12-17 10:02:49,MMM,195.37,2,BID
2018-12-17 10:02:49,MMM,195.47,1,ASK
2018-12-17 10:02:51,MMM,195.37,2,BID
2018-12-17 10:02:51,MMM,195.47,2,ASK
2018-12-17 10:02:52,MMM,195.35,3,BID
2018-12-17 10:02:52,MMM,195.47,3,ASK
2018-12-17 10:02:53,MMM,195.35,2,BID
2018-12-17 10:02:53,MMM,195.47,3,ASK
2018-12-17 10:02:53,MMM,195.35,2,BID
2018-12-17 10:02:53,MMM,195.47,3,ASK
2018-12-17 10:02:53,MMM,195.35,2,BID
2018-12-17 10:02:53,MMM,195.47,3,ASK
2018-12-17 10:02:56,MMM,195.26,1,BID
2018-12-17 10:02:56,MMM,195.45,1,ASK
2018-12-17 10:02:57,MMM,195.27,2,BID
2018-12-17 10:02:57,MMM,195.45,1,ASK
2018-12-17 10:02:57,MMM,195.27,2,BID
2018-12-17 10:02:57,MMM,195.45,1,ASK
2018-12-17 10:02:57,MMM,195.27,2,BID
2018-12-17 10:02:57,MMM,195.45,1,ASK
2018-12-17 10:03:00,MMM,195.27,2,BID
2018-12-17 10:03:00,MMM,195.45,1,ASK
2018-12-17 10:03:01,MMM,195.27,3,BID
2018-12-17 10:03:01,MMM,195.45,2,ASK
2018-12-17 10:03:01,MMM,195.27,3,BID
2018-12-17 10:03:01,MMM,195.45,2,ASK
2018-12-17 10:03:01,MMM,195.27,3,BID
2018-12-17 10:03:01,MMM,195.45,2,ASK
2018-12-17 10:03:01,MMM,195.27,3,BID
2018-12-17 10:03:01,MMM,195.45,2,ASK
2018-12-17 10:03:01,MMM,195.27,3,BID
2018-12-17 10:03:01,MMM,195.45,2,ASK
2018-12-17 10:03:06,MMM,195.35,1,BID
2018-12-17 10:03:06,MMM,195.45,2,ASK
2018-12-17 10:03:06,MMM,195.35,1,BID
2018-12-17 10:03:06,MMM,195.45,2,ASK
2018-12-17 10:03:06,MMM,195.35,1,BID
2018-12-17 10:03:06,MMM,195.45,2,ASK
2018-12-17 10:03:06,MMM,195.35,1,BID
2018-12-17 10:03:06,MMM,195.45,2,ASK
2018-12-17 10:03:06,MMM,195.35,1,BID
2018-12-17 10:03:06,MMM,195.45,2,ASK
2018-12-17 10:03:10,MMM,195.35,2,BID
2018-12-17 10:03:10,MMM,195.45,2,ASK
2018-12-17 10:03:10,MMM,195.35,2,BID
2018-12-17 10:03:10,MMM,195.45,2,ASK
2018-12-17 10:03:10,MMM,195.35,2,BID
2018-12-17 10:03:10,MMM,195.45,2,ASK
2018-12-17 10:03:10,MMM,195.35,2,BID
2018-12-17 10:03:10,MMM,195.45,2,ASK
2018-12-17 10:03:10,MMM,195.35,2,BID
