timestamp,ticker,price,volume,bid_ask
2018-12-17 09:40:36,MRK,75.51,2,BID
2018-12-17 09:40:36,MRK,75.54,9,ASK
2018-12-17 09:40:36,MRK,75.51,5,BID
2018-12-17 09:40:37,MRK,75.54,9,ASK
2018-12-17 09:40:36,MRK,75.51,6,BID
2018-12-17 09:40:38,MRK,75.55,5,ASK
2018-12-17 09:40:39,MRK,75.54,3,BID
2018-12-17 09:40:39,MRK,75.55,6,ASK
2018-12-17 09:40:40,MRK,75.55,1,BID
2018-12-17 09:38:29,MRK,75.57,7,ASK
2018-12-17 09:40:41,MRK,75.57,2,BID
2018-12-17 09:40:41,MRK,75.58,7,ASK
2018-12-17 09:40:41,MRK,75.57,4,BID
2018-12-17 09:40:41,MRK,75.58,8,ASK
2018-12-17 09:40:42,MRK,75.58,1,BID
2018-12-17 09:40:42,MRK,75.59,8,ASK
2018-12-17 09:40:44,MRK,75.59,3,BID
2018-12-17 09:40:44,MRK,75.61,13,ASK
2018-12-17 09:40:44,MRK,75.58,9,BID
2018-12-17 09:40:44,MRK,75.61,13,ASK
2018-12-17 09:40:46,MRK,75.58,10,BID
2018-12-17 09:40:46,MRK,75.6,2,ASK
2018-12-17 09:40:47,MRK,75.6,2,BID
2018-12-17 09:40:45,MRK,75.61,12,ASK
2018-12-17 09:40:47,MRK,75.6,2,BID
2018-12-17 09:40:45,MRK,75.61,13,ASK
2018-12-17 09:40:49,MRK,75.59,6,BID
2018-12-17 09:40:49,MRK,75.61,12,ASK
2018-12-17 09:40:49,MRK,75.58,11,BID
2018-12-17 09:40:49,MRK,75.61,13,ASK
2018-12-17 09:40:50,MRK,75.59,4,BID
2018-12-17 09:40:50,MRK,75.61,12,ASK
2018-12-17 09:40:50,MRK,75.59,4,BID
2018-12-17 09:40:50,MRK,75.61,12,ASK
2018-12-17 09:40:52,MRK,75.59,7,BID
2018-12-17 09:40:52,MRK,75.62,4,ASK
2018-12-17 09:40:53,MRK,75.6,2,BID
2018-12-17 09:40:53,MRK,75.63,9,ASK
2018-12-17 09:40:55,MRK,75.6,3,BID
2018-12-17 09:40:55,MRK,75.62,2,ASK
2018-12-17 09:40:56,MRK,75.6,10,BID
2018-12-17 09:40:56,MRK,75.63,8,ASK
2018-12-17 09:40:56,MRK,75.6,11,BID
2018-12-17 09:40:56,MRK,75.63,9,ASK
2018-12-17 09:40:56,MRK,75.6,11,BID
2018-12-17 09:40:56,MRK,75.63,9,ASK
2018-12-17 09:40:56,MRK,75.6,11,BID
2018-12-17 09:40:56,MRK,75.63,9,ASK
2018-12-17 09:41:00,MRK,75.62,4,BID
2018-12-17 09:41:00,MRK,75.63,3,ASK
2018-12-17 09:41:01,MRK,75.63,1,BID
2018-12-17 09:41:01,MRK,75.64,2,ASK
2018-12-17 09:41:00,MRK,75.62,7,BID
2018-12-17 09:41:01,MRK,75.65,8,ASK
2018-12-17 09:41:03,MRK,75.63,3,BID
2018-12-17 09:41:01,MRK,75.65,10,ASK
2018-12-17 09:41:04,MRK,75.63,6,BID
2018-12-17 09:41:01,MRK,75.65,9,ASK
2018-12-17 09:41:04,MRK,75.63,6,BID
2018-12-17 09:41:01,MRK,75.65,10,ASK
2018-12-17 09:41:05,MRK,75.63,6,BID
2018-12-17 09:41:01,MRK,75.65,11,ASK
2018-12-17 09:41:05,MRK,75.63,6,BID
2018-12-17 09:41:01,MRK,75.65,11,ASK
2018-12-17 09:41:07,MRK,75.66,8,BID
2018-12-17 09:41:08,MRK,75.68,6,ASK
2018-12-17 09:41:08,MRK,75.66,10,BID
2018-12-17 09:41:08,MRK,75.68,1,ASK
2018-12-17 09:41:08,MRK,75.66,10,BID
2018-12-17 09:41:08,MRK,75.68,1,ASK
2018-12-17 09:41:08,MRK,75.66,10,BID
2018-12-17 09:41:10,MRK,75.67,1,ASK
2018-12-17 09:41:11,MRK,75.66,2,BID
2018-12-17 09:41:11,MRK,75.67,3,ASK
2018-12-17 09:41:12,MRK,75.63,9,BID
2018-12-17 09:41:12,MRK,75.65,5,ASK
2018-12-17 09:41:12,MRK,75.63,9,BID
2018-12-17 09:41:14,MRK,75.65,7,ASK
2018-12-17 09:40:52,MRK,75.59,6,BID
2018-12-17 09:41:14,MRK,75.61,3,ASK
2018-12-17 09:41:15,MRK,75.58,11,BID
2018-12-17 09:41:15,MRK,75.6,2,ASK
2018-12-17 09:41:16,MRK,75.56,5,BID
2018-12-17 09:41:16,MRK,75.57,2,ASK
2018-12-17 09:41:16,MRK,75.56,3,BID
2018-12-17 09:41:17,MRK,75.58,3,ASK
2018-12-17 09:41:18,MRK,75.56,1,BID
2018-12-17 09:41:18,MRK,75.57,6,ASK
2018-12-17 09:41:20,MRK,75.53,2,BID
2018-12-17 09:41:20,MRK,75.56,5,ASK
2018-12-17 09:41:21,MRK,75.55,1,BID
2018-12-17 09:41:20,MRK,75.56,5,ASK
2018-12-17 09:41:22,MRK,75.55,3,BID
2018-12-17 09:41:22,MRK,75.57,7,ASK
2018-12-17 09:41:22,MRK,75.55,4,BID
2018-12-17 09:41:22,MRK,75.57,8,ASK
2018-12-17 09:41:23,MRK,75.55,4,BID
2018-12-17 09:41:22,MRK,75.57,7,ASK
2018-12-17 09:41:23,MRK,75.55,4,BID
2018-12-17 09:41:22,MRK,75.57,7,ASK
2018-12-17 09:41:26,MRK,75.56,2,BID
2018-12-17 09:41:26,MRK,75.57,8,ASK
2018-12-17 09:41:27,MRK,75.57,2,BID
2018-12-17 09:41:27,MRK,75.59,4,ASK
2018-12-17 09:41:28,MRK,75.57,2,BID
2018-12-17 09:41:28,MRK,75.59,3,ASK
2018-12-17 09:41:29,MRK,75.57,3,BID
2018-12-17 09:41:29,MRK,75.62,6,ASK
2018-12-17 09:41:30,MRK,75.57,2,BID
2018-12-17 09:41:29,MRK,75.62,6,ASK
2018-12-17 09:41:30,MRK,75.58,7,BID
2018-12-17 09:41:30,MRK,75.62,8,ASK
2018-12-17 09:41:31,MRK,75.58,4,BID
2018-12-17 09:41:31,MRK,75.61,3,ASK
2018-12-17 09:41:32,MRK,75.58,6,BID
2018-12-17 09:41:31,MRK,75.62,10,ASK
2018-12-17 09:41:34,MRK,75.58,8,BID
2018-12-17 09:41:31,MRK,75.62,9,ASK
2018-12-17 09:41:34,MRK,75.58,8,BID
2018-12-17 09:41:31,MRK,75.62,9,ASK
2018-12-17 09:41:34,MRK,75.58,8,BID
2018-12-17 09:41:35,MRK,75.6,1,ASK
2018-12-17 09:41:36,MRK,75.58,8,BID
2018-12-17 09:41:37,MRK,75.6,1,ASK
2018-12-17 09:41:38,MRK,75.58,1,BID
2018-12-17 09:41:38,MRK,75.6,7,ASK
2018-12-17 09:41:38,MRK,75.57,1,BID
2018-12-17 09:41:38,MRK,75.6,7,ASK
2018-12-17 09:41:39,MRK,75.57,3,BID
2018-12-17 09:41:38,MRK,75.6,7,ASK
2018-12-17 09:41:40,MRK,75.57,4,BID
2018-12-17 09:41:38,MRK,75.6,7,ASK
2018-12-17 09:41:42,MRK,75.57,8,BID
2018-12-17 09:41:38,MRK,75.6,8,ASK
2018-12-17 09:41:42,MRK,75.57,10,BID
2018-12-17 09:41:38,MRK,75.6,8,ASK
2018-12-17 09:41:43,MRK,75.58,1,BID
2018-12-17 09:41:43,MRK,75.6,7,ASK
2018-12-17 09:41:45,MRK,75.58,2,BID
2018-12-17 09:41:43,MRK,75.6,7,ASK
2018-12-17 09:41:46,MRK,75.58,4,BID
2018-12-17 09:41:46,MRK,75.61,4,ASK
2018-12-17 09:41:46,MRK,75.58,5,BID
2018-12-17 09:41:47,MRK,75.61,4,ASK
2018-12-17 09:41:46,MRK,75.58,5,BID
2018-12-17 09:41:47,MRK,75.61,4,ASK
2018-12-17 09:41:49,MRK,75.59,3,BID
2018-12-17 09:41:47,MRK,75.61,4,ASK
2018-12-17 09:41:49,MRK,75.61,3,BID
2018-12-17 09:41:49,MRK,75.62,1,ASK
2018-12-17 09:41:51,MRK,75.59,8,BID
2018-12-17 09:41:50,MRK,75.63,9,ASK
2018-12-17 09:41:52,MRK,75.59,8,BID
2018-12-17 09:41:50,MRK,75.63,9,ASK
2018-12-17 09:41:52,MRK,75.61,4,BID
2018-12-17 09:41:52,MRK,75.64,4,ASK
2018-12-17 09:41:53,MRK,75.61,10,BID
2018-12-17 09:41:53,MRK,75.64,5,ASK
2018-12-17 09:41:53,MRK,75.61,10,BID
2018-12-17 09:41:53,MRK,75.64,5,ASK
2018-12-17 09:41:54,MRK,75.62,1,BID
2018-12-17 09:41:54,MRK,75.64,7,ASK
2018-12-17 09:41:56,MRK,75.62,5,BID
2018-12-17 09:41:56,MRK,75.65,1,ASK
2018-12-17 09:41:56,MRK,75.62,6,BID
2018-12-17 09:41:58,MRK,75.65,1,ASK
2018-12-17 09:41:58,MRK,75.62,6,BID
2018-12-17 09:41:58,MRK,75.64,5,ASK
2018-12-17 09:41:59,MRK,75.63,3,BID
2018-12-17 09:41:59,MRK,75.64,2,ASK
2018-12-17 09:42:00,MRK,75.61,9,BID
2018-12-17 09:42:01,MRK,75.62,9,ASK
2018-12-17 09:42:02,MRK,75.61,9,BID
2018-12-17 09:42:02,MRK,75.62,4,ASK
2018-12-17 09:42:02,MRK,75.61,10,BID
2018-12-17 09:42:02,MRK,75.62,4,ASK
2018-12-17 09:42:03,MRK,75.58,8,BID
2018-12-17 09:42:03,MRK,75.59,6,ASK
2018-12-17 09:41:38,MRK,75.56,10,BID
2018-12-17 09:42:05,MRK,75.57,5,ASK
2018-12-17 09:42:06,MRK,75.53,5,BID
2018-12-17 09:42:06,MRK,75.54,5,ASK
2018-12-17 09:42:06,MRK,75.54,2,BID
2018-12-17 09:42:06,MRK,75.55,2,ASK
2018-12-17 09:42:08,MRK,75.54,6,BID
2018-12-17 09:42:08,MRK,75.58,9,ASK
2018-12-17 09:42:09,MRK,75.54,6,BID
2018-12-17 09:42:08,MRK,75.58,11,ASK
2018-12-17 09:42:10,MRK,75.55,3,BID
2018-12-17 09:42:08,MRK,75.58,11,ASK
2018-12-17 09:42:10,MRK,75.55,3,BID
2018-12-17 09:42:10,MRK,75.58,12,ASK
2018-12-17 09:42:12,MRK,75.56,3,BID
2018-12-17 09:42:05,MRK,75.58,12,ASK
2018-12-17 09:42:13,MRK,75.56,3,BID
2018-12-17 09:42:13,MRK,75.59,3,ASK
2018-12-17 09:42:13,MRK,75.56,5,BID
2018-12-17 09:42:13,MRK,75.6,4,ASK
2018-12-17 09:42:13,MRK,75.56,5,BID
2018-12-17 09:42:13,MRK,75.6,4,ASK
2018-12-17 09:42:16,MRK,75.56,5,BID
2018-12-17 09:42:16,MRK,75.59,4,ASK
2018-12-17 09:42:16,MRK,75.56,6,BID
2018-12-17 09:42:16,MRK,75.59,4,ASK
2018-12-17 09:42:18,MRK,75.57,2,BID
2018-12-17 09:42:18,MRK,75.6,4,ASK
2018-12-17 09:42:19,MRK,75.57,3,BID
2018-12-17 09:42:19,MRK,75.6,4,ASK
2018-12-17 09:42:19,MRK,75.56,7,BID
2018-12-17 09:42:19,MRK,75.6,7,ASK
2018-12-17 09:42:20,MRK,75.56,7,BID
2018-12-17 09:42:20,MRK,75.59,4,ASK
2018-12-17 09:42:22,MRK,75.55,5,BID
2018-12-17 09:42:22,MRK,75.58,7,ASK
2018-12-17 09:42:22,MRK,75.55,5,BID
2018-12-17 09:42:23,MRK,75.58,9,ASK
2018-12-17 09:42:22,MRK,75.55,5,BID
2018-12-17 09:42:24,MRK,75.57,1,ASK
2018-12-17 09:42:22,MRK,75.55,5,BID
2018-12-17 09:42:25,MRK,75.57,3,ASK
2018-12-17 09:42:26,MRK,75.54,1,BID
2018-12-17 09:42:26,MRK,75.55,7,ASK
2018-12-17 09:42:26,MRK,75.54,1,BID
2018-12-17 09:42:26,MRK,75.55,6,ASK
2018-12-17 09:42:28,MRK,75.54,2,BID
2018-12-17 09:42:28,MRK,75.55,8,ASK
2018-12-17 09:42:29,MRK,75.57,1,BID
2018-12-17 09:42:29,MRK,75.58,10,ASK
2018-12-17 09:42:30,MRK,75.57,2,BID
2018-12-17 09:42:30,MRK,75.59,7,ASK
2018-12-17 09:42:30,MRK,75.57,2,BID
2018-12-17 09:42:30,MRK,75.59,6,ASK
2018-12-17 09:42:32,MRK,75.58,1,BID
2018-12-17 09:42:30,MRK,75.59,6,ASK
2018-12-17 09:42:33,MRK,75.57,2,BID
2018-12-17 09:42:33,MRK,75.59,5,ASK
2018-12-17 09:42:34,MRK,75.56,5,BID
2018-12-17 09:42:34,MRK,75.57,1,ASK
2018-12-17 09:42:35,MRK,75.57,2,BID
2018-12-17 09:42:35,MRK,75.58,1,ASK
2018-12-17 09:42:36,MRK,75.57,2,BID
2018-12-17 09:42:34,MRK,75.59,13,ASK
2018-12-17 09:42:37,MRK,75.56,7,BID
2018-12-17 09:42:37,MRK,75.58,3,ASK
2018-12-17 09:42:38,MRK,75.55,7,BID
2018-12-17 09:42:38,MRK,75.58,9,ASK
2018-12-17 09:42:39,MRK,75.57,2,BID
2018-12-17 09:42:39,MRK,75.58,10,ASK
2018-12-17 09:42:40,MRK,75.56,2,BID
2018-12-17 09:42:40,MRK,75.56,1,ASK
2018-12-17 09:42:38,MRK,75.55,8,BID
2018-12-17 09:42:40,MRK,75.58,10,ASK
2018-12-17 09:42:38,MRK,75.55,10,BID
2018-12-17 09:42:42,MRK,75.58,1,ASK
2018-12-17 09:42:43,MRK,75.56,1,BID
2018-12-17 09:42:37,MRK,75.59,15,ASK
2018-12-17 09:42:44,MRK,75.56,1,BID
2018-12-17 09:42:37,MRK,75.59,16,ASK
2018-12-17 09:42:38,MRK,75.55,9,BID
2018-12-17 09:42:45,MRK,75.58,6,ASK
2018-12-17 09:42:46,MRK,75.56,4,BID
2018-12-17 09:42:37,MRK,75.59,15,ASK
2018-12-17 09:42:47,MRK,75.56,4,BID
2018-12-17 09:42:37,MRK,75.59,14,ASK
2018-12-17 09:42:48,MRK,75.56,5,BID
2018-12-17 09:42:37,MRK,75.59,14,ASK
2018-12-17 09:42:49,MRK,75.57,1,BID
2018-12-17 09:42:37,MRK,75.59,14,ASK
2018-12-17 09:42:50,MRK,75.57,4,BID
2018-12-17 09:42:50,MRK,75.59,11,ASK
2018-12-17 09:42:50,MRK,75.59,3,BID
2018-12-17 09:42:50,MRK,75.6,8,ASK
2018-12-17 09:42:52,MRK,75.6,3,BID
2018-12-17 09:42:52,MRK,75.62,5,ASK
2018-12-17 09:42:53,MRK,75.6,4,BID
2018-12-17 09:42:53,MRK,75.62,5,ASK
2018-12-17 09:42:54,MRK,75.61,4,BID
2018-12-17 09:42:54,MRK,75.63,4,ASK
2018-12-17 09:42:55,MRK,75.62,4,BID
2018-12-17 09:42:55,MRK,75.64,1,ASK
2018-12-17 09:42:56,MRK,75.63,4,BID
2018-12-17 09:42:55,MRK,75.65,4,ASK
2018-12-17 09:42:57,MRK,75.63,3,BID
2018-12-17 09:42:57,MRK,75.64,6,ASK
2018-12-17 09:42:58,MRK,75.63,4,BID
2018-12-17 09:42:57,MRK,75.64,4,ASK
2018-12-17 09:42:59,MRK,75.61,3,BID
2018-12-17 09:42:59,MRK,75.62,4,ASK
2018-12-17 09:43:00,MRK,75.6,3,BID
2018-12-17 09:43:00,MRK,75.61,2,ASK
2018-12-17 09:43:00,MRK,75.6,5,BID
2018-12-17 09:43:01,MRK,75.64,5,ASK
2018-12-17 09:43:02,MRK,75.61,2,BID
2018-12-17 09:43:02,MRK,75.63,5,ASK
2018-12-17 09:43:00,MRK,75.6,5,BID
2018-12-17 09:43:02,MRK,75.63,9,ASK
2018-12-17 09:43:04,MRK,75.6,1,BID
2018-12-17 09:43:04,MRK,75.62,9,ASK
2018-12-17 09:43:05,MRK,75.6,1,BID
2018-12-17 09:43:05,MRK,75.61,4,ASK
2018-12-17 09:43:06,MRK,75.59,7,BID
2018-12-17 09:43:06,MRK,75.61,7,ASK
2018-12-17 09:43:07,MRK,75.59,7,BID
2018-12-17 09:43:06,MRK,75.61,8,ASK
2018-12-17 09:43:07,MRK,75.59,7,BID
2018-12-17 09:43:06,MRK,75.61,8,ASK
2018-12-17 09:42:50,MRK,75.58,4,BID
2018-12-17 09:43:09,MRK,75.59,5,ASK
2018-12-17 09:43:10,MRK,75.58,5,BID
2018-12-17 09:43:10,MRK,75.6,5,ASK
2018-12-17 09:43:11,MRK,75.59,3,BID
2018-12-17 09:43:11,MRK,75.61,7,ASK
2018-12-17 09:43:11,MRK,75.59,3,BID
2018-12-17 09:43:06,MRK,75.61,7,ASK
2018-12-17 09:43:10,MRK,75.58,5,BID
2018-12-17 09:43:13,MRK,75.6,6,ASK
2018-12-17 09:43:14,MRK,75.58,4,BID
2018-12-17 09:43:13,MRK,75.6,6,ASK
2018-12-17 09:43:14,MRK,75.58,7,BID
2018-12-17 09:43:15,MRK,75.61,6,ASK
2018-12-17 09:43:14,MRK,75.58,8,BID
2018-12-17 09:43:16,MRK,75.6,5,ASK
2018-12-17 09:43:17,MRK,75.57,5,BID
2018-12-17 09:43:17,MRK,75.58,4,ASK
2018-12-17 09:43:18,MRK,75.57,5,BID
2018-12-17 09:43:18,MRK,75.58,5,ASK
2018-12-17 09:43:19,MRK,75.54,3,BID
2018-12-17 09:43:19,MRK,75.55,3,ASK
2018-12-17 09:43:19,MRK,75.52,3,BID
2018-12-17 09:43:19,MRK,75.53,2,ASK
2018-12-17 09:43:19,MRK,75.52,5,BID
2018-12-17 09:43:19,MRK,75.53,2,ASK
2018-12-17 09:43:20,MRK,75.48,6,BID
2018-12-17 09:43:20,MRK,75.51,6,ASK
2018-12-17 09:43:21,MRK,75.49,3,BID
2018-12-17 09:43:21,MRK,75.52,6,ASK
2018-12-17 09:43:21,MRK,75.49,3,BID
2018-12-17 09:43:21,MRK,75.52,1,ASK
2018-12-17 09:43:21,MRK,75.49,4,BID
2018-12-17 09:43:21,MRK,75.52,3,ASK
2018-12-17 09:43:21,MRK,75.49,4,BID
2018-12-17 09:43:22,MRK,75.52,8,ASK
2018-12-17 09:43:21,MRK,75.49,4,BID
2018-12-17 09:43:22,MRK,75.52,8,ASK
2018-12-17 09:43:21,MRK,75.49,4,BID
2018-12-17 09:43:23,MRK,75.52,10,ASK
2018-12-17 09:43:21,MRK,75.49,4,BID
2018-12-17 09:43:23,MRK,75.52,11,ASK
2018-12-17 09:43:25,MRK,75.5,3,BID
2018-12-17 09:43:25,MRK,75.52,10,ASK
2018-12-17 09:43:26,MRK,75.5,2,BID
2018-12-17 09:43:26,MRK,75.52,11,ASK
2018-12-17 09:43:25,MRK,75.49,5,BID
2018-12-17 09:43:28,MRK,75.51,3,ASK
2018-12-17 09:43:25,MRK,75.49,5,BID
2018-12-17 09:43:29,MRK,75.51,9,ASK
2018-12-17 09:43:25,MRK,75.49,6,BID
2018-12-17 09:43:30,MRK,75.52,11,ASK
2018-12-17 09:43:31,MRK,75.48,5,BID
2018-12-17 09:43:31,MRK,75.5,2,ASK
2018-12-17 09:43:32,MRK,75.49,2,BID
2018-12-17 09:43:32,MRK,75.5,5,ASK
2018-12-17 09:43:33,MRK,75.49,4,BID
2018-12-17 09:43:33,MRK,75.51,5,ASK
2018-12-17 09:43:35,MRK,75.49,4,BID
2018-12-17 09:43:35,MRK,75.51,4,ASK
2018-12-17 09:43:37,MRK,75.49,4,BID
2018-12-17 09:43:36,MRK,75.52,10,ASK
2018-12-17 09:43:38,MRK,75.45,8,BID
2018-12-17 09:43:38,MRK,75.47,4,ASK
2018-12-17 09:43:39,MRK,75.46,2,BID
2018-12-17 09:43:39,MRK,75.49,14,ASK
2018-12-17 09:43:39,MRK,75.46,2,BID
2018-12-17 09:43:39,MRK,75.49,14,ASK
2018-12-17 09:43:40,MRK,75.46,4,BID
2018-12-17 09:43:39,MRK,75.49,14,ASK
2018-12-17 09:43:40,MRK,75.46,4,BID
2018-12-17 09:43:39,MRK,75.49,14,ASK
2018-12-17 09:43:42,MRK,75.48,4,BID
2018-12-17 09:43:42,MRK,75.5,2,ASK
2018-12-17 09:43:46,MRK,75.46,11,BID
2018-12-17 09:43:46,MRK,75.47,2,ASK
2018-12-17 09:43:47,MRK,75.44,3,BID
2018-12-17 09:43:47,MRK,75.45,2,ASK
2018-12-17 09:43:48,MRK,75.44,3,BID
2018-12-17 09:43:48,MRK,75.47,4,ASK
2018-12-17 09:43:49,MRK,75.46,2,BID
2018-12-17 09:43:49,MRK,75.48,5,ASK
2018-12-17 09:43:50,MRK,75.46,2,BID
2018-12-17 09:43:50,MRK,75.48,5,ASK
2018-12-17 09:43:51,MRK,75.46,4,BID
2018-12-17 09:43:51,MRK,75.48,11,ASK
2018-12-17 09:43:52,MRK,75.46,4,BID
2018-12-17 09:43:51,MRK,75.48,11,ASK
2018-12-17 09:43:53,MRK,75.46,5,BID
2018-12-17 09:43:51,MRK,75.48,11,ASK
2018-12-17 09:43:54,MRK,75.48,1,BID
2018-12-17 09:43:54,MRK,75.49,5,ASK
2018-12-17 09:43:55,MRK,75.47,3,BID
2018-12-17 09:43:55,MRK,75.49,7,ASK
2018-12-17 09:43:56,MRK,75.47,4,BID
2018-12-17 09:43:56,MRK,75.49,1,ASK
2018-12-17 09:43:57,MRK,75.48,2,BID
2018-12-17 09:43:57,MRK,75.5,6,ASK
2018-12-17 09:43:57,MRK,75.48,2,BID
2018-12-17 09:43:58,MRK,75.5,5,ASK
2018-12-17 09:43:57,MRK,75.48,2,BID
2018-12-17 09:43:58,MRK,75.5,5,ASK
2018-12-17 09:43:57,MRK,75.48,2,BID
2018-12-17 09:44:00,MRK,75.5,5,ASK
2018-12-17 09:44:01,MRK,75.49,1,BID
2018-12-17 09:44:01,MRK,75.51,2,ASK
2018-12-17 09:44:02,MRK,75.51,7,BID
2018-12-17 09:44:02,MRK,75.53,6,ASK
2018-12-17 09:44:03,MRK,75.52,2,BID
2018-12-17 09:44:03,MRK,75.55,5,ASK
2018-12-17 09:44:04,MRK,75.52,3,BID
2018-12-17 09:44:03,MRK,75.55,5,ASK
2018-12-17 09:44:05,MRK,75.54,4,BID
2018-12-17 09:44:05,MRK,75.57,15,ASK
2018-12-17 09:44:05,MRK,75.54,4,BID
2018-12-17 09:44:06,MRK,75.56,1,ASK
2018-12-17 09:44:05,MRK,75.54,5,BID
2018-12-17 09:44:05,MRK,75.57,15,ASK
2018-12-17 09:44:05,MRK,75.54,5,BID
2018-12-17 09:44:07,MRK,75.56,3,ASK
2018-12-17 09:44:09,MRK,75.56,5,BID
2018-12-17 09:44:05,MRK,75.57,14,ASK
2018-12-17 09:44:05,MRK,75.54,6,BID
2018-12-17 09:44:10,MRK,75.56,3,ASK
2018-12-17 09:44:05,MRK,75.54,6,BID
2018-12-17 09:44:10,MRK,75.56,3,ASK
2018-12-17 09:44:05,MRK,75.54,6,BID
2018-12-17 09:44:10,MRK,75.56,3,ASK
2018-12-17 09:44:12,MRK,75.56,1,BID
2018-12-17 09:44:05,MRK,75.57,14,ASK
2018-12-17 09:44:13,MRK,75.56,5,BID
2018-12-17 09:44:13,MRK,75.58,13,ASK
2018-12-17 09:44:13,MRK,75.56,5,BID
2018-12-17 09:44:13,MRK,75.58,13,ASK
2018-12-17 09:44:16,MRK,75.57,3,BID
2018-12-17 09:44:15,MRK,75.58,12,ASK
2018-12-17 09:44:13,MRK,75.56,5,BID
2018-12-17 09:44:17,MRK,75.57,3,ASK
2018-12-17 09:44:13,MRK,75.56,5,BID
2018-12-17 09:44:17,MRK,75.57,3,ASK
2018-12-17 09:44:13,MRK,75.56,5,BID
2018-12-17 09:44:15,MRK,75.58,13,ASK
2018-12-17 09:44:13,MRK,75.56,6,BID
2018-12-17 09:44:15,MRK,75.58,12,ASK
2018-12-17 09:44:21,MRK,75.57,3,BID
2018-12-17 09:44:21,MRK,75.59,6,ASK
2018-12-17 09:44:22,MRK,75.57,5,BID
2018-12-17 09:43:15,MRK,75.61,7,ASK
2018-12-17 09:44:24,MRK,75.59,3,BID
2018-12-17 09:43:15,MRK,75.61,7,ASK
2018-12-17 09:44:24,MRK,75.59,4,BID
2018-12-17 09:43:15,MRK,75.61,7,ASK
2018-12-17 09:44:25,MRK,75.59,4,BID
2018-12-17 09:43:15,MRK,75.61,8,ASK
2018-12-17 09:44:26,MRK,75.59,4,BID
2018-12-17 09:43:15,MRK,75.61,8,ASK
2018-12-17 09:44:27,MRK,75.56,9,BID
2018-12-17 09:44:28,MRK,75.59,9,ASK
2018-12-17 09:44:27,MRK,75.56,9,BID
2018-12-17 09:44:28,MRK,75.59,9,ASK
2018-12-17 09:44:27,MRK,75.56,9,BID
2018-12-17 09:44:30,MRK,75.59,9,ASK
2018-12-17 09:44:27,MRK,75.56,9,BID
2018-12-17 09:44:30,MRK,75.59,8,ASK
2018-12-17 09:44:31,MRK,75.57,5,BID
2018-12-17 09:43:15,MRK,75.61,13,ASK
2018-12-17 09:44:31,MRK,75.57,5,BID
2018-12-17 09:43:15,MRK,75.61,10,ASK
2018-12-17 09:44:31,MRK,75.57,5,BID
2018-12-17 09:43:15,MRK,75.61,10,ASK
2018-12-17 09:44:35,MRK,75.59,1,BID
2018-12-17 09:43:15,MRK,75.61,11,ASK
2018-12-17 09:44:35,MRK,75.61,3,BID
2018-12-17 09:44:35,MRK,75.63,2,ASK
2018-12-17 09:44:36,MRK,75.61,4,BID
2018-12-17 09:44:36,MRK,75.65,5,ASK
2018-12-17 09:44:37,MRK,75.61,7,BID
2018-12-17 09:44:37,MRK,75.64,5,ASK
2018-12-17 09:44:38,MRK,75.61,7,BID
2018-12-17 09:44:38,MRK,75.64,6,ASK
2018-12-17 09:44:39,MRK,75.61,7,BID
2018-12-17 09:44:39,MRK,75.64,8,ASK
2018-12-17 09:44:39,MRK,75.61,8,BID
2018-12-17 09:44:40,MRK,75.64,8,ASK
2018-12-17 09:44:42,MRK,75.62,6,BID
2018-12-17 09:44:42,MRK,75.64,5,ASK
2018-12-17 09:44:42,MRK,75.62,8,BID
2018-12-17 09:44:37,MRK,75.65,6,ASK
2018-12-17 09:44:43,MRK,75.63,1,BID
2018-12-17 09:44:37,MRK,75.65,6,ASK
2018-12-17 09:44:43,MRK,75.62,11,BID
2018-12-17 09:44:37,MRK,75.65,6,ASK
2018-12-17 09:44:43,MRK,75.62,11,BID
2018-12-17 09:44:37,MRK,75.65,6,ASK
2018-12-17 09:44:47,MRK,75.64,4,BID
2018-12-17 09:44:47,MRK,75.65,7,ASK
2018-12-17 09:44:47,MRK,75.63,1,BID
2018-12-17 09:44:47,MRK,75.64,6,ASK
2018-12-17 09:44:48,MRK,75.63,3,BID
2018-12-17 09:44:48,MRK,75.64,4,ASK
2018-12-17 09:44:49,MRK,75.63,5,BID
2018-12-17 09:44:47,MRK,75.65,9,ASK
2018-12-17 09:44:49,MRK,75.63,5,BID
2018-12-17 09:44:50,MRK,75.64,3,ASK
2018-12-17 09:44:51,MRK,75.63,8,BID
2018-12-17 09:44:47,MRK,75.65,11,ASK
2018-12-17 09:44:52,MRK,75.63,7,BID
2018-12-17 09:44:47,MRK,75.65,11,ASK
2018-12-17 09:44:54,MRK,75.65,1,BID
2018-12-17 09:44:53,MRK,75.66,8,ASK
2018-12-17 09:44:54,MRK,75.63,8,BID
2018-12-17 09:44:54,MRK,75.64,9,ASK
2018-12-17 09:44:43,MRK,75.62,11,BID
2018-12-17 09:44:56,MRK,75.63,1,ASK
2018-12-17 09:44:57,MRK,75.61,10,BID
2018-12-17 09:44:56,MRK,75.62,6,ASK
2018-12-17 09:44:57,MRK,75.61,10,BID
2018-12-17 09:44:56,MRK,75.62,5,ASK
2018-12-17 09:44:35,MRK,75.59,5,BID
2018-12-17 09:44:58,MRK,75.6,4,ASK
2018-12-17 09:44:35,MRK,75.59,5,BID
2018-12-17 09:45:00,MRK,75.6,4,ASK
2018-12-17 09:45:00,MRK,75.57,6,BID
2018-12-17 09:45:00,MRK,75.59,3,ASK
2018-12-17 09:45:01,MRK,75.57,6,BID
2018-12-17 09:45:01,MRK,75.59,7,ASK
2018-12-17 09:45:02,MRK,75.57,8,BID
2018-12-17 09:45:02,MRK,75.59,7,ASK
2018-12-17 09:45:02,MRK,75.55,2,BID
2018-12-17 09:45:02,MRK,75.58,12,ASK
2018-12-17 09:45:04,MRK,75.54,9,BID
2018-12-17 09:45:04,MRK,75.58,20,ASK
2018-12-17 09:45:06,MRK,75.58,3,BID
2018-12-17 09:45:06,MRK,75.6,8,ASK
2018-12-17 09:45:07,MRK,75.59,1,BID
2018-12-17 09:45:07,MRK,75.61,11,ASK
2018-12-17 09:45:07,MRK,75.59,2,BID
2018-12-17 09:45:07,MRK,75.6,2,ASK
2018-12-17 09:45:06,MRK,75.58,6,BID
2018-12-17 09:45:08,MRK,75.6,9,ASK
2018-12-17 09:45:06,MRK,75.58,6,BID
2018-12-17 09:45:08,MRK,75.6,9,ASK
2018-12-17 09:45:06,MRK,75.58,6,BID
2018-12-17 09:45:10,MRK,75.6,10,ASK
2018-12-17 09:45:06,MRK,75.58,6,BID
2018-12-17 09:45:10,MRK,75.6,10,ASK
2018-12-17 09:45:05,MRK,75.58,6,BID
2018-12-17 09:45:10,MRK,75.6,10,ASK
2018-12-17 09:45:05,MRK,75.58,6,BID
2018-12-17 09:45:13,MRK,75.6,14,ASK
2018-12-17 09:45:05,MRK,75.58,5,BID
2018-12-17 09:45:14,MRK,75.6,14,ASK
2018-12-17 09:45:05,MRK,75.58,5,BID
2018-12-17 09:45:15,MRK,75.6,14,ASK
2018-12-17 09:45:16,MRK,75.59,5,BID
2018-12-17 09:44:58,MRK,75.61,9,ASK
2018-12-17 09:45:05,MRK,75.58,6,BID
2018-12-17 09:45:17,MRK,75.6,3,ASK
2018-12-17 09:45:05,MRK,75.58,7,BID
2018-12-17 09:45:18,MRK,75.61,11,ASK
2018-12-17 09:45:19,MRK,75.59,1,BID
2018-12-17 09:45:19,MRK,75.61,11,ASK
2018-12-17 09:45:05,MRK,75.58,7,BID
2018-12-17 09:45:20,MRK,75.61,11,ASK
2018-12-17 09:45:05,MRK,75.58,9,BID
2018-12-17 09:45:21,MRK,75.61,12,ASK
2018-12-17 09:45:05,MRK,75.58,9,BID
2018-12-17 09:45:21,MRK,75.61,16,ASK
2018-12-17 09:45:22,MRK,75.59,1,BID
2018-12-17 09:45:22,MRK,75.61,16,ASK
2018-12-17 09:45:22,MRK,75.59,1,BID
2018-12-17 09:45:22,MRK,75.61,16,ASK
2018-12-17 09:45:24,MRK,75.61,2,BID
2018-12-17 09:45:24,MRK,75.63,6,ASK
2018-12-17 09:45:25,MRK,75.63,7,BID
2018-12-17 09:45:25,MRK,75.65,6,ASK
2018-12-17 09:45:24,MRK,75.59,8,BID
2018-12-17 09:45:26,MRK,75.61,4,ASK
2018-12-17 09:45:24,MRK,75.59,6,BID
2018-12-17 09:45:28,MRK,75.61,4,ASK
2018-12-17 09:45:29,MRK,75.59,7,BID
2018-12-17 09:45:30,MRK,75.61,4,ASK
2018-12-17 09:45:05,MRK,75.58,9,BID
2018-12-17 09:45:30,MRK,75.61,4,ASK
2018-12-17 09:45:05,MRK,75.58,9,BID
2018-12-17 09:45:31,MRK,75.61,4,ASK
2018-12-17 09:45:32,MRK,75.59,1,BID
2018-12-17 09:45:32,MRK,75.61,4,ASK
2018-12-17 09:45:05,MRK,75.58,9,BID
2018-12-17 09:45:34,MRK,75.61,8,ASK
2018-12-17 09:45:34,MRK,75.6,4,BID
2018-12-17 09:45:34,MRK,75.62,7,ASK
2018-12-17 09:45:34,MRK,75.6,4,BID
2018-12-17 09:45:35,MRK,75.62,10,ASK
2018-12-17 09:45:36,MRK,75.6,5,BID
2018-12-17 09:45:35,MRK,75.63,5,ASK
2018-12-17 09:45:36,MRK,75.6,5,BID
2018-12-17 09:45:36,MRK,75.63,7,ASK
2018-12-17 09:45:39,MRK,75.6,5,BID
2018-12-17 09:45:39,MRK,75.61,1,ASK
2018-12-17 09:45:39,MRK,75.6,5,BID
2018-12-17 09:45:40,MRK,75.62,6,ASK
2018-12-17 09:45:41,MRK,75.62,3,BID
2018-12-17 09:45:41,MRK,75.64,4,ASK
2018-12-17 09:45:41,MRK,75.62,4,BID
2018-12-17 09:45:42,MRK,75.63,2,ASK
2018-12-17 09:45:43,MRK,75.6,11,BID
2018-12-17 09:45:43,MRK,75.62,4,ASK
2018-12-17 09:45:43,MRK,75.6,11,BID
2018-12-17 09:45:43,MRK,75.62,5,ASK
2018-12-17 09:45:45,MRK,75.6,5,BID
2018-12-17 09:45:45,MRK,75.62,4,ASK
2018-12-17 09:45:45,MRK,75.59,8,BID
2018-12-17 09:45:46,MRK,75.61,1,ASK
2018-12-17 09:45:46,MRK,75.59,10,BID
2018-12-17 09:45:47,MRK,75.62,8,ASK
2018-12-17 09:45:48,MRK,75.61,2,BID
2018-12-17 09:45:48,MRK,75.62,8,ASK
2018-12-17 09:45:48,MRK,75.61,3,BID
2018-12-17 09:45:48,MRK,75.62,9,ASK
2018-12-17 09:45:48,MRK,75.61,3,BID
2018-12-17 09:45:48,MRK,75.62,9,ASK
2018-12-17 09:45:51,MRK,75.6,1,BID
2018-12-17 09:45:51,MRK,75.61,5,ASK
2018-12-17 09:45:52,MRK,75.6,1,BID
2018-12-17 09:45:52,MRK,75.61,7,ASK
2018-12-17 09:45:46,MRK,75.59,10,BID
2018-12-17 09:45:53,MRK,75.6,1,ASK
2018-12-17 09:45:46,MRK,75.59,10,BID
2018-12-17 09:45:54,MRK,75.61,5,ASK
2018-12-17 09:45:55,MRK,75.57,4,BID
2018-12-17 09:45:55,MRK,75.58,1,ASK
2018-12-17 09:45:55,MRK,75.57,4,BID
2018-12-17 09:45:55,MRK,75.58,1,ASK
2018-12-17 09:45:55,MRK,75.57,4,BID
2018-12-17 09:45:55,MRK,75.58,1,ASK
2018-12-17 09:45:57,MRK,75.57,6,BID
2018-12-17 09:45:57,MRK,75.6,7,ASK
2018-12-17 09:45:59,MRK,75.57,6,BID
2018-12-17 09:45:59,MRK,75.6,10,ASK
2018-12-17 09:46:00,MRK,75.57,7,BID
2018-12-17 09:45:59,MRK,75.6,10,ASK
2018-12-17 09:46:00,MRK,75.57,7,BID
2018-12-17 09:45:59,MRK,75.6,10,ASK
2018-12-17 09:46:00,MRK,75.57,7,BID
2018-12-17 09:45:59,MRK,75.6,10,ASK
2018-12-17 09:46:03,MRK,75.58,1,BID
2018-12-17 09:45:59,MRK,75.6,10,ASK
2018-12-17 09:46:03,MRK,75.57,6,BID
2018-12-17 09:45:59,MRK,75.6,10,ASK
2018-12-17 09:46:03,MRK,75.57,6,BID
2018-12-17 09:46:05,MRK,75.6,16,ASK
2018-12-17 09:46:03,MRK,75.57,6,BID
2018-12-17 09:46:05,MRK,75.6,20,ASK
2018-12-17 09:46:06,MRK,75.57,6,BID
2018-12-17 09:46:07,MRK,75.59,4,ASK
2018-12-17 09:46:07,MRK,75.57,6,BID
2018-12-17 09:46:07,MRK,75.59,5,ASK
2018-12-17 09:46:09,MRK,75.55,5,BID
2018-12-17 09:46:09,MRK,75.57,8,ASK
2018-12-17 09:46:09,MRK,75.55,6,BID
2018-12-17 09:46:10,MRK,75.57,7,ASK
2018-12-17 09:46:09,MRK,75.55,6,BID
2018-12-17 09:46:10,MRK,75.57,7,ASK
2018-12-17 09:46:12,MRK,75.57,3,BID
2018-12-17 09:46:11,MRK,75.58,6,ASK
2018-12-17 09:46:13,MRK,75.57,3,BID
2018-12-17 09:46:11,MRK,75.58,6,ASK
2018-12-17 09:46:14,MRK,75.58,4,BID
2018-12-17 09:46:14,MRK,75.59,1,ASK
2018-12-17 09:46:14,MRK,75.58,4,BID
2018-12-17 09:46:05,MRK,75.6,20,ASK
2018-12-17 09:46:14,MRK,75.58,5,BID
2018-12-17 09:46:16,MRK,75.6,24,ASK
2018-12-17 09:46:14,MRK,75.58,4,BID
2018-12-17 09:46:17,MRK,75.6,25,ASK
2018-12-17 09:46:14,MRK,75.58,4,BID
2018-12-17 09:46:17,MRK,75.6,25,ASK
2018-12-17 09:46:14,MRK,75.58,5,BID
2018-12-17 09:46:19,MRK,75.6,25,ASK
2018-12-17 09:46:20,MRK,75.59,6,BID
2018-12-17 09:46:20,MRK,75.6,18,ASK
2018-12-17 09:46:20,MRK,75.59,7,BID
2018-12-17 09:46:21,MRK,75.6,18,ASK
2018-12-17 09:46:09,MRK,75.55,5,BID
2018-12-17 09:46:22,MRK,75.57,5,ASK
2018-12-17 09:46:23,MRK,75.53,4,BID
2018-12-17 09:46:23,MRK,75.56,4,ASK
2018-12-17 09:46:24,MRK,75.54,3,BID
2018-12-17 09:46:23,MRK,75.56,6,ASK
2018-12-17 09:46:23,MRK,75.53,5,BID
2018-12-17 09:46:23,MRK,75.56,6,ASK
2018-12-17 09:46:23,MRK,75.53,5,BID
2018-12-17 09:46:26,MRK,75.55,4,ASK
2018-12-17 09:46:23,MRK,75.53,5,BID
2018-12-17 09:46:27,MRK,75.55,9,ASK
2018-12-17 09:46:23,MRK,75.53,4,BID
2018-12-17 09:46:27,MRK,75.55,9,ASK
2018-12-17 09:46:29,MRK,75.52,2,BID
2018-12-17 09:46:29,MRK,75.54,11,ASK
2018-12-17 09:46:30,MRK,75.52,2,BID
2018-12-17 09:46:30,MRK,75.54,11,ASK
2018-12-17 09:46:31,MRK,75.51,4,BID
2018-12-17 09:46:31,MRK,75.53,9,ASK
2018-12-17 09:46:31,MRK,75.54,2,BID
2018-12-17 09:46:31,MRK,75.56,9,ASK
2018-12-17 09:46:32,MRK,75.54,5,BID
2018-12-17 09:46:31,MRK,75.56,9,ASK
2018-12-17 09:46:32,MRK,75.54,5,BID
2018-12-17 09:46:31,MRK,75.56,9,ASK
2018-12-17 09:46:32,MRK,75.54,5,BID
2018-12-17 09:46:31,MRK,75.56,9,ASK
2018-12-17 09:46:35,MRK,75.54,5,BID
2018-12-17 09:46:35,MRK,75.56,10,ASK
2018-12-17 09:46:36,MRK,75.54,5,BID
2018-12-17 09:46:36,MRK,75.55,1,ASK
2018-12-17 09:46:37,MRK,75.54,5,BID
2018-12-17 09:46:37,MRK,75.55,4,ASK
2018-12-17 09:46:37,MRK,75.54,5,BID
2018-12-17 09:46:37,MRK,75.55,4,ASK
2018-12-17 09:46:40,MRK,75.55,1,BID
2018-12-17 09:46:40,MRK,75.56,8,ASK
2018-12-17 09:46:41,MRK,75.55,2,BID
2018-12-17 09:46:41,MRK,75.56,8,ASK
2018-12-17 09:46:41,MRK,75.55,2,BID
2018-12-17 09:46:41,MRK,75.56,8,ASK
2018-12-17 09:46:43,MRK,75.54,8,BID
2018-12-17 09:46:43,MRK,75.55,6,ASK
2018-12-17 09:46:44,MRK,75.53,5,BID
2018-12-17 09:46:44,MRK,75.54,3,ASK
2018-12-17 09:46:45,MRK,75.53,7,BID
2018-12-17 09:46:45,MRK,75.54,3,ASK
2018-12-17 09:46:45,MRK,75.53,7,BID
2018-12-17 09:46:46,MRK,75.54,7,ASK
2018-12-17 09:46:45,MRK,75.53,7,BID
2018-12-17 09:46:46,MRK,75.54,7,ASK
2018-12-17 09:46:48,MRK,75.54,10,BID
2018-12-17 09:46:48,MRK,75.55,1,ASK
2018-12-17 09:46:48,MRK,75.54,9,BID
2018-12-17 09:46:49,MRK,75.55,1,ASK
2018-12-17 09:46:50,MRK,75.52,6,BID
2018-12-17 09:46:50,MRK,75.55,5,ASK
2018-12-17 09:46:50,MRK,75.52,6,BID
2018-12-17 09:46:50,MRK,75.55,6,ASK
2018-12-17 09:46:50,MRK,75.52,6,BID
2018-12-17 09:46:50,MRK,75.55,8,ASK
2018-12-17 09:46:53,MRK,75.52,8,BID
2018-12-17 09:46:50,MRK,75.55,9,ASK
2018-12-17 09:46:54,MRK,75.53,1,BID
2018-12-17 09:46:50,MRK,75.55,9,ASK
2018-12-17 09:46:55,MRK,75.52,8,BID
2018-12-17 09:46:55,MRK,75.54,2,ASK
2018-12-17 09:46:55,MRK,75.52,8,BID
2018-12-17 09:46:55,MRK,75.54,2,ASK
2018-12-17 09:46:57,MRK,75.52,10,BID
2018-12-17 09:46:56,MRK,75.54,2,ASK
2018-12-17 09:46:57,MRK,75.53,3,BID
2018-12-17 09:46:57,MRK,75.54,3,ASK
2018-12-17 09:46:58,MRK,75.53,2,BID
2018-12-17 09:46:58,MRK,75.54,4,ASK
2018-12-17 09:47:00,MRK,75.53,3,BID
2018-12-17 09:47:00,MRK,75.54,6,ASK
2018-12-17 09:47:01,MRK,75.53,5,BID
2018-12-17 09:46:50,MRK,75.55,9,ASK
2018-12-17 09:47:01,MRK,75.53,5,BID
2018-12-17 09:46:50,MRK,75.55,9,ASK
2018-12-17 09:47:03,MRK,75.55,2,BID
2018-12-17 09:47:03,MRK,75.56,13,ASK
2018-12-17 09:47:03,MRK,75.55,2,BID
2018-12-17 09:47:03,MRK,75.56,13,ASK
2018-12-17 09:47:05,MRK,75.54,2,BID
2018-12-17 09:47:05,MRK,75.56,16,ASK
2018-12-17 09:47:06,MRK,75.55,1,BID
2018-12-17 09:47:06,MRK,75.56,14,ASK
2018-12-17 09:47:06,MRK,75.55,1,BID
2018-12-17 09:47:06,MRK,75.56,14,ASK
2018-12-17 09:47:03,MRK,75.53,7,BID
2018-12-17 09:47:07,MRK,75.56,12,ASK
2018-12-17 09:47:03,MRK,75.53,8,BID
2018-12-17 09:47:09,MRK,75.55,3,ASK
2018-12-17 09:47:03,MRK,75.53,10,BID
2018-12-17 09:47:10,MRK,75.55,12,ASK
2018-12-17 09:47:11,MRK,75.54,3,BID
2018-12-17 09:47:10,MRK,75.55,11,ASK
2018-12-17 09:47:11,MRK,75.55,3,BID
2018-12-17 09:47:07,MRK,75.56,12,ASK
2018-12-17 09:47:13,MRK,75.54,3,BID
2018-12-17 09:47:07,MRK,75.56,12,ASK
2018-12-17 09:47:13,MRK,75.54,3,BID
2018-12-17 09:47:07,MRK,75.56,12,ASK
2018-12-17 09:47:13,MRK,75.54,4,BID
2018-12-17 09:47:07,MRK,75.56,12,ASK
2018-12-17 09:47:16,MRK,75.55,1,BID
2018-12-17 09:47:07,MRK,75.56,12,ASK
2018-12-17 09:47:17,MRK,75.55,2,BID
2018-12-17 09:47:07,MRK,75.56,12,ASK
2018-12-17 09:47:18,MRK,75.55,3,BID
2018-12-17 09:47:18,MRK,75.55,2,ASK
2018-12-17 09:47:19,MRK,75.56,4,BID
2018-12-17 09:47:19,MRK,75.57,5,ASK
2018-12-17 09:47:20,MRK,75.56,3,BID
2018-12-17 09:47:20,MRK,75.58,6,ASK
2018-12-17 09:47:21,MRK,75.55,7,BID
2018-12-17 09:47:21,MRK,75.58,7,ASK
2018-12-17 09:47:22,MRK,75.56,1,BID
2018-12-17 09:47:22,MRK,75.58,6,ASK
2018-12-17 09:47:22,MRK,75.56,1,BID
2018-12-17 09:47:22,MRK,75.58,6,ASK
2018-12-17 09:47:24,MRK,75.56,3,BID
2018-12-17 09:47:24,MRK,75.58,6,ASK
2018-12-17 09:47:25,MRK,75.56,5,BID
2018-12-17 09:47:24,MRK,75.58,7,ASK
2018-12-17 09:47:26,MRK,75.56,6,BID
2018-12-17 09:47:24,MRK,75.58,7,ASK
2018-12-17 09:47:27,MRK,75.56,6,BID
2018-12-17 09:47:24,MRK,75.58,7,ASK
2018-12-17 09:47:21,MRK,75.55,6,BID
2018-12-17 09:47:28,MRK,75.57,13,ASK
2018-12-17 09:47:21,MRK,75.55,4,BID
2018-12-17 09:47:28,MRK,75.57,13,ASK
2018-12-17 09:47:21,MRK,75.55,4,BID
2018-12-17 09:47:28,MRK,75.57,13,ASK
2018-12-17 09:47:31,MRK,75.54,8,BID
2018-12-17 09:47:31,MRK,75.56,4,ASK
2018-12-17 09:47:31,MRK,75.54,10,BID
2018-12-17 09:47:32,MRK,75.56,7,ASK
2018-12-17 09:47:31,MRK,75.54,10,BID
2018-12-17 09:47:32,MRK,75.56,7,ASK
2018-12-17 09:47:34,MRK,75.57,1,BID
2018-12-17 09:47:24,MRK,75.58,8,ASK
2018-12-17 09:47:35,MRK,75.57,4,BID
2018-12-17 09:47:24,MRK,75.58,8,ASK
2018-12-17 09:47:36,MRK,75.58,2,BID
2018-12-17 09:47:36,MRK,75.59,2,ASK
2018-12-17 09:47:36,MRK,75.57,7,BID
2018-12-17 09:47:37,MRK,75.59,6,ASK
2018-12-17 09:47:36,MRK,75.57,7,BID
2018-12-17 09:47:38,MRK,75.59,7,ASK
2018-12-17 09:47:36,MRK,75.57,7,BID
2018-12-17 09:47:38,MRK,75.59,7,ASK
2018-12-17 09:47:40,MRK,75.57,5,BID
2018-12-17 09:47:38,MRK,75.59,10,ASK
2018-12-17 09:47:40,MRK,75.57,6,BID
2018-12-17 09:47:38,MRK,75.59,10,ASK
2018-12-17 09:47:40,MRK,75.57,6,BID
2018-12-17 09:47:38,MRK,75.59,10,ASK
2018-12-17 09:47:40,MRK,75.57,6,BID
2018-12-17 09:47:38,MRK,75.59,10,ASK
2018-12-17 09:47:40,MRK,75.57,6,BID
2018-12-17 09:47:38,MRK,75.59,10,ASK
2018-12-17 09:47:46,MRK,75.58,2,BID
2018-12-17 09:47:38,MRK,75.59,10,ASK
2018-12-17 09:47:46,MRK,75.58,1,BID
2018-12-17 09:47:38,MRK,75.59,9,ASK
2018-12-17 09:47:46,MRK,75.58,1,BID
2018-12-17 09:47:38,MRK,75.59,9,ASK
2018-12-17 09:47:48,MRK,75.58,5,BID
2018-12-17 09:47:38,MRK,75.59,9,ASK
2018-12-17 09:47:48,MRK,75.58,5,BID
2018-12-17 09:47:38,MRK,75.59,9,ASK
2018-12-17 09:47:48,MRK,75.58,5,BID
2018-12-17 09:47:38,MRK,75.59,9,ASK
2018-12-17 09:47:51,MRK,75.58,5,BID
2018-12-17 09:47:38,MRK,75.59,8,ASK
2018-12-17 09:47:51,MRK,75.58,5,BID
2018-12-17 09:47:38,MRK,75.59,8,ASK
2018-12-17 09:47:53,MRK,75.59,4,BID
2018-12-17 09:47:53,MRK,75.6,17,ASK
2018-12-17 09:47:40,MRK,75.57,6,BID
2018-12-17 09:47:54,MRK,75.59,13,ASK
2018-12-17 09:47:40,MRK,75.57,7,BID
2018-12-17 09:47:54,MRK,75.59,13,ASK
2018-12-17 09:47:57,MRK,75.58,3,BID
2018-12-17 09:47:56,MRK,75.59,10,ASK
2018-12-17 09:47:57,MRK,75.58,1,BID
2018-12-17 09:47:57,MRK,75.59,9,ASK
2018-12-17 09:47:58,MRK,75.59,4,BID
2018-12-17 09:47:58,MRK,75.61,12,ASK
2018-12-17 09:47:58,MRK,75.59,4,BID
2018-12-17 09:47:58,MRK,75.61,12,ASK
2018-12-17 09:47:58,MRK,75.58,8,BID
2018-12-17 09:48:00,MRK,75.6,11,ASK
2018-12-17 09:47:58,MRK,75.58,6,BID
2018-12-17 09:48:00,MRK,75.6,12,ASK
2018-12-17 09:48:02,MRK,75.58,10,BID
2018-12-17 09:48:02,MRK,75.6,17,ASK
2018-12-17 09:48:04,MRK,75.57,4,BID
2018-12-17 09:48:04,MRK,75.58,6,ASK
2018-12-17 09:48:04,MRK,75.57,5,BID
2018-12-17 09:48:05,MRK,75.57,2,ASK
2018-12-17 09:48:06,MRK,75.56,5,BID
2018-12-17 09:48:05,MRK,75.58,9,ASK
2018-12-17 09:48:07,MRK,75.56,9,BID
2018-12-17 09:48:06,MRK,75.58,7,ASK
2018-12-17 09:48:07,MRK,75.56,9,BID
2018-12-17 09:48:06,MRK,75.58,7,ASK
2018-12-17 09:48:07,MRK,75.56,9,BID
2018-12-17 09:48:08,MRK,75.58,7,ASK
2018-12-17 09:48:07,MRK,75.56,9,BID
2018-12-17 09:48:08,MRK,75.58,7,ASK
2018-12-17 09:48:07,MRK,75.56,9,BID
2018-12-17 09:48:11,MRK,75.58,7,ASK
2018-12-17 09:48:07,MRK,75.56,9,BID
2018-12-17 09:48:12,MRK,75.58,8,ASK
2018-12-17 09:48:07,MRK,75.56,9,BID
2018-12-17 09:48:12,MRK,75.58,8,ASK
2018-12-17 09:48:12,MRK,75.56,9,BID
2018-12-17 09:48:06,MRK,75.58,8,ASK
2018-12-17 09:48:14,MRK,75.56,9,BID
2018-12-17 09:48:06,MRK,75.58,8,ASK
2018-12-17 09:47:31,MRK,75.54,11,BID
2018-12-17 09:48:15,MRK,75.56,10,ASK
2018-12-17 09:47:31,MRK,75.54,11,BID
2018-12-17 09:48:15,MRK,75.56,10,ASK
2018-12-17 09:47:31,MRK,75.54,11,BID
2018-12-17 09:48:15,MRK,75.56,10,ASK
2018-12-17 09:48:19,MRK,75.55,3,BID
2018-12-17 09:48:19,MRK,75.57,10,ASK
2018-12-17 09:47:31,MRK,75.54,12,BID
2018-12-17 09:48:19,MRK,75.57,10,ASK
2018-12-17 09:47:31,MRK,75.54,10,BID
2018-12-17 09:48:20,MRK,75.56,5,ASK
2018-12-17 09:47:31,MRK,75.54,10,BID
2018-12-17 09:48:19,MRK,75.57,13,ASK
2018-12-17 09:47:31,MRK,75.54,11,BID
2018-12-17 09:48:19,MRK,75.57,14,ASK
2018-12-17 09:47:31,MRK,75.54,12,BID
2018-12-17 09:48:19,MRK,75.57,16,ASK
2018-12-17 09:47:31,MRK,75.54,12,BID
2018-12-17 09:48:19,MRK,75.57,16,ASK
2018-12-17 09:47:31,MRK,75.54,13,BID
2018-12-17 09:48:19,MRK,75.57,16,ASK
2018-12-17 09:47:31,MRK,75.54,13,BID
2018-12-17 09:48:26,MRK,75.56,5,ASK
2018-12-17 09:48:28,MRK,75.53,8,BID
2018-12-17 09:48:28,MRK,75.54,3,ASK
2018-12-17 09:48:28,MRK,75.54,6,BID
2018-12-17 09:48:28,MRK,75.55,10,ASK
2018-12-17 09:48:28,MRK,75.54,6,BID
2018-12-17 09:48:28,MRK,75.55,10,ASK
2018-12-17 09:48:30,MRK,75.55,3,BID
2018-12-17 09:48:30,MRK,75.56,8,ASK
2018-12-17 09:48:31,MRK,75.56,5,BID
2018-12-17 09:48:19,MRK,75.57,12,ASK
2018-12-17 09:48:32,MRK,75.56,16,BID
2018-12-17 09:48:32,MRK,75.59,8,ASK
2018-12-17 09:48:34,MRK,75.56,8,BID
2018-12-17 09:48:32,MRK,75.59,9,ASK
2018-12-17 09:48:35,MRK,75.57,1,BID
2018-12-17 09:48:35,MRK,75.58,6,ASK
2018-12-17 09:48:35,MRK,75.57,1,BID
2018-12-17 09:48:35,MRK,75.58,6,ASK
2018-12-17 09:48:36,MRK,75.57,2,BID
2018-12-17 09:48:35,MRK,75.58,8,ASK
2018-12-17 09:48:38,MRK,75.56,9,BID
2018-12-17 09:48:38,MRK,75.57,5,ASK
2018-12-17 09:48:38,MRK,75.56,9,BID
2018-12-17 09:48:38,MRK,75.57,5,ASK
2018-12-17 09:48:40,MRK,75.57,2,BID
2018-12-17 09:48:35,MRK,75.58,8,ASK
2018-12-17 09:48:40,MRK,75.56,8,BID
2018-12-17 09:48:35,MRK,75.58,8,ASK
2018-12-17 09:48:40,MRK,75.56,8,BID
2018-12-17 09:48:35,MRK,75.58,9,ASK
2018-12-17 09:48:40,MRK,75.56,7,BID
2018-12-17 09:48:35,MRK,75.58,8,ASK
2018-12-17 09:48:40,MRK,75.56,7,BID
2018-12-17 09:48:35,MRK,75.58,8,ASK
2018-12-17 09:48:44,MRK,75.57,1,BID
2018-12-17 09:48:35,MRK,75.58,9,ASK
2018-12-17 09:48:45,MRK,75.56,7,BID
2018-12-17 09:48:35,MRK,75.58,6,ASK
2018-12-17 09:48:46,MRK,75.56,7,BID
2018-12-17 09:48:35,MRK,75.58,6,ASK
2018-12-17 09:48:48,MRK,75.56,7,BID
2018-12-17 09:48:35,MRK,75.58,8,ASK
2018-12-17 09:48:48,MRK,75.56,7,BID
2018-12-17 09:48:35,MRK,75.58,8,ASK
2018-12-17 09:48:50,MRK,75.56,6,BID
2018-12-17 09:48:50,MRK,75.57,6,ASK
2018-12-17 09:48:51,MRK,75.55,13,BID
2018-12-17 09:48:51,MRK,75.57,9,ASK
2018-12-17 09:48:30,MRK,75.54,12,BID
2018-12-17 09:48:51,MRK,75.56,12,ASK
2018-12-17 09:48:53,MRK,75.55,11,BID
2018-12-17 09:48:53,MRK,75.56,14,ASK
2018-12-17 09:48:54,MRK,75.56,1,BID
2018-12-17 09:48:54,MRK,75.57,6,ASK
2018-12-17 09:48:54,MRK,75.54,11,BID
2018-12-17 09:48:54,MRK,75.56,7,ASK
2018-12-17 09:48:56,MRK,75.55,8,BID
2018-12-17 09:48:56,MRK,75.57,7,ASK
2018-12-17 09:48:56,MRK,75.57,3,BID
2018-12-17 09:48:56,MRK,75.58,5,ASK
2018-12-17 09:48:57,MRK,75.57,4,BID
2018-12-17 09:48:57,MRK,75.58,5,ASK
2018-12-17 09:48:57,MRK,75.57,4,BID
2018-12-17 09:48:57,MRK,75.58,5,ASK
2018-12-17 09:49:00,MRK,75.57,4,BID
2018-12-17 09:49:00,MRK,75.58,5,ASK
2018-12-17 09:49:01,MRK,75.57,6,BID
2018-12-17 09:49:01,MRK,75.58,5,ASK
2018-12-17 09:49:01,MRK,75.59,4,BID
2018-12-17 09:48:00,MRK,75.6,13,ASK
2018-12-17 09:49:02,MRK,75.59,10,BID
2018-12-17 09:48:00,MRK,75.61,16,ASK
2018-12-17 09:49:03,MRK,75.59,5,BID
2018-12-17 09:49:03,MRK,75.61,6,ASK
2018-12-17 09:49:03,MRK,75.6,9,BID
2018-12-17 09:49:03,MRK,75.63,11,ASK
2018-12-17 09:49:04,MRK,75.62,3,BID
2018-12-17 09:49:04,MRK,75.65,8,ASK
2018-12-17 09:49:05,MRK,75.63,5,BID
2018-12-17 09:49:05,MRK,75.65,8,ASK
2018-12-17 09:49:05,MRK,75.63,6,BID
2018-12-17 09:49:05,MRK,75.65,9,ASK
2018-12-17 09:49:06,MRK,75.63,6,BID
2018-12-17 09:49:05,MRK,75.65,12,ASK
2018-12-17 09:49:07,MRK,75.63,6,BID
2018-12-17 09:49:05,MRK,75.65,13,ASK
2018-12-17 09:49:07,MRK,75.63,6,BID
2018-12-17 09:49:05,MRK,75.65,13,ASK
2018-12-17 09:49:09,MRK,75.64,9,BID
2018-12-17 09:44:54,MRK,75.66,14,ASK
2018-12-17 09:49:05,MRK,75.63,6,BID
2018-12-17 09:49:10,MRK,75.66,13,ASK
2018-12-17 09:49:05,MRK,75.63,8,BID
2018-12-17 09:49:12,MRK,75.65,7,ASK
2018-12-17 09:49:14,MRK,75.64,12,BID
2018-12-17 09:49:14,MRK,75.66,10,ASK
2018-12-17 09:49:14,MRK,75.64,12,BID
2018-12-17 09:49:14,MRK,75.66,9,ASK
2018-12-17 09:49:14,MRK,75.64,12,BID
2018-12-17 09:49:16,MRK,75.65,1,ASK
2018-12-17 09:49:14,MRK,75.64,12,BID
2018-12-17 09:49:14,MRK,75.66,10,ASK
2018-12-17 09:49:14,MRK,75.64,12,BID
2018-12-17 09:49:14,MRK,75.66,10,ASK
2018-12-17 09:49:14,MRK,75.64,12,BID
2018-12-17 09:49:19,MRK,75.66,13,ASK
2018-12-17 09:49:20,MRK,75.65,1,BID
2018-12-17 09:49:20,MRK,75.67,10,ASK
2018-12-17 09:49:20,MRK,75.64,17,BID
2018-12-17 09:49:20,MRK,75.67,13,ASK
2018-12-17 09:49:21,MRK,75.65,6,BID
2018-12-17 09:49:20,MRK,75.67,14,ASK
2018-12-17 09:49:22,MRK,75.65,4,BID
2018-12-17 09:49:22,MRK,75.66,4,ASK
2018-12-17 09:49:22,MRK,75.65,9,BID
2018-12-17 09:49:22,MRK,75.67,10,ASK
2018-12-17 09:49:22,MRK,75.65,9,BID
2018-12-17 09:49:23,MRK,75.67,10,ASK
2018-12-17 09:49:23,MRK,75.65,9,BID
2018-12-17 09:49:24,MRK,75.66,1,ASK
2018-12-17 09:49:24,MRK,75.66,2,BID
2018-12-17 09:49:24,MRK,75.67,3,ASK
2018-12-17 09:49:25,MRK,75.64,14,BID
2018-12-17 09:49:25,MRK,75.65,11,ASK
2018-12-17 09:49:26,MRK,75.66,9,BID
2018-12-17 09:49:22,MRK,75.68,14,ASK
2018-12-17 09:49:27,MRK,75.67,2,BID
2018-12-17 09:49:22,MRK,75.68,16,ASK
2018-12-17 09:49:27,MRK,75.66,6,BID
2018-12-17 09:49:27,MRK,75.67,8,ASK
2018-12-17 09:49:25,MRK,75.64,9,BID
2018-12-17 09:49:27,MRK,75.66,14,ASK
2018-12-17 09:49:25,MRK,75.64,8,BID
2018-12-17 09:49:28,MRK,75.66,17,ASK
2018-12-17 09:49:28,MRK,75.64,9,BID
2018-12-17 09:49:28,MRK,75.66,9,ASK
2018-12-17 09:49:05,MRK,75.63,6,BID
2018-12-17 09:49:28,MRK,75.65,9,ASK
2018-12-17 09:49:05,MRK,75.63,6,BID
2018-12-17 09:49:28,MRK,75.66,10,ASK
2018-12-17 09:49:05,MRK,75.63,6,BID
2018-12-17 09:49:30,MRK,75.64,8,ASK
2018-12-17 09:49:31,MRK,75.62,4,BID
2018-12-17 09:49:31,MRK,75.64,7,ASK
2018-12-17 09:49:33,MRK,75.65,3,BID
2018-12-17 09:49:33,MRK,75.67,15,ASK
2018-12-17 09:49:34,MRK,75.65,6,BID
2018-12-17 09:49:34,MRK,75.66,1,ASK
2018-12-17 09:49:35,MRK,75.65,8,BID
2018-12-17 09:49:35,MRK,75.67,14,ASK
2018-12-17 09:49:35,MRK,75.65,10,BID
2018-12-17 09:49:35,MRK,75.67,14,ASK
2018-12-17 09:49:36,MRK,75.65,9,BID
2018-12-17 09:49:36,MRK,75.67,15,ASK
2018-12-17 09:49:39,MRK,75.66,8,BID
2018-12-17 09:49:22,MRK,75.68,18,ASK
2018-12-17 09:49:41,MRK,75.68,5,BID
2018-12-17 09:38:05,MRK,75.69,5,ASK
2018-12-17 09:49:40,MRK,75.67,8,BID
2018-12-17 09:49:41,MRK,75.69,6,ASK
2018-12-17 09:49:45,MRK,75.69,16,BID
2018-12-17 09:49:45,MRK,75.7,5,ASK
2018-12-17 09:49:46,MRK,75.7,11,BID
2018-12-17 09:49:46,MRK,75.71,3,ASK
2018-12-17 09:49:48,MRK,75.72,5,BID
2018-12-17 09:49:48,MRK,75.73,14,ASK
2018-12-17 09:49:50,MRK,75.73,2,BID
2018-12-17 09:49:50,MRK,75.74,9,ASK
2018-12-17 09:49:51,MRK,75.74,3,BID
2018-12-17 09:49:51,MRK,75.75,5,ASK
2018-12-17 09:49:51,MRK,75.74,5,BID
2018-12-17 09:49:52,MRK,75.76,10,ASK
2018-12-17 09:49:53,MRK,75.72,5,BID
2018-12-17 09:49:53,MRK,75.74,10,ASK
2018-12-17 09:49:55,MRK,75.72,5,BID
2018-12-17 09:49:54,MRK,75.74,11,ASK
2018-12-17 09:49:56,MRK,75.73,3,BID
2018-12-17 09:49:54,MRK,75.74,9,ASK
2018-12-17 09:49:57,MRK,75.73,4,BID
2018-12-17 09:49:56,MRK,75.74,9,ASK
2018-12-17 09:49:58,MRK,75.73,7,BID
2018-12-17 09:49:56,MRK,75.74,7,ASK
2018-12-17 09:49:58,MRK,75.73,7,BID
2018-12-17 09:49:56,MRK,75.74,8,ASK
2018-12-17 09:50:00,MRK,75.75,5,BID
2018-12-17 09:50:00,MRK,75.77,7,ASK
2018-12-17 09:50:01,MRK,75.74,7,BID
2018-12-17 09:50:01,MRK,75.75,3,ASK
2018-12-17 09:50:02,MRK,75.74,7,BID
2018-12-17 09:50:02,MRK,75.75,4,ASK
2018-12-17 09:50:03,MRK,75.73,8,BID
2018-12-17 09:50:03,MRK,75.75,4,ASK
2018-12-17 09:50:04,MRK,75.74,3,BID
2018-12-17 09:50:04,MRK,75.75,4,ASK
2018-12-17 09:50:05,MRK,75.72,4,BID
2018-12-17 09:50:05,MRK,75.73,7,ASK
2018-12-17 09:50:06,MRK,75.72,4,BID
2018-12-17 09:50:06,MRK,75.73,6,ASK
2018-12-17 09:50:06,MRK,75.72,6,BID
2018-12-17 09:50:06,MRK,75.73,4,ASK
2018-12-17 09:50:08,MRK,75.72,8,BID
2018-12-17 09:50:08,MRK,75.74,9,ASK
2018-12-17 09:50:08,MRK,75.72,9,BID
2018-12-17 09:50:09,MRK,75.74,11,ASK
2018-12-17 09:50:10,MRK,75.72,9,BID
2018-12-17 09:50:10,MRK,75.74,10,ASK
2018-12-17 09:50:10,MRK,75.72,9,BID
2018-12-17 09:50:10,MRK,75.74,12,ASK
2018-12-17 09:50:10,MRK,75.72,10,BID
2018-12-17 09:50:10,MRK,75.74,11,ASK
2018-12-17 09:50:13,MRK,75.73,5,BID
2018-12-17 09:50:08,MRK,75.74,11,ASK
2018-12-17 09:50:14,MRK,75.73,3,BID
2018-12-17 09:50:08,MRK,75.74,12,ASK
2018-12-17 09:50:15,MRK,75.73,7,BID
2018-12-17 09:50:08,MRK,75.74,12,ASK
2018-12-17 09:50:16,MRK,75.71,6,BID
2018-12-17 09:50:16,MRK,75.72,6,ASK
2018-12-17 09:50:16,MRK,75.71,5,BID
2018-12-17 09:50:17,MRK,75.72,9,ASK
2018-12-17 09:50:16,MRK,75.71,5,BID
2018-12-17 09:50:17,MRK,75.72,8,ASK
2018-12-17 09:50:19,MRK,75.69,7,BID
2018-12-17 09:50:19,MRK,75.7,3,ASK
2018-12-17 09:49:45,MRK,75.68,8,BID
2018-12-17 09:50:20,MRK,75.7,7,ASK
2018-12-17 09:50:21,MRK,75.67,11,BID
2018-12-17 09:50:21,MRK,75.7,12,ASK
2018-12-17 09:50:22,MRK,75.68,8,BID
2018-12-17 09:50:22,MRK,75.7,13,ASK
2018-12-17 09:50:23,MRK,75.67,10,BID
2018-12-17 09:50:23,MRK,75.7,15,ASK
2018-12-17 09:50:24,MRK,75.68,2,BID
2018-12-17 09:50:24,MRK,75.7,14,ASK
2018-12-17 09:50:25,MRK,75.71,3,BID
2018-12-17 09:50:25,MRK,75.72,13,ASK
2018-12-17 09:50:25,MRK,75.7,6,BID
2018-12-17 09:50:26,MRK,75.72,15,ASK
2018-12-17 09:50:25,MRK,75.7,6,BID
2018-12-17 09:50:26,MRK,75.72,19,ASK
2018-12-17 09:50:28,MRK,75.7,8,BID
2018-12-17 09:50:26,MRK,75.72,19,ASK
2018-12-17 09:50:29,MRK,75.71,3,BID
2018-12-17 09:50:26,MRK,75.72,18,ASK
2018-12-17 09:50:29,MRK,75.71,6,BID
2018-12-17 09:50:30,MRK,75.72,3,ASK
2018-12-17 09:50:31,MRK,75.7,8,BID
2018-12-17 09:50:31,MRK,75.72,9,ASK
2018-12-17 09:50:31,MRK,75.7,8,BID
2018-12-17 09:50:32,MRK,75.72,11,ASK
2018-12-17 09:50:33,MRK,75.71,6,BID
2018-12-17 09:50:33,MRK,75.72,10,ASK
2018-12-17 09:50:34,MRK,75.71,6,BID
2018-12-17 09:50:34,MRK,75.73,9,ASK
2018-12-17 09:50:35,MRK,75.71,1,BID
2018-12-17 09:50:35,MRK,75.73,12,ASK
2018-12-17 09:50:36,MRK,75.71,2,BID
2018-12-17 09:50:36,MRK,75.72,2,ASK
2018-12-17 09:50:37,MRK,75.71,3,BID
2018-12-17 09:50:36,MRK,75.72,8,ASK
2018-12-17 09:50:33,MRK,75.7,11,BID
2018-12-17 09:50:36,MRK,75.72,10,ASK
2018-12-17 09:50:33,MRK,75.7,11,BID
2018-12-17 09:50:36,MRK,75.72,12,ASK
2018-12-17 09:50:33,MRK,75.7,11,BID
2018-12-17 09:50:36,MRK,75.72,11,ASK
2018-12-17 09:50:33,MRK,75.7,11,BID
2018-12-17 09:50:36,MRK,75.72,9,ASK
2018-12-17 09:50:33,MRK,75.7,11,BID
2018-12-17 09:50:42,MRK,75.71,3,ASK
2018-12-17 09:50:33,MRK,75.7,9,BID
2018-12-17 09:50:43,MRK,75.71,3,ASK
2018-12-17 09:50:33,MRK,75.7,9,BID
2018-12-17 09:50:43,MRK,75.71,3,ASK
2018-12-17 09:50:33,MRK,75.7,9,BID
2018-12-17 09:50:43,MRK,75.71,3,ASK
2018-12-17 09:50:46,MRK,75.71,2,BID
2018-12-17 09:50:46,MRK,75.72,19,ASK
2018-12-17 09:50:33,MRK,75.7,10,BID
2018-12-17 09:50:46,MRK,75.72,19,ASK
2018-12-17 09:50:47,MRK,75.71,6,BID
2018-12-17 09:50:48,MRK,75.72,17,ASK
2018-12-17 09:50:48,MRK,75.71,8,BID
2018-12-17 09:50:49,MRK,75.72,17,ASK
2018-12-17 09:50:48,MRK,75.71,8,BID
2018-12-17 09:50:50,MRK,75.72,17,ASK
2018-12-17 09:50:51,MRK,75.72,8,BID
2018-12-17 09:50:51,MRK,75.73,2,ASK
2018-12-17 09:50:52,MRK,75.72,7,BID
2018-12-17 09:50:08,MRK,75.74,21,ASK
2018-12-17 09:50:53,MRK,75.73,5,BID
2018-12-17 09:50:08,MRK,75.74,14,ASK
2018-12-17 09:50:54,MRK,75.73,2,BID
2018-12-17 09:50:08,MRK,75.74,14,ASK
2018-12-17 09:50:54,MRK,75.73,2,BID
2018-12-17 09:50:08,MRK,75.74,15,ASK
2018-12-17 09:50:54,MRK,75.73,2,BID
2018-12-17 09:50:08,MRK,75.74,15,ASK
2018-12-17 09:50:50,MRK,75.71,11,BID
2018-12-17 09:50:56,MRK,75.73,7,ASK
2018-12-17 09:50:50,MRK,75.71,11,BID
2018-12-17 09:50:58,MRK,75.72,3,ASK
2018-12-17 09:50:50,MRK,75.71,10,BID
2018-12-17 09:50:58,MRK,75.72,3,ASK
2018-12-17 09:51:00,MRK,75.72,5,BID
2018-12-17 09:51:00,MRK,75.73,10,ASK
2018-12-17 09:51:01,MRK,75.72,7,BID
2018-12-17 09:51:01,MRK,75.73,10,ASK
2018-12-17 09:51:02,MRK,75.71,7,BID
2018-12-17 09:51:02,MRK,75.72,11,ASK
2018-12-17 09:51:02,MRK,75.71,7,BID
2018-12-17 09:51:02,MRK,75.72,11,ASK
2018-12-17 09:51:03,MRK,75.71,9,BID
2018-12-17 09:51:03,MRK,75.73,13,ASK
2018-12-17 09:51:05,MRK,75.71,12,BID
2018-12-17 09:51:05,MRK,75.73,10,ASK
2018-12-17 09:51:06,MRK,75.71,9,BID
2018-12-17 09:51:06,MRK,75.73,12,ASK
2018-12-17 09:51:07,MRK,75.72,5,BID
2018-12-17 09:51:07,MRK,75.73,3,ASK
2018-12-17 09:51:08,MRK,75.7,10,BID
2018-12-17 09:51:08,MRK,75.71,1,ASK
2018-12-17 09:51:09,MRK,75.68,6,BID
2018-12-17 09:51:09,MRK,75.69,4,ASK
2018-12-17 09:51:10,MRK,75.68,7,BID
2018-12-17 09:51:09,MRK,75.7,6,ASK
2018-12-17 09:51:10,MRK,75.69,7,BID
2018-12-17 09:51:11,MRK,75.7,5,ASK
2018-12-17 09:51:12,MRK,75.68,7,BID
2018-12-17 09:51:12,MRK,75.69,3,ASK
2018-12-17 09:51:13,MRK,75.68,5,BID
2018-12-17 09:51:13,MRK,75.69,4,ASK
2018-12-17 09:51:14,MRK,75.67,8,BID
2018-12-17 09:51:13,MRK,75.69,9,ASK
2018-12-17 09:51:14,MRK,75.67,8,BID
2018-12-17 09:51:13,MRK,75.69,8,ASK
2018-12-17 09:51:16,MRK,75.66,1,BID
2018-12-17 09:51:16,MRK,75.67,7,ASK
2018-12-17 09:51:16,MRK,75.65,12,BID
2018-12-17 09:51:16,MRK,75.67,4,ASK
2018-12-17 09:51:16,MRK,75.65,9,BID
2018-12-17 09:51:16,MRK,75.67,5,ASK
2018-12-17 09:51:18,MRK,75.66,3,BID
2018-12-17 09:51:16,MRK,75.67,6,ASK
2018-12-17 09:51:18,MRK,75.67,7,BID
2018-12-17 09:51:18,MRK,75.68,3,ASK
2018-12-17 09:51:20,MRK,75.68,4,BID
2018-12-17 09:51:20,MRK,75.69,6,ASK
2018-12-17 09:51:21,MRK,75.67,8,BID
2018-12-17 09:51:21,MRK,75.69,5,ASK
2018-12-17 09:51:22,MRK,75.67,7,BID
2018-12-17 09:51:21,MRK,75.69,6,ASK
2018-12-17 09:51:24,MRK,75.67,8,BID
2018-12-17 09:51:24,MRK,75.69,7,ASK
2018-12-17 09:51:25,MRK,75.67,7,BID
2018-12-17 09:51:25,MRK,75.69,6,ASK
2018-12-17 09:51:26,MRK,75.67,7,BID
2018-12-17 09:51:26,MRK,75.69,11,ASK
2018-12-17 09:51:27,MRK,75.67,7,BID
2018-12-17 09:51:26,MRK,75.69,12,ASK
2018-12-17 09:51:28,MRK,75.68,5,BID
2018-12-17 09:51:28,MRK,75.69,4,ASK
2018-12-17 09:51:28,MRK,75.67,10,BID
2018-12-17 09:51:28,MRK,75.69,9,ASK
2018-12-17 09:51:28,MRK,75.67,10,BID
2018-12-17 09:51:28,MRK,75.69,9,ASK
2018-12-17 09:51:31,MRK,75.69,3,BID
2018-12-17 09:51:31,MRK,75.71,11,ASK
2018-12-17 09:51:31,MRK,75.68,10,BID
2018-12-17 09:51:31,MRK,75.71,6,ASK
2018-12-17 09:51:31,MRK,75.68,9,BID
2018-12-17 09:51:32,MRK,75.7,8,ASK
2018-12-17 09:51:33,MRK,75.69,4,BID
2018-12-17 09:51:31,MRK,75.71,10,ASK
2018-12-17 09:51:33,MRK,75.69,3,BID
2018-12-17 09:51:33,MRK,75.71,9,ASK
2018-12-17 09:51:31,MRK,75.68,5,BID
2018-12-17 09:51:36,MRK,75.69,9,ASK
2018-12-17 09:51:37,MRK,75.67,9,BID
2018-12-17 09:51:37,MRK,75.68,13,ASK
2018-12-17 09:51:38,MRK,75.67,9,BID
2018-12-17 09:51:38,MRK,75.68,13,ASK
2018-12-17 09:51:39,MRK,75.66,11,BID
2018-12-17 09:51:39,MRK,75.68,13,ASK
2018-12-17 09:51:40,MRK,75.66,10,BID
2018-12-17 09:51:39,MRK,75.68,14,ASK
2018-12-17 09:51:40,MRK,75.66,11,BID
2018-12-17 09:51:41,MRK,75.68,12,ASK
2018-12-17 09:51:40,MRK,75.66,12,BID
2018-12-17 09:51:42,MRK,75.68,13,ASK
2018-12-17 09:51:40,MRK,75.66,12,BID
2018-12-17 09:51:42,MRK,75.68,13,ASK
2018-12-17 09:51:40,MRK,75.66,12,BID
2018-12-17 09:51:42,MRK,75.68,13,ASK
2018-12-17 09:51:45,MRK,75.68,10,BID
2018-12-17 09:51:36,MRK,75.7,12,ASK
2018-12-17 09:51:45,MRK,75.68,10,BID
2018-12-17 09:51:36,MRK,75.7,12,ASK
2018-12-17 09:51:47,MRK,75.68,2,BID
2018-12-17 09:51:47,MRK,75.7,7,ASK
2018-12-17 09:51:48,MRK,75.68,7,BID
2018-12-17 09:51:48,MRK,75.7,6,ASK
2018-12-17 09:51:49,MRK,75.68,8,BID
2018-12-17 09:51:49,MRK,75.7,11,ASK
2018-12-17 09:51:50,MRK,75.68,9,BID
2018-12-17 09:51:50,MRK,75.69,11,ASK
2018-12-17 09:51:50,MRK,75.68,10,BID
2018-12-17 09:51:51,MRK,75.69,11,ASK
2018-12-17 09:51:50,MRK,75.68,10,BID
2018-12-17 09:51:51,MRK,75.69,11,ASK
2018-12-17 09:51:50,MRK,75.68,10,BID
2018-12-17 09:51:51,MRK,75.69,11,ASK
2018-12-17 09:51:50,MRK,75.68,9,BID
2018-12-17 09:51:55,MRK,75.69,14,ASK
2018-12-17 09:51:55,MRK,75.67,5,BID
2018-12-17 09:51:55,MRK,75.68,14,ASK
2018-12-17 09:51:56,MRK,75.67,5,BID
2018-12-17 09:51:56,MRK,75.68,9,ASK
2018-12-17 09:51:57,MRK,75.67,5,BID
2018-12-17 09:51:57,MRK,75.68,13,ASK
2018-12-17 09:51:59,MRK,75.66,16,BID
2018-12-17 09:51:58,MRK,75.67,3,ASK
2018-12-17 09:52:00,MRK,75.67,4,BID
2018-12-17 09:51:58,MRK,75.68,13,ASK
2018-12-17 09:52:00,MRK,75.66,13,BID
2018-12-17 09:51:58,MRK,75.68,13,ASK
2018-12-17 09:52:01,MRK,75.67,10,BID
2018-12-17 09:52:01,MRK,75.69,10,ASK
2018-12-17 09:52:01,MRK,75.67,10,BID
2018-12-17 09:52:01,MRK,75.69,9,ASK
2018-12-17 09:52:02,MRK,75.67,8,BID
2018-12-17 09:52:02,MRK,75.69,12,ASK
2018-12-17 09:52:02,MRK,75.67,10,BID
2018-12-17 09:52:02,MRK,75.69,13,ASK
2018-12-17 09:52:05,MRK,75.68,1,BID
2018-12-17 09:52:02,MRK,75.69,12,ASK
2018-12-17 09:52:06,MRK,75.67,8,BID
2018-12-17 09:52:02,MRK,75.69,14,ASK
2018-12-17 09:52:06,MRK,75.67,9,BID
2018-12-17 09:52:02,MRK,75.69,14,ASK
2018-12-17 09:52:09,MRK,75.68,1,BID
2018-12-17 09:52:02,MRK,75.69,14,ASK
2018-12-17 09:52:06,MRK,75.67,10,BID
2018-12-17 09:52:09,MRK,75.68,3,ASK
2018-12-17 09:52:06,MRK,75.67,6,BID
2018-12-17 09:52:10,MRK,75.68,2,ASK
2018-12-17 09:52:06,MRK,75.67,7,BID
2018-12-17 09:52:02,MRK,75.69,17,ASK
2018-12-17 09:52:13,MRK,75.68,2,BID
2018-12-17 09:52:02,MRK,75.69,14,ASK
2018-12-17 09:52:12,MRK,75.67,10,BID
2018-12-17 09:52:13,MRK,75.68,7,ASK
2018-12-17 09:52:12,MRK,75.67,10,BID
2018-12-17 09:52:14,MRK,75.68,14,ASK
2018-12-17 09:52:16,MRK,75.65,1,BID
2018-12-17 09:52:16,MRK,75.66,9,ASK
2018-12-17 09:52:16,MRK,75.66,9,BID
2018-12-17 09:52:16,MRK,75.67,10,ASK
2018-12-17 09:52:17,MRK,75.66,13,BID
2018-12-17 09:52:16,MRK,75.67,5,ASK
2018-12-17 09:52:18,MRK,75.66,12,BID
2018-12-17 09:52:18,MRK,75.68,21,ASK
2018-12-17 09:52:16,MRK,75.65,15,BID
2018-12-17 09:52:19,MRK,75.66,4,ASK
2018-12-17 09:52:16,MRK,75.65,14,BID
2018-12-17 09:52:20,MRK,75.66,6,ASK
2018-12-17 09:52:16,MRK,75.65,14,BID
2018-12-17 09:52:20,MRK,75.66,6,ASK
2018-12-17 09:52:16,MRK,75.65,10,BID
2018-12-17 09:52:22,MRK,75.66,8,ASK
2018-12-17 09:49:33,MRK,75.64,15,BID
2018-12-17 09:52:23,MRK,75.66,12,ASK
2018-12-17 09:49:33,MRK,75.64,15,BID
2018-12-17 09:52:23,MRK,75.66,12,ASK
2018-12-17 09:49:33,MRK,75.64,14,BID
2018-12-17 09:52:26,MRK,75.66,13,ASK
2018-12-17 09:49:33,MRK,75.64,13,BID
2018-12-17 09:52:26,MRK,75.66,13,ASK
2018-12-17 09:52:28,MRK,75.66,9,BID
2018-12-17 09:52:28,MRK,75.67,8,ASK
2018-12-17 09:52:28,MRK,75.66,9,BID
2018-12-17 09:52:28,MRK,75.67,7,ASK
2018-12-17 09:52:30,MRK,75.66,8,BID
2018-12-17 09:52:30,MRK,75.67,8,ASK
2018-12-17 09:52:30,MRK,75.66,8,BID
2018-12-17 09:52:30,MRK,75.67,9,ASK
2018-12-17 09:52:32,MRK,75.65,11,BID
2018-12-17 09:52:30,MRK,75.67,13,ASK
2018-12-17 09:52:33,MRK,75.65,11,BID
2018-12-17 09:52:30,MRK,75.67,12,ASK
2018-12-17 09:49:33,MRK,75.64,12,BID
2018-12-17 09:52:33,MRK,75.66,6,ASK
2018-12-17 09:52:35,MRK,75.65,1,BID
2018-12-17 09:52:33,MRK,75.66,8,ASK
2018-12-17 09:52:35,MRK,75.65,1,BID
2018-12-17 09:52:33,MRK,75.66,8,ASK
2018-12-17 09:49:33,MRK,75.64,12,BID
2018-12-17 09:52:33,MRK,75.66,10,ASK
2018-12-17 09:49:33,MRK,75.64,12,BID
2018-12-17 09:52:33,MRK,75.66,10,ASK
2018-12-17 09:49:33,MRK,75.64,13,BID
2018-12-17 09:52:38,MRK,75.66,11,ASK
2018-12-17 09:49:33,MRK,75.64,13,BID
2018-12-17 09:52:40,MRK,75.65,2,ASK
2018-12-17 09:49:33,MRK,75.64,13,BID
2018-12-17 09:52:38,MRK,75.66,12,ASK
2018-12-17 09:52:42,MRK,75.65,5,BID
2018-12-17 09:52:42,MRK,75.66,10,ASK
2018-12-17 09:52:42,MRK,75.66,3,BID
2018-12-17 09:52:30,MRK,75.67,13,ASK
2018-12-17 09:52:44,MRK,75.66,3,BID
2018-12-17 09:52:30,MRK,75.67,12,ASK
2018-12-17 09:52:45,MRK,75.66,2,BID
2018-12-17 09:52:30,MRK,75.67,12,ASK
2018-12-17 09:52:45,MRK,75.66,5,BID
2018-12-17 09:52:30,MRK,75.67,12,ASK
2018-12-17 09:52:46,MRK,75.66,8,BID
2018-12-17 09:52:30,MRK,75.67,13,ASK
2018-12-17 09:52:48,MRK,75.66,8,BID
2018-12-17 09:52:30,MRK,75.67,12,ASK
2018-12-17 09:52:48,MRK,75.66,8,BID
2018-12-17 09:52:30,MRK,75.67,12,ASK
2018-12-17 09:52:42,MRK,75.65,9,BID
2018-12-17 09:52:49,MRK,75.66,6,ASK
2018-12-17 09:52:50,MRK,75.65,12,BID
2018-12-17 09:52:30,MRK,75.67,21,ASK
2018-12-17 09:52:51,MRK,75.65,11,BID
2018-12-17 09:52:30,MRK,75.67,20,ASK
2018-12-17 09:52:53,MRK,75.66,2,BID
2018-12-17 09:52:30,MRK,75.67,20,ASK
2018-12-17 09:52:53,MRK,75.66,2,BID
2018-12-17 09:52:30,MRK,75.67,19,ASK
2018-12-17 09:52:54,MRK,75.66,3,BID
2018-12-17 09:52:30,MRK,75.67,19,ASK
2018-12-17 09:52:54,MRK,75.66,2,BID
2018-12-17 09:52:30,MRK,75.67,20,ASK
2018-12-17 09:52:56,MRK,75.66,2,BID
2018-12-17 09:52:30,MRK,75.67,19,ASK
2018-12-17 09:52:56,MRK,75.68,4,BID
2018-12-17 09:52:13,MRK,75.69,16,ASK
2018-12-17 09:52:58,MRK,75.68,6,BID
2018-12-17 09:52:13,MRK,75.69,16,ASK
2018-12-17 09:52:59,MRK,75.68,4,BID
2018-12-17 09:52:13,MRK,75.69,15,ASK
2018-12-17 09:53:00,MRK,75.68,5,BID
2018-12-17 09:52:13,MRK,75.69,16,ASK
2018-12-17 09:53:02,MRK,75.71,3,BID
2018-12-17 09:53:02,MRK,75.72,7,ASK
2018-12-17 09:53:02,MRK,75.7,4,BID
2018-12-17 09:53:02,MRK,75.71,6,ASK
2018-12-17 09:53:02,MRK,75.7,5,BID
2018-12-17 09:53:02,MRK,75.71,8,ASK
2018-12-17 09:53:04,MRK,75.7,7,BID
2018-12-17 09:53:04,MRK,75.71,1,ASK
2018-12-17 09:53:06,MRK,75.7,4,BID
2018-12-17 09:53:06,MRK,75.71,6,ASK
2018-12-17 09:53:06,MRK,75.7,4,BID
2018-12-17 09:53:06,MRK,75.71,7,ASK
2018-12-17 09:53:06,MRK,75.7,5,BID
2018-12-17 09:53:06,MRK,75.71,8,ASK
2018-12-17 09:53:09,MRK,75.69,11,BID
2018-12-17 09:53:09,MRK,75.7,8,ASK
2018-12-17 09:53:09,MRK,75.69,11,BID
2018-12-17 09:53:10,MRK,75.71,9,ASK
2018-12-17 09:53:10,MRK,75.69,11,BID
2018-12-17 09:53:10,MRK,75.71,11,ASK
2018-12-17 09:53:10,MRK,75.69,10,BID
2018-12-17 09:53:12,MRK,75.71,15,ASK
2018-12-17 09:53:13,MRK,75.69,10,BID
2018-12-17 09:53:12,MRK,75.71,13,ASK
2018-12-17 09:53:10,MRK,75.69,9,BID
2018-12-17 09:53:13,MRK,75.71,12,ASK
2018-12-17 09:53:10,MRK,75.69,11,BID
2018-12-17 09:53:13,MRK,75.71,11,ASK
2018-12-17 09:53:16,MRK,75.7,2,BID
2018-12-17 09:53:13,MRK,75.71,13,ASK
2018-12-17 09:53:17,MRK,75.7,1,BID
2018-12-17 09:53:13,MRK,75.71,15,ASK
2018-12-17 09:53:17,MRK,75.72,8,BID
2018-12-17 09:53:17,MRK,75.73,6,ASK
2018-12-17 09:53:18,MRK,75.74,2,BID
2018-12-17 09:53:18,MRK,75.75,8,ASK
2018-12-17 09:53:18,MRK,75.74,7,BID
2018-12-17 09:53:18,MRK,75.75,8,ASK
2018-12-17 09:53:18,MRK,75.74,7,BID
2018-12-17 09:53:18,MRK,75.75,8,ASK
2018-12-17 09:53:18,MRK,75.74,6,BID
2018-12-17 09:53:19,MRK,75.75,8,ASK
2018-12-17 09:53:21,MRK,75.72,9,BID
2018-12-17 09:53:21,MRK,75.73,2,ASK
2018-12-17 09:53:23,MRK,75.72,10,BID
2018-12-17 09:53:24,MRK,75.73,7,ASK
2018-12-17 09:53:23,MRK,75.72,11,BID
2018-12-17 09:53:24,MRK,75.73,9,ASK
2018-12-17 09:53:25,MRK,75.72,9,BID
2018-12-17 09:53:24,MRK,75.73,9,ASK
2018-12-17 09:53:25,MRK,75.72,9,BID
2018-12-17 09:53:27,MRK,75.73,9,ASK
2018-12-17 09:53:28,MRK,75.7,5,BID
2018-12-17 09:53:28,MRK,75.71,8,ASK
2018-12-17 09:53:00,MRK,75.68,10,BID
2018-12-17 09:53:28,MRK,75.69,3,ASK
2018-12-17 09:53:29,MRK,75.68,7,BID
2018-12-17 09:53:28,MRK,75.69,3,ASK
2018-12-17 09:53:30,MRK,75.68,6,BID
2018-12-17 09:53:28,MRK,75.69,3,ASK
2018-12-17 09:53:31,MRK,75.67,5,BID
2018-12-17 09:53:31,MRK,75.68,11,ASK
2018-12-17 09:53:32,MRK,75.66,17,BID
2018-12-17 09:53:32,MRK,75.68,9,ASK
2018-12-17 09:53:33,MRK,75.65,6,BID
2018-12-17 09:53:33,MRK,75.66,5,ASK
2018-12-17 09:49:33,MRK,75.64,14,BID
2018-12-17 09:53:34,MRK,75.65,8,ASK
2018-12-17 09:53:35,MRK,75.63,9,BID
2018-12-17 09:53:35,MRK,75.64,7,ASK
2018-12-17 09:53:35,MRK,75.63,9,BID
2018-12-17 09:53:35,MRK,75.64,7,ASK
2018-12-17 09:53:35,MRK,75.63,9,BID
2018-12-17 09:53:35,MRK,75.64,10,ASK
2018-12-17 09:53:36,MRK,75.63,9,BID
2018-12-17 09:53:35,MRK,75.64,10,ASK
2018-12-17 09:53:39,MRK,75.62,6,BID
2018-12-17 09:53:39,MRK,75.63,4,ASK
2018-12-17 09:53:39,MRK,75.62,6,BID
2018-12-17 09:53:40,MRK,75.63,3,ASK
2018-12-17 09:53:39,MRK,75.62,6,BID
2018-12-17 09:53:41,MRK,75.63,3,ASK
2018-12-17 09:53:39,MRK,75.62,6,BID
2018-12-17 09:53:43,MRK,75.63,4,ASK
2018-12-17 09:53:43,MRK,75.61,13,BID
2018-12-17 09:53:43,MRK,75.63,11,ASK
2018-12-17 09:53:43,MRK,75.61,13,BID
2018-12-17 09:53:43,MRK,75.63,11,ASK
2018-12-17 09:53:43,MRK,75.61,12,BID
2018-12-17 09:53:43,MRK,75.63,14,ASK
2018-12-17 09:53:43,MRK,75.61,10,BID
2018-12-17 09:53:47,MRK,75.62,3,ASK
2018-12-17 09:53:43,MRK,75.61,10,BID
2018-12-17 09:53:47,MRK,75.62,3,ASK
2018-12-17 09:53:43,MRK,75.61,14,BID
2018-12-17 09:53:49,MRK,75.62,6,ASK
2018-12-17 09:53:43,MRK,75.61,10,BID
2018-12-17 09:53:49,MRK,75.62,11,ASK
2018-12-17 09:53:43,MRK,75.61,9,BID
2018-12-17 09:53:49,MRK,75.62,11,ASK
2018-12-17 09:53:52,MRK,75.63,5,BID
2018-12-17 09:53:35,MRK,75.64,5,ASK
2018-12-17 09:53:52,MRK,75.63,3,BID
2018-12-17 09:53:35,MRK,75.64,5,ASK
2018-12-17 09:53:53,MRK,75.64,7,BID
2018-12-17 09:53:34,MRK,75.66,12,ASK
2018-12-17 09:53:54,MRK,75.64,7,BID
2018-12-17 09:53:54,MRK,75.66,7,ASK
2018-12-17 09:53:54,MRK,75.64,8,BID
2018-12-17 09:53:56,MRK,75.66,11,ASK
2018-12-17 09:53:54,MRK,75.64,8,BID
2018-12-17 09:53:57,MRK,75.65,4,ASK
2018-12-17 09:53:58,MRK,75.63,6,BID
2018-12-17 09:53:58,MRK,75.65,10,ASK
2018-12-17 09:53:58,MRK,75.63,7,BID
2018-12-17 09:53:58,MRK,75.65,12,ASK
2018-12-17 09:53:58,MRK,75.63,6,BID
2018-12-17 09:53:59,MRK,75.65,16,ASK
2018-12-17 09:54:01,MRK,75.63,3,BID
2018-12-17 09:53:59,MRK,75.65,12,ASK
2018-12-17 09:54:02,MRK,75.63,6,BID
2018-12-17 09:53:59,MRK,75.65,12,ASK
2018-12-17 09:54:02,MRK,75.63,3,BID
2018-12-17 09:53:59,MRK,75.65,12,ASK
2018-12-17 09:54:04,MRK,75.64,7,BID
2018-12-17 09:54:04,MRK,75.65,1,ASK
2018-12-17 09:54:05,MRK,75.65,5,BID
2018-12-17 09:53:56,MRK,75.66,13,ASK
2018-12-17 09:54:04,MRK,75.64,11,BID
2018-12-17 09:53:56,MRK,75.66,17,ASK
2018-12-17 09:54:06,MRK,75.66,7,BID
2018-12-17 09:54:06,MRK,75.67,1,ASK
2018-12-17 09:54:06,MRK,75.66,8,BID
2018-12-17 09:54:07,MRK,75.68,12,ASK
2018-12-17 09:54:08,MRK,75.67,6,BID
2018-12-17 09:54:08,MRK,75.7,20,ASK
2018-12-17 09:54:09,MRK,75.67,5,BID
2018-12-17 09:54:09,MRK,75.7,20,ASK
2018-12-17 09:54:09,MRK,75.67,8,BID
2018-12-17 09:54:09,MRK,75.7,20,ASK
2018-12-17 09:54:10,MRK,75.68,4,BID
2018-12-17 09:54:10,MRK,75.7,14,ASK
2018-12-17 09:54:11,MRK,75.68,9,BID
2018-12-17 09:54:11,MRK,75.69,5,ASK
2018-12-17 09:54:11,MRK,75.68,7,BID
2018-12-17 09:54:10,MRK,75.69,6,ASK
2018-12-17 09:54:11,MRK,75.68,7,BID
2018-12-17 09:54:13,MRK,75.69,10,ASK
2018-12-17 09:54:15,MRK,75.68,7,BID
2018-12-17 09:54:13,MRK,75.69,10,ASK
2018-12-17 09:54:15,MRK,75.69,8,BID
2018-12-17 09:54:16,MRK,75.7,13,ASK
2018-12-17 09:54:17,MRK,75.69,6,BID
2018-12-17 09:54:17,MRK,75.7,12,ASK
2018-12-17 09:54:18,MRK,75.69,11,BID
2018-12-17 09:54:18,MRK,75.7,12,ASK
2018-12-17 09:54:19,MRK,75.69,9,BID
2018-12-17 09:54:19,MRK,75.7,6,ASK
2018-12-17 09:54:15,MRK,75.68,10,BID
2018-12-17 09:54:21,MRK,75.69,5,ASK
2018-12-17 09:54:22,MRK,75.67,7,BID
2018-12-17 09:54:22,MRK,75.68,15,ASK
2018-12-17 09:54:23,MRK,75.66,14,BID
2018-12-17 09:54:23,MRK,75.67,5,ASK
2018-12-17 09:54:23,MRK,75.66,9,BID
2018-12-17 09:54:23,MRK,75.67,5,ASK
2018-12-17 09:54:23,MRK,75.66,11,BID
2018-12-17 09:54:25,MRK,75.67,5,ASK
2018-12-17 09:54:23,MRK,75.66,12,BID
2018-12-17 09:54:25,MRK,75.67,5,ASK
2018-12-17 09:54:23,MRK,75.66,13,BID
2018-12-17 09:54:26,MRK,75.67,11,ASK
2018-12-17 09:54:23,MRK,75.66,12,BID
2018-12-17 09:54:26,MRK,75.67,11,ASK
2018-12-17 09:54:23,MRK,75.66,12,BID
2018-12-17 09:54:26,MRK,75.67,11,ASK
2018-12-17 09:54:23,MRK,75.66,13,BID
2018-12-17 09:54:26,MRK,75.67,11,ASK
2018-12-17 09:54:23,MRK,75.66,13,BID
2018-12-17 09:54:26,MRK,75.67,11,ASK
2018-12-17 09:54:23,MRK,75.66,12,BID
2018-12-17 09:54:26,MRK,75.67,11,ASK
2018-12-17 09:54:23,MRK,75.66,12,BID
2018-12-17 09:54:26,MRK,75.67,11,ASK
2018-12-17 09:54:23,MRK,75.66,10,BID
2018-12-17 09:54:26,MRK,75.67,11,ASK
2018-12-17 09:54:35,MRK,75.66,10,BID
2018-12-17 09:54:26,MRK,75.67,11,ASK
2018-12-17 09:54:06,MRK,75.65,16,BID
2018-12-17 09:54:36,MRK,75.66,10,ASK
2018-12-17 09:54:04,MRK,75.64,6,BID
2018-12-17 09:54:37,MRK,75.66,11,ASK
2018-12-17 09:54:04,MRK,75.64,6,BID
2018-12-17 09:54:37,MRK,75.66,11,ASK
2018-12-17 09:54:04,MRK,75.64,5,BID
2018-12-17 09:54:39,MRK,75.65,12,ASK
2018-12-17 09:54:03,MRK,75.63,6,BID
2018-12-17 09:54:39,MRK,75.65,15,ASK
2018-12-17 09:54:03,MRK,75.63,6,BID
2018-12-17 09:54:39,MRK,75.65,15,ASK
2018-12-17 09:54:42,MRK,75.63,9,BID
2018-12-17 09:54:42,MRK,75.64,4,ASK
2018-12-17 09:54:43,MRK,75.64,15,BID
2018-12-17 09:54:43,MRK,75.65,18,ASK
2018-12-17 09:54:43,MRK,75.64,18,BID
2018-12-17 09:54:43,MRK,75.65,18,ASK
2018-12-17 09:54:43,MRK,75.64,18,BID
2018-12-17 09:54:43,MRK,75.65,18,ASK
2018-12-17 09:54:42,MRK,75.63,13,BID
2018-12-17 09:54:43,MRK,75.65,15,ASK
2018-12-17 09:54:42,MRK,75.63,13,BID
2018-12-17 09:54:43,MRK,75.65,15,ASK
2018-12-17 09:54:48,MRK,75.63,7,BID
2018-12-17 09:54:48,MRK,75.64,5,ASK
2018-12-17 09:54:48,MRK,75.63,7,BID
2018-12-17 09:54:49,MRK,75.64,7,ASK
2018-12-17 09:53:52,MRK,75.62,17,BID
2018-12-17 09:54:50,MRK,75.63,5,ASK
2018-12-17 09:54:51,MRK,75.61,12,BID
2018-12-17 09:54:51,MRK,75.62,8,ASK
2018-12-17 09:54:51,MRK,75.61,11,BID
2018-12-17 09:54:51,MRK,75.62,9,ASK
2018-12-17 09:54:53,MRK,75.61,12,BID
2018-12-17 09:54:53,MRK,75.62,12,ASK
2018-12-17 09:54:54,MRK,75.62,9,BID
2018-12-17 09:54:54,MRK,75.63,11,ASK
2018-12-17 09:54:53,MRK,75.61,19,BID
2018-12-17 09:54:55,MRK,75.63,11,ASK
2018-12-17 09:54:53,MRK,75.61,18,BID
2018-12-17 09:54:56,MRK,75.63,11,ASK
2018-12-17 09:54:53,MRK,75.61,18,BID
2018-12-17 09:54:57,MRK,75.63,11,ASK
2018-12-17 09:54:53,MRK,75.61,17,BID
2018-12-17 09:54:58,MRK,75.62,3,ASK
2018-12-17 09:54:53,MRK,75.61,20,BID
2018-12-17 09:54:59,MRK,75.63,11,ASK
2018-12-17 09:55:00,MRK,75.63,13,BID
2018-12-17 09:55:00,MRK,75.64,2,ASK
2018-12-17 09:55:01,MRK,75.65,9,BID
2018-12-17 09:55:01,MRK,75.67,11,ASK
2018-12-17 09:55:01,MRK,75.66,4,BID
2018-12-17 09:55:01,MRK,75.67,17,ASK
2018-12-17 09:55:01,MRK,75.66,5,BID
2018-12-17 09:55:01,MRK,75.68,17,ASK
2018-12-17 09:55:02,MRK,75.66,6,BID
2018-12-17 09:55:02,MRK,75.68,8,ASK
2018-12-17 09:55:03,MRK,75.66,6,BID
2018-12-17 09:55:03,MRK,75.68,8,ASK
2018-12-17 09:55:04,MRK,75.66,6,BID
2018-12-17 09:55:04,MRK,75.68,7,ASK
2018-12-17 09:55:04,MRK,75.66,6,BID
2018-12-17 09:55:04,MRK,75.68,7,ASK
2018-12-17 09:55:04,MRK,75.68,3,BID
2018-12-17 09:55:04,MRK,75.69,9,ASK
2018-12-17 09:55:05,MRK,75.68,8,BID
2018-12-17 09:55:05,MRK,75.69,3,ASK
2018-12-17 09:55:07,MRK,75.68,6,BID
2018-12-17 09:55:07,MRK,75.69,5,ASK
2018-12-17 09:55:09,MRK,75.67,7,BID
2018-12-17 09:55:09,MRK,75.68,6,ASK
2018-12-17 09:55:09,MRK,75.67,8,BID
2018-12-17 09:55:11,MRK,75.69,13,ASK
2018-12-17 09:55:09,MRK,75.67,7,BID
2018-12-17 09:55:12,MRK,75.68,7,ASK
2018-12-17 09:55:14,MRK,75.67,10,BID
2018-12-17 09:55:09,MRK,75.69,15,ASK
2018-12-17 09:55:15,MRK,75.67,9,BID
2018-12-17 09:55:15,MRK,75.68,2,ASK
2018-12-17 09:55:15,MRK,75.67,11,BID
2018-12-17 09:55:09,MRK,75.69,15,ASK
2018-12-17 09:55:15,MRK,75.67,11,BID
2018-12-17 09:55:09,MRK,75.69,15,ASK
2018-12-17 09:55:15,MRK,75.67,11,BID
2018-12-17 09:55:09,MRK,75.69,15,ASK
2018-12-17 09:55:15,MRK,75.67,11,BID
2018-12-17 09:55:09,MRK,75.69,17,ASK
2018-12-17 09:55:01,MRK,75.66,10,BID
2018-12-17 09:55:20,MRK,75.67,8,ASK
2018-12-17 09:55:01,MRK,75.66,10,BID
2018-12-17 09:55:20,MRK,75.67,9,ASK
2018-12-17 09:55:01,MRK,75.66,10,BID
2018-12-17 09:55:22,MRK,75.67,13,ASK
2018-12-17 09:55:01,MRK,75.66,10,BID
2018-12-17 09:55:22,MRK,75.67,13,ASK
2018-12-17 09:55:24,MRK,75.64,11,BID
2018-12-17 09:55:24,MRK,75.65,7,ASK
2018-12-17 09:55:25,MRK,75.63,14,BID
2018-12-17 09:55:25,MRK,75.64,1,ASK
2018-12-17 09:55:26,MRK,75.63,9,BID
2018-12-17 09:55:25,MRK,75.64,4,ASK
2018-12-17 09:55:26,MRK,75.63,9,BID
2018-12-17 09:55:25,MRK,75.64,4,ASK
2018-12-17 09:55:26,MRK,75.63,10,BID
2018-12-17 09:55:28,MRK,75.64,6,ASK
2018-12-17 09:55:29,MRK,75.63,10,BID
2018-12-17 09:55:28,MRK,75.64,9,ASK
2018-12-17 09:55:29,MRK,75.63,10,BID
2018-12-17 09:55:28,MRK,75.64,9,ASK
2018-12-17 09:55:29,MRK,75.63,10,BID
2018-12-17 09:55:28,MRK,75.64,8,ASK
2018-12-17 09:55:29,MRK,75.63,12,BID
2018-12-17 09:55:28,MRK,75.64,8,ASK
2018-12-17 09:55:29,MRK,75.63,12,BID
2018-12-17 09:55:28,MRK,75.64,9,ASK
2018-12-17 09:55:29,MRK,75.63,12,BID
2018-12-17 09:55:28,MRK,75.64,9,ASK
2018-12-17 09:55:35,MRK,75.62,11,BID
2018-12-17 09:55:35,MRK,75.63,10,ASK
2018-12-17 09:54:59,MRK,75.61,20,BID
2018-12-17 09:55:36,MRK,75.62,3,ASK
2018-12-17 09:54:59,MRK,75.61,19,BID
2018-12-17 09:55:37,MRK,75.62,5,ASK
2018-12-17 09:54:59,MRK,75.61,19,BID
2018-12-17 09:55:37,MRK,75.62,8,ASK
2018-12-17 09:54:59,MRK,75.61,19,BID
2018-12-17 09:55:39,MRK,75.62,5,ASK
2018-12-17 09:54:59,MRK,75.61,19,BID
2018-12-17 09:55:39,MRK,75.62,5,ASK
2018-12-17 09:54:59,MRK,75.61,19,BID
2018-12-17 09:55:39,MRK,75.62,7,ASK
2018-12-17 09:54:59,MRK,75.61,17,BID
2018-12-17 09:55:42,MRK,75.62,9,ASK
2018-12-17 09:55:43,MRK,75.59,10,BID
2018-12-17 09:55:43,MRK,75.6,7,ASK
2018-12-17 09:55:43,MRK,75.59,10,BID
2018-12-17 09:55:44,MRK,75.6,1,ASK
2018-12-17 09:55:43,MRK,75.59,12,BID
2018-12-17 09:55:45,MRK,75.6,8,ASK
2018-12-17 09:55:43,MRK,75.59,11,BID
2018-12-17 09:55:45,MRK,75.6,8,ASK
2018-12-17 09:55:43,MRK,75.59,11,BID
2018-12-17 09:55:45,MRK,75.6,8,ASK
2018-12-17 09:55:43,MRK,75.59,11,BID
2018-12-17 09:55:45,MRK,75.6,8,ASK
2018-12-17 09:55:43,MRK,75.59,11,BID
2018-12-17 09:55:45,MRK,75.6,8,ASK
2018-12-17 09:55:43,MRK,75.59,13,BID
2018-12-17 09:55:45,MRK,75.6,8,ASK
2018-12-17 09:55:43,MRK,75.59,13,BID
2018-12-17 09:55:45,MRK,75.6,8,ASK
2018-12-17 09:55:53,MRK,75.61,2,BID
2018-12-17 09:55:43,MRK,75.61,7,ASK
2018-12-17 09:55:53,MRK,75.61,17,BID
2018-12-17 09:55:54,MRK,75.63,7,ASK
2018-12-17 09:55:53,MRK,75.61,15,BID
2018-12-17 09:55:54,MRK,75.63,6,ASK
2018-12-17 09:55:53,MRK,75.61,16,BID
2018-12-17 09:55:54,MRK,75.63,6,ASK
2018-12-17 09:55:53,MRK,75.61,15,BID
2018-12-17 09:55:57,MRK,75.62,1,ASK
2018-12-17 09:55:53,MRK,75.61,14,BID
2018-12-17 09:55:57,MRK,75.63,6,ASK
2018-12-17 09:55:53,MRK,75.61,15,BID
2018-12-17 09:55:59,MRK,75.63,9,ASK
2018-12-17 09:55:53,MRK,75.61,15,BID
2018-12-17 09:55:59,MRK,75.63,9,ASK
2018-12-17 09:55:53,MRK,75.61,14,BID
2018-12-17 09:55:59,MRK,75.63,11,ASK
2018-12-17 09:55:53,MRK,75.61,14,BID
2018-12-17 09:56:01,MRK,75.62,4,ASK
2018-12-17 09:55:43,MRK,75.59,14,BID
2018-12-17 09:56:03,MRK,75.6,6,ASK
2018-12-17 09:55:43,MRK,75.59,14,BID
2018-12-17 09:56:03,MRK,75.6,9,ASK
2018-12-17 09:55:43,MRK,75.59,15,BID
2018-12-17 09:56:03,MRK,75.6,9,ASK
2018-12-17 09:55:43,MRK,75.59,15,BID
2018-12-17 09:56:03,MRK,75.6,9,ASK
2018-12-17 09:55:43,MRK,75.59,15,BID
2018-12-17 09:56:05,MRK,75.6,9,ASK
2018-12-17 09:56:07,MRK,75.6,7,BID
2018-12-17 09:56:07,MRK,75.61,5,ASK
2018-12-17 09:56:08,MRK,75.6,7,BID
2018-12-17 09:56:08,MRK,75.61,6,ASK
2018-12-17 09:56:09,MRK,75.6,5,BID
2018-12-17 09:56:09,MRK,75.61,8,ASK
2018-12-17 09:55:43,MRK,75.59,16,BID
2018-12-17 09:56:10,MRK,75.6,6,ASK
2018-12-17 09:49:01,MRK,75.57,10,BID
2018-12-17 09:56:11,MRK,75.58,3,ASK
2018-12-17 09:56:12,MRK,75.57,18,BID
2018-12-17 09:56:12,MRK,75.59,13,ASK
2018-12-17 09:56:13,MRK,75.57,14,BID
2018-12-17 09:56:13,MRK,75.58,5,ASK
2018-12-17 09:56:15,MRK,75.56,8,BID
2018-12-17 09:56:15,MRK,75.57,3,ASK
2018-12-17 09:56:15,MRK,75.56,8,BID
2018-12-17 09:56:16,MRK,75.57,10,ASK
2018-12-17 09:56:17,MRK,75.56,2,BID
2018-12-17 09:56:17,MRK,75.57,18,ASK
2018-12-17 09:56:18,MRK,75.56,5,BID
2018-12-17 09:56:18,MRK,75.57,18,ASK
2018-12-17 09:56:18,MRK,75.56,15,BID
2018-12-17 09:56:18,MRK,75.57,18,ASK
2018-12-17 09:56:19,MRK,75.56,10,BID
2018-12-17 09:56:18,MRK,75.57,19,ASK
2018-12-17 09:56:20,MRK,75.56,8,BID
2018-12-17 09:56:18,MRK,75.57,19,ASK
2018-12-17 09:56:20,MRK,75.56,8,BID
2018-12-17 09:56:18,MRK,75.57,19,ASK
2018-12-17 09:56:20,MRK,75.56,8,BID
2018-12-17 09:56:18,MRK,75.57,19,ASK
2018-12-17 09:56:20,MRK,75.56,8,BID
2018-12-17 09:56:18,MRK,75.57,19,ASK
2018-12-17 09:56:20,MRK,75.56,8,BID
2018-12-17 09:56:18,MRK,75.57,20,ASK
2018-12-17 09:56:26,MRK,75.54,2,BID
2018-12-17 09:56:26,MRK,75.55,7,ASK
2018-12-17 09:56:26,MRK,75.54,2,BID
2018-12-17 09:56:26,MRK,75.55,15,ASK
2018-12-17 09:56:27,MRK,75.54,13,BID
2018-12-17 09:56:26,MRK,75.55,15,ASK
2018-12-17 09:56:27,MRK,75.54,13,BID
2018-12-17 09:56:26,MRK,75.55,15,ASK
2018-12-17 09:56:27,MRK,75.54,16,BID
2018-12-17 09:56:29,MRK,75.55,1,ASK
2018-12-17 09:56:30,MRK,75.54,17,BID
2018-12-17 09:56:31,MRK,75.56,13,ASK
2018-12-17 09:56:31,MRK,75.54,12,BID
2018-12-17 09:56:32,MRK,75.55,3,ASK
2018-12-17 09:56:32,MRK,75.54,15,BID
2018-12-17 09:56:32,MRK,75.55,7,ASK
2018-12-17 09:56:32,MRK,75.54,19,BID
2018-12-17 09:56:32,MRK,75.55,7,ASK
2018-12-17 09:56:32,MRK,75.54,18,BID
2018-12-17 09:56:32,MRK,75.55,7,ASK
2018-12-17 09:48:27,MRK,75.53,12,BID
2018-12-17 09:56:36,MRK,75.54,7,ASK
2018-12-17 09:48:27,MRK,75.53,11,BID
2018-12-17 09:56:36,MRK,75.54,14,ASK
2018-12-17 09:56:37,MRK,75.52,13,BID
2018-12-17 09:56:36,MRK,75.54,15,ASK
2018-12-17 09:56:38,MRK,75.52,13,BID
2018-12-17 09:56:36,MRK,75.54,15,ASK
2018-12-17 09:56:40,MRK,75.52,19,BID
2018-12-17 09:56:40,MRK,75.54,15,ASK
2018-12-17 09:56:40,MRK,75.52,19,BID
2018-12-17 09:56:40,MRK,75.54,17,ASK
2018-12-17 09:56:40,MRK,75.52,19,BID
2018-12-17 09:56:40,MRK,75.54,17,ASK
2018-12-17 09:56:40,MRK,75.52,19,BID
2018-12-17 09:56:42,MRK,75.53,9,ASK
2018-12-17 09:56:44,MRK,75.52,16,BID
2018-12-17 09:56:42,MRK,75.53,8,ASK
2018-12-17 09:56:44,MRK,75.52,16,BID
2018-12-17 09:56:42,MRK,75.53,8,ASK
2018-12-17 09:56:46,MRK,75.53,20,BID
2018-12-17 09:56:46,MRK,75.54,16,ASK
2018-12-17 09:56:47,MRK,75.53,19,BID
2018-12-17 09:56:46,MRK,75.54,16,ASK
2018-12-17 09:56:47,MRK,75.53,19,BID
2018-12-17 09:56:46,MRK,75.54,16,ASK
2018-12-17 09:56:48,MRK,75.53,19,BID
2018-12-17 09:56:46,MRK,75.54,17,ASK
2018-12-17 09:56:48,MRK,75.53,19,BID
2018-12-17 09:56:46,MRK,75.54,17,ASK
2018-12-17 09:56:48,MRK,75.53,20,BID
2018-12-17 09:56:46,MRK,75.54,18,ASK
2018-12-17 09:56:52,MRK,75.53,19,BID
2018-12-17 09:56:46,MRK,75.54,19,ASK
2018-12-17 09:56:53,MRK,75.53,19,BID
2018-12-17 09:56:46,MRK,75.54,19,ASK
2018-12-17 09:56:54,MRK,75.53,19,BID
2018-12-17 09:56:46,MRK,75.54,19,ASK
2018-12-17 09:56:54,MRK,75.53,20,BID
2018-12-17 09:56:46,MRK,75.54,19,ASK
2018-12-17 09:56:54,MRK,75.53,23,BID
2018-12-17 09:56:46,MRK,75.54,18,ASK
2018-12-17 09:56:54,MRK,75.53,21,BID
2018-12-17 09:56:46,MRK,75.54,18,ASK
2018-12-17 09:56:54,MRK,75.53,31,BID
2018-12-17 09:56:46,MRK,75.54,18,ASK
2018-12-17 09:56:54,MRK,75.53,29,BID
2018-12-17 09:56:46,MRK,75.54,18,ASK
2018-12-17 09:56:59,MRK,75.56,8,BID
2018-12-17 09:56:59,MRK,75.57,3,ASK
2018-12-17 09:57:00,MRK,75.56,6,BID
2018-12-17 09:57:00,MRK,75.57,8,ASK
2018-12-17 09:57:02,MRK,75.55,8,BID
2018-12-17 09:57:02,MRK,75.56,13,ASK
2018-12-17 09:57:02,MRK,75.55,10,BID
2018-12-17 09:57:03,MRK,75.56,9,ASK
2018-12-17 09:57:03,MRK,75.55,11,BID
2018-12-17 09:57:04,MRK,75.56,9,ASK
2018-12-17 09:56:54,MRK,75.53,24,BID
2018-12-17 09:57:04,MRK,75.54,7,ASK
2018-12-17 09:56:54,MRK,75.53,24,BID
2018-12-17 09:57:06,MRK,75.54,10,ASK
2018-12-17 09:56:54,MRK,75.53,24,BID
2018-12-17 09:57:06,MRK,75.54,10,ASK
2018-12-17 09:56:54,MRK,75.53,24,BID
2018-12-17 09:57:06,MRK,75.54,10,ASK
2018-12-17 09:56:54,MRK,75.53,24,BID
2018-12-17 09:57:06,MRK,75.54,12,ASK
2018-12-17 09:57:10,MRK,75.52,10,BID
2018-12-17 09:57:09,MRK,75.53,7,ASK
2018-12-17 09:57:10,MRK,75.52,19,BID
2018-12-17 09:57:11,MRK,75.53,3,ASK
2018-12-17 09:57:12,MRK,75.51,20,BID
2018-12-17 09:57:12,MRK,75.53,7,ASK
2018-12-17 09:57:13,MRK,75.5,7,BID
2018-12-17 09:57:13,MRK,75.51,5,ASK
2018-12-17 09:57:13,MRK,75.5,8,BID
2018-12-17 09:57:13,MRK,75.51,8,ASK
2018-12-17 09:57:13,MRK,75.5,8,BID
2018-12-17 09:57:13,MRK,75.51,8,ASK
2018-12-17 09:57:13,MRK,75.5,8,BID
2018-12-17 09:57:13,MRK,75.51,8,ASK
2018-12-17 09:57:13,MRK,75.5,8,BID
2018-12-17 09:57:13,MRK,75.51,8,ASK
2018-12-17 09:57:17,MRK,75.5,8,BID
2018-12-17 09:57:17,MRK,75.51,13,ASK
2018-12-17 09:57:19,MRK,75.51,11,BID
2018-12-17 09:57:19,MRK,75.52,9,ASK
2018-12-17 09:57:20,MRK,75.51,7,BID
2018-12-17 09:57:19,MRK,75.52,11,ASK
2018-12-17 09:57:20,MRK,75.51,7,BID
2018-12-17 09:57:19,MRK,75.52,11,ASK
2018-12-17 09:57:20,MRK,75.51,7,BID
2018-12-17 09:57:19,MRK,75.52,11,ASK
2018-12-17 09:57:20,MRK,75.51,7,BID
2018-12-17 09:57:19,MRK,75.52,11,ASK
2018-12-17 09:57:20,MRK,75.51,7,BID
2018-12-17 09:57:19,MRK,75.52,14,ASK
2018-12-17 09:57:19,MRK,75.5,13,BID
2018-12-17 09:57:24,MRK,75.51,10,ASK
2018-12-17 09:44:02,MRK,75.49,5,BID
2018-12-17 09:57:25,MRK,75.51,24,ASK
2018-12-17 09:57:27,MRK,75.5,7,BID
2018-12-17 09:57:27,MRK,75.51,25,ASK
2018-12-17 09:57:27,MRK,75.5,24,BID
2018-12-17 09:57:27,MRK,75.51,1,ASK
2018-12-17 09:57:27,MRK,75.5,24,BID
2018-12-17 09:57:27,MRK,75.51,1,ASK
2018-12-17 09:57:30,MRK,75.5,17,BID
2018-12-17 09:57:30,MRK,75.51,1,ASK
2018-12-17 09:57:30,MRK,75.5,20,BID
2018-12-17 09:57:31,MRK,75.51,1,ASK
2018-12-17 09:57:32,MRK,75.51,9,BID
2018-12-17 09:57:24,MRK,75.52,14,ASK
2018-12-17 09:57:32,MRK,75.51,10,BID
2018-12-17 09:57:24,MRK,75.52,14,ASK
2018-12-17 09:57:34,MRK,75.52,16,BID
2018-12-17 09:57:11,MRK,75.53,5,ASK
2018-12-17 09:57:34,MRK,75.52,12,BID
2018-12-17 09:57:11,MRK,75.53,4,ASK
2018-12-17 09:57:36,MRK,75.52,9,BID
2018-12-17 09:57:11,MRK,75.53,4,ASK
2018-12-17 09:57:36,MRK,75.52,9,BID
2018-12-17 09:57:37,MRK,75.53,5,ASK
2018-12-17 09:57:37,MRK,75.52,12,BID
2018-12-17 09:57:11,MRK,75.54,13,ASK
2018-12-17 09:57:39,MRK,75.53,8,BID
2018-12-17 09:57:39,MRK,75.54,10,ASK
2018-12-17 09:57:40,MRK,75.54,9,BID
2018-12-17 09:57:39,MRK,75.56,10,ASK
2018-12-17 09:57:41,MRK,75.55,7,BID
2018-12-17 09:57:41,MRK,75.56,9,ASK
2018-12-17 09:57:42,MRK,75.57,7,BID
2018-12-17 09:57:42,MRK,75.58,13,ASK
2018-12-17 09:57:43,MRK,75.59,9,BID
2018-12-17 09:57:43,MRK,75.6,11,ASK
2018-12-17 09:57:44,MRK,75.6,7,BID
2018-12-17 09:57:44,MRK,75.61,3,ASK
2018-12-17 09:57:44,MRK,75.6,10,BID
2018-12-17 09:57:45,MRK,75.61,12,ASK
2018-12-17 09:57:44,MRK,75.6,9,BID
2018-12-17 09:57:46,MRK,75.62,13,ASK
2018-12-17 09:57:44,MRK,75.6,11,BID
2018-12-17 09:57:47,MRK,75.61,2,ASK
2018-12-17 09:57:44,MRK,75.6,12,BID
2018-12-17 09:57:47,MRK,75.62,16,ASK
2018-12-17 09:57:49,MRK,75.59,12,BID
2018-12-17 09:57:49,MRK,75.6,6,ASK
2018-12-17 09:57:50,MRK,75.59,14,BID
2018-12-17 09:57:49,MRK,75.6,9,ASK
2018-12-17 09:57:51,MRK,75.59,10,BID
2018-12-17 09:57:50,MRK,75.6,12,ASK
2018-12-17 09:57:52,MRK,75.59,10,BID
2018-12-17 09:57:50,MRK,75.6,12,ASK
2018-12-17 09:57:53,MRK,75.59,9,BID
2018-12-17 09:57:50,MRK,75.6,11,ASK
2018-12-17 09:57:54,MRK,75.58,9,BID
2018-12-17 09:57:54,MRK,75.59,12,ASK
2018-12-17 09:57:54,MRK,75.58,11,BID
2018-12-17 09:57:55,MRK,75.59,17,ASK
2018-12-17 09:57:54,MRK,75.58,11,BID
2018-12-17 09:57:55,MRK,75.59,17,ASK
2018-12-17 09:57:57,MRK,75.57,5,BID
2018-12-17 09:57:56,MRK,75.58,6,ASK
2018-12-17 09:57:58,MRK,75.57,10,BID
2018-12-17 09:57:58,MRK,75.58,7,ASK
2018-12-17 09:57:58,MRK,75.57,10,BID
2018-12-17 09:57:58,MRK,75.58,7,ASK
2018-12-17 09:58:00,MRK,75.57,9,BID
2018-12-17 09:57:58,MRK,75.58,8,ASK
2018-12-17 09:58:00,MRK,75.57,9,BID
2018-12-17 09:57:58,MRK,75.58,8,ASK
2018-12-17 09:58:00,MRK,75.57,9,BID
2018-12-17 09:57:58,MRK,75.58,8,ASK
2018-12-17 09:58:00,MRK,75.57,9,BID
2018-12-17 09:57:58,MRK,75.58,8,ASK
2018-12-17 09:58:04,MRK,75.56,5,BID
2018-12-17 09:58:04,MRK,75.57,6,ASK
2018-12-17 09:58:05,MRK,75.57,6,BID
2018-12-17 09:58:04,MRK,75.58,13,ASK
2018-12-17 09:58:06,MRK,75.56,8,BID
2018-12-17 09:58:04,MRK,75.58,13,ASK
2018-12-17 09:58:07,MRK,75.56,8,BID
2018-12-17 09:58:04,MRK,75.58,13,ASK
2018-12-17 09:58:07,MRK,75.56,8,BID
2018-12-17 09:58:04,MRK,75.58,13,ASK
2018-12-17 09:58:09,MRK,75.56,8,BID
2018-12-17 09:58:04,MRK,75.58,13,ASK
2018-12-17 09:58:09,MRK,75.56,8,BID
2018-12-17 09:58:04,MRK,75.58,13,ASK
2018-12-17 09:58:11,MRK,75.57,9,BID
2018-12-17 09:58:04,MRK,75.58,12,ASK
2018-12-17 09:58:11,MRK,75.57,10,BID
2018-12-17 09:58:04,MRK,75.58,12,ASK
2018-12-17 09:58:13,MRK,75.58,8,BID
2018-12-17 09:57:56,MRK,75.59,22,ASK
2018-12-17 09:58:11,MRK,75.57,18,BID
2018-12-17 09:57:56,MRK,75.59,23,ASK
2018-12-17 09:58:11,MRK,75.57,18,BID
2018-12-17 09:57:56,MRK,75.59,23,ASK
2018-12-17 09:58:11,MRK,75.57,18,BID
2018-12-17 09:57:56,MRK,75.59,23,ASK
2018-12-17 09:58:11,MRK,75.57,18,BID
2018-12-17 09:58:17,MRK,75.59,24,ASK
2018-12-17 09:58:11,MRK,75.57,20,BID
2018-12-17 09:58:18,MRK,75.59,23,ASK
2018-12-17 09:58:19,MRK,75.58,6,BID
2018-12-17 09:58:19,MRK,75.59,23,ASK
2018-12-17 09:58:20,MRK,75.58,4,BID
2018-12-17 09:58:20,MRK,75.59,23,ASK
2018-12-17 09:58:21,MRK,75.58,6,BID
2018-12-17 09:58:21,MRK,75.59,26,ASK
2018-12-17 09:58:21,MRK,75.58,5,BID
2018-12-17 09:58:22,MRK,75.59,26,ASK
2018-12-17 09:58:21,MRK,75.58,6,BID
2018-12-17 09:58:22,MRK,75.59,26,ASK
2018-12-17 09:58:24,MRK,75.58,8,BID
2018-12-17 09:58:24,MRK,75.59,25,ASK
2018-12-17 09:58:25,MRK,75.58,14,BID
2018-12-17 09:57:53,MRK,75.6,17,ASK
2018-12-17 09:58:25,MRK,75.6,4,BID
2018-12-17 09:58:25,MRK,75.61,9,ASK
2018-12-17 09:58:25,MRK,75.6,6,BID
2018-12-17 09:58:26,MRK,75.61,7,ASK
2018-12-17 09:58:28,MRK,75.62,5,BID
2018-12-17 09:58:27,MRK,75.63,11,ASK
2018-12-17 09:58:29,MRK,75.62,7,BID
2018-12-17 09:58:27,MRK,75.63,11,ASK
2018-12-17 09:58:30,MRK,75.62,7,BID
2018-12-17 09:58:27,MRK,75.63,11,ASK
2018-12-17 09:58:30,MRK,75.62,7,BID
2018-12-17 09:58:30,MRK,75.63,11,ASK
2018-12-17 09:58:30,MRK,75.62,7,BID
2018-12-17 09:58:30,MRK,75.63,11,ASK
2018-12-17 09:58:33,MRK,75.63,3,BID
2018-12-17 09:58:33,MRK,75.65,12,ASK
2018-12-17 09:58:34,MRK,75.64,3,BID
2018-12-17 09:58:34,MRK,75.65,14,ASK
2018-12-17 09:58:35,MRK,75.65,4,BID
2018-12-17 09:55:24,MRK,75.66,17,ASK
2018-12-17 09:58:36,MRK,75.64,4,BID
2018-12-17 09:58:35,MRK,75.65,6,ASK
2018-12-17 09:58:37,MRK,75.64,9,BID
2018-12-17 09:58:37,MRK,75.65,5,ASK
2018-12-17 09:58:37,MRK,75.64,8,BID
2018-12-17 09:58:38,MRK,75.65,6,ASK
2018-12-17 09:58:39,MRK,75.65,6,BID
2018-12-17 09:58:39,MRK,75.66,12,ASK
2018-12-17 09:58:39,MRK,75.65,5,BID
2018-12-17 09:58:39,MRK,75.66,12,ASK
2018-12-17 09:58:39,MRK,75.65,6,BID
2018-12-17 09:58:41,MRK,75.67,5,ASK
2018-12-17 09:58:39,MRK,75.65,6,BID
2018-12-17 09:58:42,MRK,75.67,6,ASK
2018-12-17 09:58:37,MRK,75.64,8,BID
2018-12-17 09:58:43,MRK,75.65,6,ASK
2018-12-17 09:58:34,MRK,75.63,7,BID
2018-12-17 09:58:44,MRK,75.64,3,ASK
2018-12-17 09:58:34,MRK,75.63,7,BID
2018-12-17 09:58:44,MRK,75.65,10,ASK
2018-12-17 09:58:34,MRK,75.63,7,BID
2018-12-17 09:58:44,MRK,75.65,10,ASK
2018-12-17 09:58:34,MRK,75.63,7,BID
2018-12-17 09:58:47,MRK,75.65,11,ASK
2018-12-17 09:58:48,MRK,75.64,9,BID
2018-12-17 09:58:48,MRK,75.65,10,ASK
2018-12-17 09:58:48,MRK,75.64,10,BID
2018-12-17 09:58:49,MRK,75.65,8,ASK
2018-12-17 09:58:48,MRK,75.64,9,BID
2018-12-17 09:58:49,MRK,75.65,8,ASK
2018-12-17 09:58:48,MRK,75.64,9,BID
2018-12-17 09:58:49,MRK,75.65,8,ASK
2018-12-17 09:58:48,MRK,75.64,9,BID
2018-12-17 09:58:49,MRK,75.65,8,ASK
2018-12-17 09:58:48,MRK,75.64,9,BID
2018-12-17 09:58:53,MRK,75.65,7,ASK
2018-12-17 09:58:48,MRK,75.64,10,BID
2018-12-17 09:58:53,MRK,75.65,8,ASK
2018-12-17 09:58:55,MRK,75.62,20,BID
2018-12-17 09:58:55,MRK,75.63,9,ASK
2018-12-17 09:58:55,MRK,75.62,18,BID
2018-12-17 09:58:55,MRK,75.63,7,ASK
2018-12-17 09:58:57,MRK,75.61,10,BID
2018-12-17 09:58:57,MRK,75.62,4,ASK
2018-12-17 09:58:58,MRK,75.62,6,BID
2018-12-17 09:58:55,MRK,75.63,12,ASK
2018-12-17 09:58:59,MRK,75.63,12,BID
2018-12-17 09:58:54,MRK,75.65,11,ASK
2018-12-17 09:58:59,MRK,75.63,12,BID
2018-12-17 09:58:54,MRK,75.65,11,ASK
2018-12-17 09:59:01,MRK,75.64,6,BID
2018-12-17 09:58:54,MRK,75.65,11,ASK
2018-12-17 09:59:02,MRK,75.65,7,BID
2018-12-17 09:59:02,MRK,75.66,8,ASK
2018-12-17 09:59:03,MRK,75.65,3,BID
2018-12-17 09:59:03,MRK,75.66,13,ASK
2018-12-17 09:59:04,MRK,75.66,8,BID
2018-12-17 09:59:04,MRK,75.68,11,ASK
2018-12-17 09:59:05,MRK,75.66,7,BID
2018-12-17 09:59:05,MRK,75.68,11,ASK
2018-12-17 09:59:05,MRK,75.66,7,BID
2018-12-17 09:59:05,MRK,75.68,11,ASK
2018-12-17 09:59:05,MRK,75.66,7,BID
2018-12-17 09:59:07,MRK,75.68,11,ASK
2018-12-17 09:59:05,MRK,75.66,7,BID
2018-12-17 09:59:07,MRK,75.68,11,ASK
2018-12-17 09:59:05,MRK,75.66,7,BID
2018-12-17 09:59:07,MRK,75.68,11,ASK
2018-12-17 09:59:05,MRK,75.66,7,BID
2018-12-17 09:59:07,MRK,75.68,11,ASK
2018-12-17 09:59:11,MRK,75.68,11,BID
2018-12-17 09:59:11,MRK,75.69,11,ASK
2018-12-17 09:59:11,MRK,75.68,11,BID
2018-12-17 09:59:12,MRK,75.69,11,ASK
2018-12-17 09:59:13,MRK,75.68,8,BID
2018-12-17 09:59:13,MRK,75.69,12,ASK
2018-12-17 09:59:14,MRK,75.68,7,BID
2018-12-17 09:59:14,MRK,75.69,13,ASK
2018-12-17 09:59:14,MRK,75.68,8,BID
2018-12-17 09:59:14,MRK,75.69,12,ASK
2018-12-17 09:59:16,MRK,75.69,17,BID
2018-12-17 09:59:16,MRK,75.71,9,ASK
2018-12-17 09:59:17,MRK,75.69,9,BID
2018-12-17 09:59:17,MRK,75.71,10,ASK
2018-12-17 09:59:18,MRK,75.69,12,BID
2018-12-17 09:59:18,MRK,75.7,5,ASK
2018-12-17 09:59:19,MRK,75.69,13,BID
2018-12-17 09:59:19,MRK,75.7,3,ASK
2018-12-17 09:59:20,MRK,75.69,13,BID
2018-12-17 09:59:19,MRK,75.71,10,ASK
2018-12-17 09:59:21,MRK,75.7,6,BID
2018-12-17 09:59:21,MRK,75.71,12,ASK
2018-12-17 09:59:22,MRK,75.69,12,BID
2018-12-17 09:59:22,MRK,75.7,5,ASK
2018-12-17 09:59:23,MRK,75.69,13,BID
2018-12-17 09:59:21,MRK,75.71,11,ASK
2018-12-17 09:59:24,MRK,75.7,6,BID
2018-12-17 09:59:24,MRK,75.71,12,ASK
2018-12-17 09:59:25,MRK,75.71,6,BID
2018-12-17 09:53:28,MRK,75.72,16,ASK
2018-12-17 09:59:26,MRK,75.71,6,BID
2018-12-17 09:53:28,MRK,75.72,16,ASK
2018-12-17 09:59:26,MRK,75.71,8,BID
2018-12-17 09:53:28,MRK,75.72,16,ASK
2018-12-17 09:59:28,MRK,75.71,9,BID
2018-12-17 09:53:28,MRK,75.72,16,ASK
2018-12-17 09:59:29,MRK,75.71,9,BID
2018-12-17 09:53:28,MRK,75.72,17,ASK
2018-12-17 09:59:30,MRK,75.7,11,BID
2018-12-17 09:59:30,MRK,75.71,6,ASK
2018-12-17 09:59:31,MRK,75.71,10,BID
2018-12-17 09:53:28,MRK,75.72,18,ASK
2018-12-17 09:59:32,MRK,75.71,8,BID
2018-12-17 09:53:28,MRK,75.72,18,ASK
2018-12-17 09:59:33,MRK,75.71,8,BID
2018-12-17 09:53:28,MRK,75.72,18,ASK
2018-12-17 09:59:34,MRK,75.71,8,BID
2018-12-17 09:53:28,MRK,75.72,18,ASK
2018-12-17 09:59:35,MRK,75.71,9,BID
2018-12-17 09:53:28,MRK,75.72,18,ASK
2018-12-17 09:59:36,MRK,75.73,10,BID
2018-12-17 09:53:18,MRK,75.75,12,ASK
2018-12-17 09:59:36,MRK,75.74,5,BID
2018-12-17 09:59:36,MRK,75.75,4,ASK
2018-12-17 09:59:36,MRK,75.73,11,BID
2018-12-17 09:59:36,MRK,75.75,4,ASK
2018-12-17 09:59:38,MRK,75.74,6,BID
2018-12-17 09:59:38,MRK,75.76,10,ASK
2018-12-17 09:59:38,MRK,75.74,7,BID
2018-12-17 09:59:38,MRK,75.76,10,ASK
2018-12-17 09:59:36,MRK,75.73,7,BID
2018-12-17 09:59:41,MRK,75.75,12,ASK
2018-12-17 09:59:36,MRK,75.73,11,BID
2018-12-17 09:59:42,MRK,75.75,22,ASK
2018-12-17 09:59:36,MRK,75.73,11,BID
2018-12-17 09:59:42,MRK,75.75,23,ASK
2018-12-17 09:59:44,MRK,75.73,1,BID
2018-12-17 09:59:44,MRK,75.74,9,ASK
2018-12-17 09:59:45,MRK,75.73,3,BID
2018-12-17 09:59:45,MRK,75.74,8,ASK
2018-12-17 09:59:46,MRK,75.73,4,BID
2018-12-17 09:59:47,MRK,75.74,5,ASK
2018-12-17 09:59:47,MRK,75.73,4,BID
2018-12-17 09:59:47,MRK,75.74,6,ASK
2018-12-17 09:59:47,MRK,75.73,5,BID
2018-12-17 09:59:48,MRK,75.74,6,ASK
2018-12-17 09:59:49,MRK,75.74,3,BID
2018-12-17 09:59:49,MRK,75.75,21,ASK
2018-12-17 09:59:50,MRK,75.76,6,BID
2018-12-17 09:50:00,MRK,75.78,10,ASK
2018-12-17 09:59:51,MRK,75.76,7,BID
2018-12-17 09:50:00,MRK,75.78,6,ASK
2018-12-17 09:59:52,MRK,75.79,5,BID
2018-12-17 09:37:07,MRK,75.8,5,ASK
2018-12-17 09:59:52,MRK,75.77,9,BID
2018-12-17 09:59:52,MRK,75.78,5,ASK
2018-12-17 09:59:54,MRK,75.79,6,BID
2018-12-17 09:59:54,MRK,75.8,12,ASK
2018-12-17 09:59:54,MRK,75.78,7,BID
2018-12-17 09:59:54,MRK,75.79,11,ASK
2018-12-17 09:59:55,MRK,75.79,4,BID
2018-12-17 09:59:54,MRK,75.8,10,ASK
2018-12-17 09:59:57,MRK,75.79,7,BID
2018-12-17 09:59:54,MRK,75.8,9,ASK
2018-12-17 09:59:56,MRK,75.78,12,BID
2018-12-17 09:59:54,MRK,75.8,9,ASK
2018-12-17 09:59:56,MRK,75.78,11,BID
2018-12-17 09:59:59,MRK,75.79,10,ASK
2018-12-17 09:59:50,MRK,75.75,5,BID
2018-12-17 10:00:00,MRK,75.77,5,ASK
2018-12-17 10:00:00,MRK,75.75,8,BID
2018-12-17 10:00:00,MRK,75.77,9,ASK
2018-12-17 10:00:01,MRK,75.74,10,BID
2018-12-17 10:00:01,MRK,75.76,4,ASK
2018-12-17 10:00:02,MRK,75.74,9,BID
2018-12-17 10:00:01,MRK,75.76,7,ASK
2018-12-17 10:00:02,MRK,75.75,5,BID
2018-12-17 10:00:01,MRK,75.76,8,ASK
2018-12-17 10:00:02,MRK,75.74,10,BID
2018-12-17 10:00:03,MRK,75.76,7,ASK
2018-12-17 10:00:03,MRK,75.74,13,BID
2018-12-17 10:00:04,MRK,75.75,7,ASK
2018-12-17 10:00:05,MRK,75.75,10,BID
2018-12-17 10:00:05,MRK,75.76,7,ASK
2018-12-17 10:00:07,MRK,75.73,16,BID
2018-12-17 10:00:07,MRK,75.74,20,ASK
2018-12-17 10:00:07,MRK,75.73,25,BID
2018-12-17 10:00:07,MRK,75.75,12,ASK
2018-12-17 10:00:08,MRK,75.77,8,BID
2018-12-17 10:00:08,MRK,75.78,8,ASK
2018-12-17 10:00:08,MRK,75.77,5,BID
2018-12-17 10:00:08,MRK,75.78,11,ASK
2018-12-17 10:00:09,MRK,75.77,5,BID
2018-12-17 10:00:08,MRK,75.78,12,ASK
2018-12-17 10:00:08,MRK,75.76,9,BID
2018-12-17 10:00:09,MRK,75.78,13,ASK
2018-12-17 10:00:10,MRK,75.75,7,BID
2018-12-17 10:00:10,MRK,75.77,7,ASK
2018-12-17 10:00:10,MRK,75.75,8,BID
2018-12-17 10:00:12,MRK,75.76,3,ASK
2018-12-17 10:00:13,MRK,75.74,4,BID
2018-12-17 10:00:13,MRK,75.76,5,ASK
2018-12-17 10:00:15,MRK,75.75,3,BID
2018-12-17 10:00:15,MRK,75.77,6,ASK
2018-12-17 10:00:15,MRK,75.76,5,BID
2018-12-17 10:00:15,MRK,75.77,6,ASK
2018-12-17 10:00:15,MRK,75.76,5,BID
2018-12-17 10:00:17,MRK,75.78,12,ASK
2018-12-17 10:00:15,MRK,75.76,5,BID
2018-12-17 10:00:17,MRK,75.78,13,ASK
2018-12-17 10:00:22,MRK,75.75,7,BID
2018-12-17 10:00:22,MRK,75.76,2,ASK
2018-12-17 10:00:22,MRK,75.73,4,BID
2018-12-17 10:00:22,MRK,75.75,8,ASK
2018-12-17 10:00:23,MRK,75.73,4,BID
2018-12-17 10:00:23,MRK,75.75,9,ASK
2018-12-17 10:00:24,MRK,75.73,4,BID
2018-12-17 10:00:24,MRK,75.75,10,ASK
2018-12-17 10:00:26,MRK,75.73,6,BID
2018-12-17 10:00:25,MRK,75.75,6,ASK
2018-12-17 10:00:26,MRK,75.72,6,BID
2018-12-17 10:00:26,MRK,75.73,8,ASK
2018-12-17 10:00:27,MRK,75.7,9,BID
2018-12-17 10:00:27,MRK,75.71,5,ASK
2018-12-17 10:00:28,MRK,75.69,12,BID
2018-12-17 10:00:27,MRK,75.71,5,ASK
2018-12-17 10:00:28,MRK,75.69,13,BID
2018-12-17 10:00:27,MRK,75.71,6,ASK
2018-12-17 10:00:30,MRK,75.72,2,BID
2018-12-17 10:00:30,MRK,75.74,5,ASK
2018-12-17 10:00:32,MRK,75.72,2,BID
2018-12-17 10:00:32,MRK,75.74,6,ASK
2018-12-17 10:00:33,MRK,75.72,6,BID
2018-12-17 10:00:33,MRK,75.74,7,ASK
2018-12-17 10:00:33,MRK,75.73,6,BID
2018-12-17 10:00:33,MRK,75.74,9,ASK
2018-12-17 10:00:35,MRK,75.72,7,BID
2018-12-17 10:00:35,MRK,75.74,8,ASK
2018-12-17 10:00:35,MRK,75.72,6,BID
2018-12-17 10:00:35,MRK,75.74,8,ASK
2018-12-17 10:00:35,MRK,75.72,6,BID
2018-12-17 10:00:35,MRK,75.74,8,ASK
2018-12-17 10:00:35,MRK,75.72,6,BID
2018-12-17 10:00:35,MRK,75.74,8,ASK
2018-12-17 10:00:38,MRK,75.72,5,BID
2018-12-17 10:00:35,MRK,75.74,8,ASK
2018-12-17 10:00:38,MRK,75.72,5,BID
2018-12-17 10:00:39,MRK,75.73,2,ASK
2018-12-17 10:00:41,MRK,75.71,13,BID
2018-12-17 10:00:41,MRK,75.72,2,ASK
2018-12-17 10:00:42,MRK,75.72,7,BID
2018-12-17 10:00:41,MRK,75.73,10,ASK
2018-12-17 10:00:42,MRK,75.72,7,BID
2018-12-17 10:00:41,MRK,75.73,10,ASK
2018-12-17 10:00:44,MRK,75.71,14,BID
2018-12-17 10:00:41,MRK,75.73,10,ASK
2018-12-17 10:00:44,MRK,75.71,14,BID
2018-12-17 10:00:41,MRK,75.73,10,ASK
2018-12-17 10:00:44,MRK,75.71,14,BID
2018-12-17 10:00:41,MRK,75.73,10,ASK
2018-12-17 10:00:47,MRK,75.72,6,BID
2018-12-17 10:00:47,MRK,75.73,9,ASK
2018-12-17 10:00:47,MRK,75.71,12,BID
2018-12-17 10:00:47,MRK,75.73,15,ASK
2018-12-17 10:00:47,MRK,75.71,12,BID
2018-12-17 10:00:47,MRK,75.73,13,ASK
2018-12-17 10:00:47,MRK,75.71,12,BID
2018-12-17 10:00:47,MRK,75.73,13,ASK
2018-12-17 10:00:47,MRK,75.71,12,BID
2018-12-17 10:00:50,MRK,75.73,15,ASK
2018-12-17 10:00:51,MRK,75.71,11,BID
2018-12-17 10:00:52,MRK,75.73,17,ASK
2018-12-17 10:00:51,MRK,75.71,11,BID
2018-12-17 10:00:52,MRK,75.73,17,ASK
2018-12-17 10:00:53,MRK,75.73,11,BID
2018-12-17 10:00:35,MRK,75.74,9,ASK
2018-12-17 10:00:54,MRK,75.73,14,BID
2018-12-17 10:00:25,MRK,75.75,5,ASK
2018-12-17 10:00:55,MRK,75.74,8,BID
2018-12-17 10:00:55,MRK,75.76,5,ASK
2018-12-17 10:00:55,MRK,75.74,8,BID
2018-12-17 10:00:55,MRK,75.76,5,ASK
2018-12-17 10:00:58,MRK,75.74,7,BID
2018-12-17 10:00:57,MRK,75.76,3,ASK
2018-12-17 10:00:58,MRK,75.76,1,BID
2018-12-17 10:00:58,MRK,75.76,1,ASK
2018-12-17 10:00:58,MRK,75.74,10,BID
2018-12-17 10:01:00,MRK,75.76,7,ASK
2018-12-17 10:01:01,MRK,75.75,4,BID
2018-12-17 10:00:58,MRK,75.77,16,ASK
2018-12-17 10:01:01,MRK,75.75,10,BID
2018-12-17 10:01:02,MRK,75.77,13,ASK
2018-12-17 10:01:02,MRK,75.75,9,BID
2018-12-17 10:01:02,MRK,75.77,14,ASK
2018-12-17 10:01:03,MRK,75.75,12,BID
2018-12-17 10:01:03,MRK,75.77,14,ASK
2018-12-17 10:01:03,MRK,75.75,12,BID
2018-12-17 10:01:03,MRK,75.77,12,ASK
2018-12-17 10:01:03,MRK,75.75,12,BID
2018-12-17 10:01:03,MRK,75.77,12,ASK
2018-12-17 10:00:54,MRK,75.73,16,BID
2018-12-17 10:01:06,MRK,75.75,6,ASK
2018-12-17 10:00:54,MRK,75.73,18,BID
2018-12-17 10:01:07,MRK,75.75,5,ASK
2018-12-17 10:00:54,MRK,75.73,18,BID
2018-12-17 10:01:07,MRK,75.75,5,ASK
2018-12-17 10:00:54,MRK,75.73,18,BID
2018-12-17 10:01:07,MRK,75.75,5,ASK
2018-12-17 10:00:54,MRK,75.73,18,BID
2018-12-17 10:01:10,MRK,75.75,6,ASK
2018-12-17 10:00:54,MRK,75.73,16,BID
2018-12-17 10:01:11,MRK,75.75,6,ASK
2018-12-17 10:01:12,MRK,75.75,5,BID
2018-12-17 10:01:03,MRK,75.77,13,ASK
2018-12-17 10:01:14,MRK,75.75,3,BID
2018-12-17 10:01:14,MRK,75.76,3,ASK
2018-12-17 10:01:14,MRK,75.75,3,BID
2018-12-17 10:01:14,MRK,75.76,4,ASK
2018-12-17 10:01:11,MRK,75.73,16,BID
2018-12-17 10:01:15,MRK,75.75,8,ASK
2018-12-17 10:01:17,MRK,75.75,4,BID
2018-12-17 10:01:17,MRK,75.76,14,ASK
2018-12-17 10:01:18,MRK,75.75,4,BID
2018-12-17 10:01:18,MRK,75.76,14,ASK
2018-12-17 10:01:18,MRK,75.75,4,BID
2018-12-17 10:01:18,MRK,75.76,14,ASK
2018-12-17 10:01:20,MRK,75.74,6,BID
2018-12-17 10:01:20,MRK,75.75,8,ASK
2018-12-17 10:01:20,MRK,75.74,6,BID
2018-12-17 10:01:20,MRK,75.75,8,ASK
2018-12-17 10:01:20,MRK,75.74,6,BID
2018-12-17 10:01:20,MRK,75.75,8,ASK
2018-12-17 10:01:23,MRK,75.74,6,BID
2018-12-17 10:01:23,MRK,75.75,8,ASK
2018-12-17 10:01:23,MRK,75.74,5,BID
2018-12-17 10:01:23,MRK,75.75,9,ASK
2018-12-17 10:01:23,MRK,75.74,8,BID
2018-12-17 10:01:20,MRK,75.76,16,ASK
2018-12-17 10:01:25,MRK,75.74,3,BID
2018-12-17 10:01:26,MRK,75.75,5,ASK
2018-12-17 10:01:25,MRK,75.74,3,BID
2018-12-17 10:01:26,MRK,75.75,5,ASK
2018-12-17 10:01:25,MRK,75.74,3,BID
2018-12-17 10:01:26,MRK,75.75,5,ASK
2018-12-17 10:01:28,MRK,75.74,6,BID
2018-12-17 10:01:28,MRK,75.75,4,ASK
2018-12-17 10:01:28,MRK,75.74,6,BID
2018-12-17 10:01:28,MRK,75.75,4,ASK
2018-12-17 10:01:28,MRK,75.74,6,BID
2018-12-17 10:01:31,MRK,75.75,4,ASK
2018-12-17 10:01:28,MRK,75.74,6,BID
2018-12-17 10:01:31,MRK,75.75,4,ASK
2018-12-17 10:01:28,MRK,75.74,6,BID
2018-12-17 10:01:33,MRK,75.75,4,ASK
2018-12-17 10:01:28,MRK,75.74,6,BID
2018-12-17 10:01:33,MRK,75.75,4,ASK
2018-12-17 10:01:34,MRK,75.75,7,BID
2018-12-17 10:01:34,MRK,75.76,7,ASK
2018-12-17 10:01:28,MRK,75.74,8,BID
2018-12-17 10:01:36,MRK,75.75,3,ASK
2018-12-17 10:01:11,MRK,75.73,19,BID
2018-12-17 10:01:37,MRK,75.75,8,ASK
2018-12-17 10:01:37,MRK,75.74,6,BID
2018-12-17 10:01:37,MRK,75.75,7,ASK
2018-12-17 10:01:38,MRK,75.76,1,BID
2018-12-17 10:01:38,MRK,75.77,11,ASK
2018-12-17 10:01:39,MRK,75.76,5,BID
2018-12-17 10:01:39,MRK,75.77,11,ASK
2018-12-17 10:01:40,MRK,75.75,11,BID
2018-12-17 10:01:40,MRK,75.76,12,ASK
2018-12-17 10:01:42,MRK,75.74,10,BID
2018-12-17 10:01:42,MRK,75.75,5,ASK
2018-12-17 10:01:11,MRK,75.73,15,BID
2018-12-17 10:01:42,MRK,75.75,7,ASK
2018-12-17 10:01:11,MRK,75.73,13,BID
2018-12-17 10:01:42,MRK,75.75,8,ASK
2018-12-17 10:01:11,MRK,75.73,13,BID
2018-12-17 10:01:45,MRK,75.75,9,ASK
2018-12-17 10:01:46,MRK,75.74,4,BID
2018-12-17 10:01:46,MRK,75.75,9,ASK
2018-12-17 10:01:47,MRK,75.75,5,BID
2018-12-17 10:01:46,MRK,75.76,9,ASK
2018-12-17 10:01:47,MRK,75.75,3,BID
2018-12-17 10:01:46,MRK,75.76,9,ASK
2018-12-17 10:01:48,MRK,75.74,20,BID
2018-12-17 10:01:48,MRK,75.76,10,ASK
2018-12-17 10:01:50,MRK,75.74,20,BID
2018-12-17 10:01:50,MRK,75.75,1,ASK
2018-12-17 10:01:11,MRK,75.73,14,BID
2018-12-17 10:01:51,MRK,75.75,6,ASK
2018-12-17 10:01:11,MRK,75.73,14,BID
2018-12-17 10:01:51,MRK,75.75,6,ASK
2018-12-17 10:01:53,MRK,75.75,12,BID
2018-12-17 10:01:52,MRK,75.76,6,ASK
2018-12-17 10:01:54,MRK,75.73,18,BID
2018-12-17 10:01:54,MRK,75.75,11,ASK
2018-12-17 10:01:54,MRK,75.73,19,BID
2018-12-17 10:01:54,MRK,75.75,11,ASK
2018-12-17 10:01:55,MRK,75.75,6,BID
2018-12-17 10:01:55,MRK,75.76,8,ASK
2018-12-17 10:01:56,MRK,75.76,8,BID
2018-12-17 10:01:56,MRK,75.77,8,ASK
2018-12-17 10:01:58,MRK,75.77,5,BID
2018-12-17 10:01:58,MRK,75.78,5,ASK
2018-12-17 10:01:58,MRK,75.77,7,BID
2018-12-17 10:01:59,MRK,75.78,4,ASK
2018-12-17 10:02:00,MRK,75.76,7,BID
2018-12-17 10:02:00,MRK,75.77,2,ASK
2018-12-17 10:02:01,MRK,75.76,7,BID
2018-12-17 10:02:01,MRK,75.77,5,ASK
2018-12-17 10:02:01,MRK,75.76,7,BID
2018-12-17 10:02:01,MRK,75.77,5,ASK
2018-12-17 10:02:01,MRK,75.76,7,BID
2018-12-17 10:02:01,MRK,75.77,5,ASK
2018-12-17 10:02:04,MRK,75.73,12,BID
2018-12-17 10:02:04,MRK,75.75,7,ASK
2018-12-17 10:02:04,MRK,75.73,12,BID
2018-12-17 10:02:05,MRK,75.75,8,ASK
2018-12-17 10:02:04,MRK,75.73,12,BID
2018-12-17 10:02:06,MRK,75.75,8,ASK
2018-12-17 10:02:07,MRK,75.74,1,BID
2018-12-17 10:02:07,MRK,75.75,6,ASK
2018-12-17 10:02:07,MRK,75.74,7,BID
2018-12-17 10:02:08,MRK,75.75,4,ASK
2018-12-17 10:02:09,MRK,75.74,8,BID
2018-12-17 10:02:08,MRK,75.75,7,ASK
2018-12-17 10:02:10,MRK,75.74,8,BID
2018-12-17 10:02:08,MRK,75.75,7,ASK
2018-12-17 10:02:10,MRK,75.74,8,BID
2018-12-17 10:02:08,MRK,75.75,7,ASK
2018-12-17 10:02:11,MRK,75.74,10,BID
2018-12-17 10:02:08,MRK,75.75,7,ASK
2018-12-17 10:02:11,MRK,75.74,11,BID
2018-12-17 10:02:08,MRK,75.75,7,ASK
2018-12-17 10:02:04,MRK,75.73,11,BID
2018-12-17 10:02:14,MRK,75.74,9,ASK
2018-12-17 10:02:04,MRK,75.73,11,BID
2018-12-17 10:02:14,MRK,75.74,9,ASK
2018-12-17 10:02:04,MRK,75.73,11,BID
2018-12-17 10:02:14,MRK,75.74,10,ASK
2018-12-17 10:02:16,MRK,75.72,6,BID
2018-12-17 10:02:17,MRK,75.73,9,ASK
2018-12-17 10:02:18,MRK,75.73,5,BID
2018-12-17 10:02:14,MRK,75.74,11,ASK
2018-12-17 10:02:18,MRK,75.73,10,BID
2018-12-17 10:02:14,MRK,75.74,7,ASK
2018-12-17 10:02:18,MRK,75.73,10,BID
2018-12-17 10:02:14,MRK,75.74,7,ASK
2018-12-17 10:02:20,MRK,75.74,10,BID
2018-12-17 10:02:14,MRK,75.75,13,ASK
2018-12-17 10:02:20,MRK,75.74,10,BID
2018-12-17 10:02:14,MRK,75.75,13,ASK
2018-12-17 10:02:23,MRK,75.74,8,BID
2018-12-17 10:02:14,MRK,75.75,13,ASK
2018-12-17 10:02:23,MRK,75.73,7,BID
2018-12-17 10:02:24,MRK,75.74,2,ASK
2018-12-17 10:02:23,MRK,75.73,8,BID
2018-12-17 10:02:23,MRK,75.75,15,ASK
2018-12-17 10:02:23,MRK,75.73,8,BID
2018-12-17 10:02:23,MRK,75.75,16,ASK
2018-12-17 10:02:23,MRK,75.73,8,BID
2018-12-17 10:02:27,MRK,75.74,5,ASK
2018-12-17 10:02:28,MRK,75.74,2,BID
2018-12-17 10:02:23,MRK,75.75,15,ASK
2018-12-17 10:02:28,MRK,75.74,2,BID
2018-12-17 10:02:23,MRK,75.75,15,ASK
2018-12-17 10:02:28,MRK,75.73,20,BID
2018-12-17 10:02:23,MRK,75.75,15,ASK
2018-12-17 10:02:28,MRK,75.73,20,BID
2018-12-17 10:02:23,MRK,75.75,15,ASK
2018-12-17 10:02:28,MRK,75.73,14,BID
2018-12-17 10:02:23,MRK,75.75,15,ASK
2018-12-17 10:02:33,MRK,75.75,6,BID
2018-12-17 10:02:33,MRK,75.76,6,ASK
2018-12-17 10:02:33,MRK,75.75,7,BID
2018-12-17 10:02:33,MRK,75.76,6,ASK
2018-12-17 10:02:35,MRK,75.77,4,BID
2018-12-17 10:02:35,MRK,75.78,3,ASK
2018-12-17 10:02:35,MRK,75.77,6,BID
2018-12-17 10:02:35,MRK,75.78,2,ASK
2018-12-17 10:02:35,MRK,75.77,8,BID
2018-12-17 10:02:37,MRK,75.78,2,ASK
2018-12-17 10:02:35,MRK,75.77,8,BID
2018-12-17 10:02:38,MRK,75.78,2,ASK
2018-12-17 10:02:35,MRK,75.77,7,BID
2018-12-17 10:02:39,MRK,75.78,4,ASK
2018-12-17 10:02:40,MRK,75.76,10,BID
2018-12-17 10:02:40,MRK,75.77,10,ASK
2018-12-17 10:02:41,MRK,75.76,9,BID
2018-12-17 10:02:41,MRK,75.77,11,ASK
2018-12-17 10:02:41,MRK,75.76,8,BID
2018-12-17 10:02:42,MRK,75.77,11,ASK
2018-12-17 10:02:41,MRK,75.76,8,BID
2018-12-17 10:02:42,MRK,75.77,11,ASK
2018-12-17 10:02:41,MRK,75.76,11,BID
2018-12-17 10:02:44,MRK,75.78,15,ASK
2018-12-17 10:02:45,MRK,75.77,4,BID
2018-12-17 10:02:44,MRK,75.78,14,ASK
2018-12-17 10:02:45,MRK,75.78,6,BID
2018-12-17 09:59:59,MRK,75.8,10,ASK
2018-12-17 10:02:46,MRK,75.77,6,BID
2018-12-17 10:02:46,MRK,75.78,7,ASK
2018-12-17 10:02:48,MRK,75.77,4,BID
2018-12-17 10:02:48,MRK,75.78,7,ASK
2018-12-17 10:02:45,MRK,75.76,12,BID
2018-12-17 10:02:49,MRK,75.77,7,ASK
2018-12-17 10:02:49,MRK,75.76,9,BID
2018-12-17 10:02:49,MRK,75.77,7,ASK
2018-12-17 10:02:49,MRK,75.76,10,BID
2018-12-17 10:02:51,MRK,75.77,7,ASK
2018-12-17 10:02:52,MRK,75.77,14,BID
2018-12-17 10:02:52,MRK,75.78,5,ASK
2018-12-17 10:02:52,MRK,75.77,14,BID
2018-12-17 10:02:52,MRK,75.78,5,ASK
2018-12-17 10:02:54,MRK,75.78,13,BID
2018-12-17 10:02:54,MRK,75.79,12,ASK
2018-12-17 10:02:55,MRK,75.78,14,BID
2018-12-17 09:59:59,MRK,75.8,13,ASK
2018-12-17 10:02:55,MRK,75.78,14,BID
2018-12-17 09:59:59,MRK,75.8,13,ASK
2018-12-17 10:02:55,MRK,75.78,14,BID
2018-12-17 09:59:59,MRK,75.8,13,ASK
2018-12-17 10:02:55,MRK,75.78,14,BID
2018-12-17 09:59:59,MRK,75.8,13,ASK
2018-12-17 10:02:59,MRK,75.78,14,BID
2018-12-17 09:59:59,MRK,75.8,13,ASK
2018-12-17 10:02:59,MRK,75.78,15,BID
2018-12-17 10:02:59,MRK,75.79,11,ASK
2018-12-17 10:02:59,MRK,75.78,15,BID
2018-12-17 10:03:01,MRK,75.79,13,ASK
2018-12-17 10:02:59,MRK,75.78,15,BID
2018-12-17 10:03:01,MRK,75.79,13,ASK
2018-12-17 10:02:59,MRK,75.78,15,BID
2018-12-17 10:03:01,MRK,75.79,13,ASK
2018-12-17 10:02:59,MRK,75.78,12,BID
2018-12-17 10:03:04,MRK,75.79,27,ASK
2018-12-17 10:02:59,MRK,75.78,12,BID
2018-12-17 10:03:04,MRK,75.79,27,ASK
2018-12-17 10:03:06,MRK,75.79,6,BID
2018-12-17 09:59:59,MRK,75.8,11,ASK
2018-12-17 10:03:07,MRK,75.8,7,BID
2018-12-17 09:36:54,MRK,75.81,10,ASK
2018-12-17 10:03:08,MRK,75.8,7,BID
2018-12-17 09:36:54,MRK,75.81,9,ASK
2018-12-17 10:03:09,MRK,75.8,6,BID
2018-12-17 10:03:09,MRK,75.81,10,ASK
2018-12-17 10:03:10,MRK,75.82,6,BID
2018-12-17 10:03:10,MRK,75.83,12,ASK
2018-12-17 10:03:10,MRK,75.82,5,BID
2018-12-17 10:03:10,MRK,75.83,12,ASK
2018-12-17 10:03:12,MRK,75.83,7,BID
2018-12-17 10:03:12,MRK,75.84,7,ASK
2018-12-17 10:03:13,MRK,75.84,13,BID
2018-12-17 10:03:13,MRK,75.85,21,ASK
2018-12-17 10:03:14,MRK,75.85,3,BID
2018-12-17 10:03:14,MRK,75.86,14,ASK
2018-12-17 10:03:14,MRK,75.85,5,BID
2018-12-17 10:03:15,MRK,75.86,13,ASK
2018-12-17 10:03:16,MRK,75.85,8,BID
2018-12-17 10:03:16,MRK,75.86,13,ASK
2018-12-17 10:03:17,MRK,75.86,44,BID
2018-12-17 10:03:17,MRK,75.87,9,ASK
2018-12-17 10:03:18,MRK,75.87,6,BID
2018-12-17 09:36:19,MRK,75.89,5,ASK
2018-12-17 10:03:19,MRK,75.87,8,BID
2018-12-17 10:03:19,MRK,75.89,8,ASK
2018-12-17 10:03:20,MRK,75.87,18,BID
2018-12-17 10:03:20,MRK,75.88,2,ASK
2018-12-17 10:03:21,MRK,75.87,15,BID
2018-12-17 10:03:21,MRK,75.88,11,ASK
2018-12-17 10:03:22,MRK,75.86,45,BID
2018-12-17 10:03:22,MRK,75.88,11,ASK
2018-12-17 10:03:23,MRK,75.87,7,BID
2018-12-17 10:03:23,MRK,75.88,10,ASK
2018-12-17 10:03:23,MRK,75.87,7,BID
2018-12-17 10:03:23,MRK,75.88,10,ASK
2018-12-17 10:03:24,MRK,75.87,11,BID
2018-12-17 10:03:25,MRK,75.88,10,ASK
2018-12-17 10:03:24,MRK,75.87,10,BID
2018-12-17 10:03:26,MRK,75.88,10,ASK
2018-12-17 10:03:27,MRK,75.86,45,BID
2018-12-17 10:03:27,MRK,75.87,9,ASK
2018-12-17 10:03:28,MRK,75.86,45,BID
2018-12-17 10:03:28,MRK,75.87,8,ASK
2018-12-17 10:03:29,MRK,75.86,45,BID
2018-12-17 10:03:28,MRK,75.87,7,ASK
2018-12-17 10:03:30,MRK,75.86,45,BID
2018-12-17 10:03:28,MRK,75.87,7,ASK
2018-12-17 10:03:31,MRK,75.86,45,BID
2018-12-17 10:03:28,MRK,75.87,7,ASK
2018-12-17 10:03:31,MRK,75.86,45,BID
2018-12-17 10:03:28,MRK,75.87,7,ASK
2018-12-17 10:03:31,MRK,75.86,45,BID
2018-12-17 10:03:28,MRK,75.87,7,ASK
2018-12-17 10:03:34,MRK,75.86,45,BID
2018-12-17 10:03:34,MRK,75.87,12,ASK
2018-12-17 10:03:34,MRK,75.86,45,BID
2018-12-17 10:03:34,MRK,75.87,12,ASK
2018-12-17 10:03:36,MRK,75.86,45,BID
2018-12-17 10:03:34,MRK,75.87,11,ASK
2018-12-17 10:03:36,MRK,75.86,45,BID
2018-12-17 10:03:34,MRK,75.87,11,ASK
