timestamp,ticker,price,volume,bid_ask
2018-12-17 09:40:35,MSFT,104.32,6,BID
2018-12-17 09:40:35,MSFT,104.34,13,ASK
2018-12-17 09:40:35,MSFT,104.32,6,BID
2018-12-17 09:40:35,MSFT,104.34,9,ASK
2018-12-17 09:40:38,MSFT,104.34,13,BID
2018-12-17 09:40:38,MSFT,104.35,2,ASK
2018-12-17 09:40:38,MSFT,104.34,13,BID
2018-12-17 09:40:39,MSFT,104.35,5,ASK
2018-12-17 09:40:40,MSFT,104.34,24,BID
2018-12-17 09:40:40,MSFT,104.36,18,ASK
2018-12-17 09:40:40,MSFT,104.34,24,BID
2018-12-17 09:40:41,MSFT,104.35,1,ASK
2018-12-17 09:40:41,MSFT,104.33,15,BID
2018-12-17 09:40:42,MSFT,104.34,3,ASK
2018-12-17 09:40:43,MSFT,104.3,17,BID
2018-12-17 09:40:43,MSFT,104.32,24,ASK
2018-12-17 09:40:44,MSFT,104.3,17,BID
2018-12-17 09:40:43,MSFT,104.32,23,ASK
2018-12-17 09:40:44,MSFT,104.31,6,BID
2018-12-17 09:40:45,MSFT,104.33,14,ASK
2018-12-17 09:40:46,MSFT,104.31,4,BID
2018-12-17 09:40:46,MSFT,104.33,17,ASK
2018-12-17 09:40:47,MSFT,104.34,1,BID
2018-12-17 09:40:47,MSFT,104.34,1,ASK
2018-12-17 09:40:47,MSFT,104.35,12,BID
2018-12-17 09:40:47,MSFT,104.38,20,ASK
2018-12-17 09:40:48,MSFT,104.36,3,BID
2018-12-17 09:40:47,MSFT,104.38,20,ASK
2018-12-17 09:40:49,MSFT,104.36,4,BID
2018-12-17 09:40:47,MSFT,104.38,17,ASK
2018-12-17 09:40:51,MSFT,104.38,4,BID
2018-12-17 09:40:51,MSFT,104.39,9,ASK
2018-12-17 09:40:51,MSFT,104.37,9,BID
2018-12-17 09:40:51,MSFT,104.39,10,ASK
2018-12-17 09:40:52,MSFT,104.37,4,BID
2018-12-17 09:40:51,MSFT,104.39,14,ASK
2018-12-17 09:40:53,MSFT,104.38,13,BID
2018-12-17 09:40:54,MSFT,104.4,15,ASK
2018-12-17 09:40:55,MSFT,104.4,21,BID
2018-12-17 09:40:55,MSFT,104.43,22,ASK
2018-12-17 09:40:55,MSFT,104.42,20,BID
2018-12-17 09:40:56,MSFT,104.44,6,ASK
2018-12-17 09:40:57,MSFT,104.4,25,BID
2018-12-17 09:40:57,MSFT,104.41,1,ASK
2018-12-17 09:40:57,MSFT,104.39,10,BID
2018-12-17 09:40:57,MSFT,104.41,3,ASK
2018-12-17 09:40:58,MSFT,104.37,7,BID
2018-12-17 09:40:59,MSFT,104.39,3,ASK
2018-12-17 09:40:58,MSFT,104.37,7,BID
2018-12-17 09:40:59,MSFT,104.39,3,ASK
2018-12-17 09:41:01,MSFT,104.4,1,BID
2018-12-17 09:41:01,MSFT,104.42,15,ASK
2018-12-17 09:41:01,MSFT,104.4,5,BID
2018-12-17 09:41:02,MSFT,104.41,2,ASK
2018-12-17 09:41:02,MSFT,104.4,12,BID
2018-12-17 09:41:01,MSFT,104.42,15,ASK
2018-12-17 09:41:01,MSFT,104.39,9,BID
2018-12-17 09:41:01,MSFT,104.42,21,ASK
2018-12-17 09:41:04,MSFT,104.34,17,BID
2018-12-17 09:41:04,MSFT,104.36,3,ASK
2018-12-17 09:41:05,MSFT,104.32,13,BID
2018-12-17 09:41:05,MSFT,104.34,6,ASK
2018-12-17 09:40:47,MSFT,104.31,26,BID
2018-12-17 09:41:06,MSFT,104.34,7,ASK
2018-12-17 09:41:08,MSFT,104.3,16,BID
2018-12-17 09:41:08,MSFT,104.31,3,ASK
2018-12-17 09:41:08,MSFT,104.27,13,BID
2018-12-17 09:41:08,MSFT,104.29,3,ASK
2018-12-17 09:41:09,MSFT,104.25,22,BID
2018-12-17 09:41:09,MSFT,104.27,8,ASK
2018-12-17 09:41:10,MSFT,104.24,18,BID
2018-12-17 09:41:10,MSFT,104.26,4,ASK
2018-12-17 09:41:11,MSFT,104.22,3,BID
2018-12-17 09:41:11,MSFT,104.23,3,ASK
2018-12-17 09:41:12,MSFT,104.2,10,BID
2018-12-17 09:41:12,MSFT,104.22,21,ASK
2018-12-17 09:41:14,MSFT,104.18,23,BID
2018-12-17 09:41:14,MSFT,104.2,1,ASK
2018-12-17 09:41:14,MSFT,104.19,3,BID
2018-12-17 09:41:14,MSFT,104.21,12,ASK
2018-12-17 09:41:15,MSFT,104.18,3,BID
2018-12-17 09:41:15,MSFT,104.2,17,ASK
2018-12-17 09:41:16,MSFT,104.17,13,BID
2018-12-17 09:41:16,MSFT,104.18,13,ASK
2018-12-17 09:41:17,MSFT,104.2,14,BID
2018-12-17 09:41:17,MSFT,104.22,22,ASK
2018-12-17 09:41:17,MSFT,104.19,46,BID
2018-12-17 09:41:18,MSFT,104.2,3,ASK
2018-12-17 09:41:20,MSFT,104.19,45,BID
2018-12-17 09:41:19,MSFT,104.2,6,ASK
2018-12-17 09:41:21,MSFT,104.23,6,BID
2018-12-17 09:41:21,MSFT,104.24,12,ASK
2018-12-17 09:41:22,MSFT,104.21,4,BID
2018-12-17 09:41:22,MSFT,104.23,14,ASK
2018-12-17 09:41:23,MSFT,104.22,19,BID
2018-12-17 09:41:22,MSFT,104.24,11,ASK
2018-12-17 09:41:24,MSFT,104.23,4,BID
2018-12-17 09:41:23,MSFT,104.24,11,ASK
2018-12-17 09:41:25,MSFT,104.21,18,BID
2018-12-17 09:41:25,MSFT,104.22,3,ASK
2018-12-17 09:41:25,MSFT,104.22,16,BID
2018-12-17 09:41:25,MSFT,104.24,3,ASK
2018-12-17 09:41:27,MSFT,104.24,80,BID
2018-12-17 09:41:27,MSFT,104.25,20,ASK
2018-12-17 09:41:27,MSFT,104.24,79,BID
2018-12-17 09:41:27,MSFT,104.25,19,ASK
2018-12-17 09:41:27,MSFT,104.24,79,BID
2018-12-17 09:41:27,MSFT,104.25,18,ASK
2018-12-17 09:41:30,MSFT,104.3,2,BID
2018-12-17 09:41:30,MSFT,104.32,12,ASK
2018-12-17 09:41:30,MSFT,104.29,16,BID
2018-12-17 09:41:30,MSFT,104.31,19,ASK
2018-12-17 09:41:31,MSFT,104.29,17,BID
2018-12-17 09:41:31,MSFT,104.31,13,ASK
2018-12-17 09:41:32,MSFT,104.3,11,BID
2018-12-17 09:41:32,MSFT,104.3,2,ASK
2018-12-17 09:41:34,MSFT,104.24,73,BID
2018-12-17 09:41:34,MSFT,104.27,15,ASK
2018-12-17 09:41:35,MSFT,104.24,73,BID
2018-12-17 09:41:34,MSFT,104.26,15,ASK
2018-12-17 09:41:35,MSFT,104.23,10,BID
2018-12-17 09:41:36,MSFT,104.25,9,ASK
2018-12-17 09:41:36,MSFT,104.24,10,BID
2018-12-17 09:41:37,MSFT,104.26,4,ASK
2018-12-17 09:41:38,MSFT,104.25,3,BID
2018-12-17 09:41:38,MSFT,104.26,3,ASK
2018-12-17 09:41:39,MSFT,104.29,11,BID
2018-12-17 09:41:39,MSFT,104.3,4,ASK
2018-12-17 09:41:39,MSFT,104.27,22,BID
2018-12-17 09:41:40,MSFT,104.3,20,ASK
2018-12-17 09:41:39,MSFT,104.27,26,BID
2018-12-17 09:41:41,MSFT,104.3,20,ASK
2018-12-17 09:41:42,MSFT,104.25,22,BID
2018-12-17 09:41:42,MSFT,104.27,4,ASK
2018-12-17 09:41:38,MSFT,104.23,21,BID
2018-12-17 09:41:43,MSFT,104.25,8,ASK
2018-12-17 09:41:44,MSFT,104.25,4,BID
2018-12-17 09:41:43,MSFT,104.26,14,ASK
2018-12-17 09:41:45,MSFT,104.21,23,BID
2018-12-17 09:41:45,MSFT,104.23,5,ASK
2018-12-17 09:41:46,MSFT,104.24,2,BID
2018-12-17 09:41:46,MSFT,104.25,6,ASK
2018-12-17 09:41:47,MSFT,104.24,2,BID
2018-12-17 09:41:47,MSFT,104.25,3,ASK
2018-12-17 09:41:48,MSFT,104.24,6,BID
2018-12-17 09:41:47,MSFT,104.26,21,ASK
2018-12-17 09:41:49,MSFT,104.25,11,BID
2018-12-17 09:41:49,MSFT,104.27,12,ASK
2018-12-17 09:41:49,MSFT,104.26,19,BID
2018-12-17 09:41:49,MSFT,104.28,7,ASK
2018-12-17 09:41:51,MSFT,104.28,6,BID
2018-12-17 09:41:41,MSFT,104.3,21,ASK
2018-12-17 09:41:52,MSFT,104.3,19,BID
2018-12-17 09:41:31,MSFT,104.32,11,ASK
2018-12-17 09:41:52,MSFT,104.33,3,BID
2018-12-17 09:41:52,MSFT,104.35,18,ASK
2018-12-17 09:41:53,MSFT,104.35,4,BID
2018-12-17 09:41:53,MSFT,104.37,15,ASK
2018-12-17 09:41:53,MSFT,104.37,1,BID
2018-12-17 09:41:53,MSFT,104.39,9,ASK
2018-12-17 09:41:54,MSFT,104.35,18,BID
2018-12-17 09:41:54,MSFT,104.37,13,ASK
2018-12-17 09:41:55,MSFT,104.36,12,BID
2018-12-17 09:41:56,MSFT,104.38,13,ASK
2018-12-17 09:41:53,MSFT,104.34,24,BID
2018-12-17 09:41:58,MSFT,104.36,8,ASK
2018-12-17 09:41:58,MSFT,104.32,18,BID
2018-12-17 09:41:58,MSFT,104.33,7,ASK
2018-12-17 09:41:59,MSFT,104.32,22,BID
2018-12-17 09:41:58,MSFT,104.34,7,ASK
2018-12-17 09:42:01,MSFT,104.33,3,BID
2018-12-17 09:42:01,MSFT,104.34,12,ASK
2018-12-17 09:42:02,MSFT,104.32,15,BID
2018-12-17 09:42:02,MSFT,104.34,6,ASK
2018-12-17 09:42:03,MSFT,104.31,14,BID
2018-12-17 09:42:03,MSFT,104.32,2,ASK
2018-12-17 09:42:03,MSFT,104.3,13,BID
2018-12-17 09:42:03,MSFT,104.32,12,ASK
2018-12-17 09:42:05,MSFT,104.29,4,BID
2018-12-17 09:42:05,MSFT,104.31,14,ASK
2018-12-17 09:42:06,MSFT,104.24,3,BID
2018-12-17 09:42:06,MSFT,104.26,6,ASK
2018-12-17 09:42:06,MSFT,104.25,12,BID
2018-12-17 09:42:06,MSFT,104.27,10,ASK
2018-12-17 09:42:07,MSFT,104.25,5,BID
2018-12-17 09:42:07,MSFT,104.27,18,ASK
2018-12-17 09:42:09,MSFT,104.26,5,BID
2018-12-17 09:42:09,MSFT,104.28,11,ASK
2018-12-17 09:42:10,MSFT,104.3,6,BID
2018-12-17 09:42:10,MSFT,104.32,5,ASK
2018-12-17 09:42:11,MSFT,104.28,7,BID
2018-12-17 09:42:11,MSFT,104.29,2,ASK
2018-12-17 09:42:12,MSFT,104.28,6,BID
2018-12-17 09:42:12,MSFT,104.29,6,ASK
2018-12-17 09:42:13,MSFT,104.27,1,BID
2018-12-17 09:42:13,MSFT,104.28,8,ASK
2018-12-17 09:42:13,MSFT,104.27,8,BID
2018-12-17 09:42:14,MSFT,104.29,4,ASK
2018-12-17 09:42:15,MSFT,104.25,19,BID
2018-12-17 09:42:15,MSFT,104.28,13,ASK
2018-12-17 09:42:16,MSFT,104.25,17,BID
2018-12-17 09:42:16,MSFT,104.27,4,ASK
2018-12-17 09:42:16,MSFT,104.25,11,BID
2018-12-17 09:42:16,MSFT,104.27,4,ASK
2018-12-17 09:42:18,MSFT,104.26,1,BID
2018-12-17 09:42:18,MSFT,104.27,5,ASK
2018-12-17 09:42:19,MSFT,104.25,18,BID
2018-12-17 09:42:19,MSFT,104.26,12,ASK
2018-12-17 09:42:19,MSFT,104.26,10,BID
2018-12-17 09:42:19,MSFT,104.28,1,ASK
2018-12-17 09:42:21,MSFT,104.25,7,BID
2018-12-17 09:42:21,MSFT,104.27,17,ASK
2018-12-17 09:42:22,MSFT,104.24,7,BID
2018-12-17 09:42:22,MSFT,104.24,1,ASK
2018-12-17 09:42:23,MSFT,104.23,8,BID
2018-12-17 09:42:22,MSFT,104.25,13,ASK
2018-12-17 09:42:23,MSFT,104.23,10,BID
2018-12-17 09:42:24,MSFT,104.24,4,ASK
2018-12-17 09:42:23,MSFT,104.23,9,BID
2018-12-17 09:42:25,MSFT,104.25,20,ASK
2018-12-17 09:41:48,MSFT,104.22,17,BID
2018-12-17 09:42:26,MSFT,104.24,6,ASK
2018-12-17 09:42:27,MSFT,104.24,16,BID
2018-12-17 09:42:27,MSFT,104.25,3,ASK
2018-12-17 09:42:28,MSFT,104.2,44,BID
2018-12-17 09:42:28,MSFT,104.22,9,ASK
2018-12-17 09:42:28,MSFT,104.23,5,BID
2018-12-17 09:42:28,MSFT,104.24,5,ASK
2018-12-17 09:42:30,MSFT,104.21,6,BID
2018-12-17 09:42:30,MSFT,104.22,20,ASK
2018-12-17 09:42:31,MSFT,104.21,13,BID
2018-12-17 09:42:31,MSFT,104.23,14,ASK
2018-12-17 09:42:32,MSFT,104.2,4,BID
2018-12-17 09:42:32,MSFT,104.22,17,ASK
2018-12-17 09:42:33,MSFT,104.21,14,BID
2018-12-17 09:42:33,MSFT,104.23,3,ASK
2018-12-17 09:42:34,MSFT,104.21,20,BID
2018-12-17 09:42:34,MSFT,104.22,2,ASK
2018-12-17 09:42:35,MSFT,104.21,2,BID
2018-12-17 09:42:35,MSFT,104.22,17,ASK
2018-12-17 09:42:36,MSFT,104.22,6,BID
2018-12-17 09:42:36,MSFT,104.24,14,ASK
2018-12-17 09:42:37,MSFT,104.22,7,BID
2018-12-17 09:42:37,MSFT,104.24,18,ASK
2018-12-17 09:42:38,MSFT,104.2,4,BID
2018-12-17 09:42:38,MSFT,104.22,24,ASK
2018-12-17 09:42:39,MSFT,104.24,1,BID
2018-12-17 09:42:39,MSFT,104.25,2,ASK
2018-12-17 09:42:40,MSFT,104.21,7,BID
2018-12-17 09:42:40,MSFT,104.22,5,ASK
2018-12-17 09:42:40,MSFT,104.19,4,BID
2018-12-17 09:42:40,MSFT,104.21,14,ASK
2018-12-17 09:42:42,MSFT,104.2,8,BID
2018-12-17 09:42:42,MSFT,104.21,13,ASK
2018-12-17 09:42:43,MSFT,104.22,1,BID
2018-12-17 09:42:43,MSFT,104.23,13,ASK
2018-12-17 09:42:44,MSFT,104.25,3,BID
2018-12-17 09:42:44,MSFT,104.26,18,ASK
2018-12-17 09:42:45,MSFT,104.24,14,BID
2018-12-17 09:42:44,MSFT,104.26,15,ASK
2018-12-17 09:42:46,MSFT,104.26,16,BID
2018-12-17 09:42:46,MSFT,104.28,14,ASK
2018-12-17 09:42:47,MSFT,104.25,10,BID
2018-12-17 09:42:47,MSFT,104.27,13,ASK
2018-12-17 09:42:48,MSFT,104.24,10,BID
2018-12-17 09:42:48,MSFT,104.25,4,ASK
2018-12-17 09:42:49,MSFT,104.22,22,BID
2018-12-17 09:42:49,MSFT,104.23,2,ASK
2018-12-17 09:42:49,MSFT,104.22,21,BID
2018-12-17 09:42:50,MSFT,104.23,3,ASK
2018-12-17 09:42:51,MSFT,104.2,31,BID
2018-12-17 09:42:51,MSFT,104.22,16,ASK
2018-12-17 09:42:52,MSFT,104.2,31,BID
2018-12-17 09:42:52,MSFT,104.22,5,ASK
2018-12-17 09:42:53,MSFT,104.21,8,BID
2018-12-17 09:42:53,MSFT,104.23,9,ASK
2018-12-17 09:42:54,MSFT,104.22,13,BID
2018-12-17 09:42:54,MSFT,104.24,4,ASK
2018-12-17 09:42:55,MSFT,104.22,10,BID
2018-12-17 09:42:55,MSFT,104.24,16,ASK
2018-12-17 09:42:56,MSFT,104.23,2,BID
2018-12-17 09:42:56,MSFT,104.24,26,ASK
2018-12-17 09:42:57,MSFT,104.16,21,BID
2018-12-17 09:42:57,MSFT,104.18,3,ASK
2018-12-17 09:42:58,MSFT,104.16,19,BID
2018-12-17 09:42:58,MSFT,104.18,3,ASK
2018-12-17 09:42:59,MSFT,104.16,18,BID
2018-12-17 09:42:59,MSFT,104.18,7,ASK
2018-12-17 09:43:00,MSFT,104.16,12,BID
2018-12-17 09:43:00,MSFT,104.18,21,ASK
2018-12-17 09:43:01,MSFT,104.16,17,BID
2018-12-17 09:43:01,MSFT,104.18,21,ASK
2018-12-17 09:43:02,MSFT,104.17,13,BID
2018-12-17 09:43:02,MSFT,104.19,21,ASK
2018-12-17 09:43:03,MSFT,104.18,11,BID
2018-12-17 09:43:03,MSFT,104.2,12,ASK
2018-12-17 09:43:01,MSFT,104.16,17,BID
2018-12-17 09:43:04,MSFT,104.18,1,ASK
2018-12-17 09:43:05,MSFT,104.17,12,BID
2018-12-17 09:43:05,MSFT,104.19,8,ASK
2018-12-17 09:43:06,MSFT,104.17,11,BID
2018-12-17 09:43:05,MSFT,104.19,14,ASK
2018-12-17 09:43:07,MSFT,104.17,14,BID
2018-12-17 09:43:07,MSFT,104.18,5,ASK
2018-12-17 09:43:08,MSFT,104.2,10,BID
2018-12-17 09:43:08,MSFT,104.21,1,ASK
2018-12-17 09:43:07,MSFT,104.17,23,BID
2018-12-17 09:43:09,MSFT,104.18,4,ASK
2018-12-17 09:43:10,MSFT,104.19,2,BID
2018-12-17 09:43:09,MSFT,104.2,20,ASK
2018-12-17 09:43:11,MSFT,104.19,19,BID
2018-12-17 09:43:11,MSFT,104.2,2,ASK
2018-12-17 09:43:12,MSFT,104.16,15,BID
2018-12-17 09:43:12,MSFT,104.18,16,ASK
2018-12-17 09:43:13,MSFT,104.12,21,BID
2018-12-17 09:43:13,MSFT,104.14,9,ASK
2018-12-17 09:43:14,MSFT,104.11,25,BID
2018-12-17 09:43:14,MSFT,104.13,4,ASK
2018-12-17 09:43:15,MSFT,104.1,132,BID
2018-12-17 09:43:15,MSFT,104.11,2,ASK
2018-12-17 09:43:16,MSFT,104.1,105,BID
2018-12-17 09:43:16,MSFT,104.11,4,ASK
2018-12-17 09:43:17,MSFT,104.08,14,BID
2018-12-17 09:43:17,MSFT,104.09,1,ASK
2018-12-17 09:43:18,MSFT,104.06,7,BID
2018-12-17 09:43:18,MSFT,104.08,1,ASK
2018-12-17 09:43:19,MSFT,104.06,2,BID
2018-12-17 09:43:19,MSFT,104.07,15,ASK
2018-12-17 09:43:19,MSFT,104.05,22,BID
2018-12-17 09:43:19,MSFT,104.07,2,ASK
2018-12-17 09:43:20,MSFT,104.05,10,BID
2018-12-17 09:43:20,MSFT,104.06,1,ASK
2018-12-17 09:43:20,MSFT,104.04,11,BID
2018-12-17 09:43:20,MSFT,104.07,13,ASK
2018-12-17 09:43:21,MSFT,104.03,2,BID
2018-12-17 09:43:21,MSFT,104.05,16,ASK
2018-12-17 09:43:21,MSFT,104.04,9,BID
2018-12-17 09:43:21,MSFT,104.05,4,ASK
2018-12-17 09:43:21,MSFT,104.01,25,BID
2018-12-17 09:43:21,MSFT,104.03,29,ASK
2018-12-17 09:43:22,MSFT,104.03,5,BID
2018-12-17 09:43:22,MSFT,104.04,8,ASK
2018-12-17 09:43:22,MSFT,104.02,16,BID
2018-12-17 09:43:22,MSFT,104.04,9,ASK
2018-12-17 09:43:23,MSFT,104.02,12,BID
2018-12-17 09:43:23,MSFT,104.03,5,ASK
2018-12-17 09:43:24,MSFT,104.05,1,BID
2018-12-17 09:43:21,MSFT,104.06,17,ASK
2018-12-17 09:43:25,MSFT,104.05,8,BID
2018-12-17 09:43:20,MSFT,104.07,23,ASK
2018-12-17 09:43:26,MSFT,104.07,4,BID
2018-12-17 09:43:26,MSFT,104.09,24,ASK
2018-12-17 09:43:27,MSFT,104.06,17,BID
2018-12-17 09:43:28,MSFT,104.07,4,ASK
2018-12-17 09:43:29,MSFT,104.06,5,BID
2018-12-17 09:43:29,MSFT,104.08,24,ASK
2018-12-17 09:43:30,MSFT,104.04,18,BID
2018-12-17 09:43:30,MSFT,104.06,25,ASK
2018-12-17 09:43:31,MSFT,104.07,24,BID
2018-12-17 09:43:31,MSFT,104.09,24,ASK
2018-12-17 09:43:32,MSFT,104.07,7,BID
2018-12-17 09:43:31,MSFT,104.09,23,ASK
2018-12-17 09:43:34,MSFT,104.09,13,BID
2018-12-17 09:43:34,MSFT,104.11,21,ASK
2018-12-17 09:43:36,MSFT,104.09,10,BID
2018-12-17 09:43:36,MSFT,104.1,3,ASK
2018-12-17 09:43:37,MSFT,104.1,16,BID
2018-12-17 09:43:37,MSFT,104.11,3,ASK
2018-12-17 09:43:31,MSFT,104.06,24,BID
2018-12-17 09:43:38,MSFT,104.08,34,ASK
2018-12-17 09:43:39,MSFT,104.06,17,BID
2018-12-17 09:43:39,MSFT,104.08,32,ASK
2018-12-17 09:43:39,MSFT,104.06,13,BID
2018-12-17 09:43:39,MSFT,104.08,7,ASK
2018-12-17 09:43:40,MSFT,104.04,19,BID
2018-12-17 09:43:40,MSFT,104.06,17,ASK
2018-12-17 09:43:42,MSFT,104.06,4,BID
2018-12-17 09:43:40,MSFT,104.08,19,ASK
2018-12-17 09:43:43,MSFT,104.07,5,BID
2018-12-17 09:43:43,MSFT,104.08,4,ASK
2018-12-17 09:43:46,MSFT,104.04,10,BID
2018-12-17 09:43:46,MSFT,104.05,4,ASK
2018-12-17 09:43:46,MSFT,104.04,9,BID
2018-12-17 09:43:47,MSFT,104.05,5,ASK
2018-12-17 09:43:48,MSFT,104.05,9,BID
2018-12-17 09:43:48,MSFT,104.07,17,ASK
2018-12-17 09:43:49,MSFT,104.08,4,BID
2018-12-17 09:43:49,MSFT,104.1,12,ASK
2018-12-17 09:43:50,MSFT,104.1,6,BID
2018-12-17 09:43:50,MSFT,104.12,16,ASK
2018-12-17 09:43:51,MSFT,104.1,10,BID
2018-12-17 09:43:51,MSFT,104.11,2,ASK
2018-12-17 09:43:52,MSFT,104.1,7,BID
2018-12-17 09:43:52,MSFT,104.11,2,ASK
2018-12-17 09:43:53,MSFT,104.11,26,BID
2018-12-17 09:43:53,MSFT,104.13,24,ASK
2018-12-17 09:43:54,MSFT,104.1,7,BID
2018-12-17 09:43:54,MSFT,104.11,5,ASK
2018-12-17 09:43:54,MSFT,104.1,7,BID
2018-12-17 09:43:55,MSFT,104.11,2,ASK
2018-12-17 09:43:56,MSFT,104.08,10,BID
2018-12-17 09:43:56,MSFT,104.1,12,ASK
2018-12-17 09:43:57,MSFT,104.06,12,BID
2018-12-17 09:43:57,MSFT,104.08,11,ASK
2018-12-17 09:43:58,MSFT,104.05,14,BID
2018-12-17 09:43:57,MSFT,104.08,16,ASK
2018-12-17 09:43:59,MSFT,104.04,14,BID
2018-12-17 09:44:00,MSFT,104.06,4,ASK
2018-12-17 09:43:23,MSFT,104.02,27,BID
2018-12-17 09:44:00,MSFT,104.04,3,ASK
2018-12-17 09:44:01,MSFT,104.04,5,BID
2018-12-17 09:44:00,MSFT,104.06,23,ASK
2018-12-17 09:44:02,MSFT,104.04,3,BID
2018-12-17 09:44:02,MSFT,104.06,28,ASK
2018-12-17 09:44:03,MSFT,104.06,8,BID
2018-12-17 09:44:03,MSFT,104.07,5,ASK
2018-12-17 09:44:04,MSFT,104.06,9,BID
2018-12-17 09:44:04,MSFT,104.07,3,ASK
2018-12-17 09:44:05,MSFT,104.07,25,BID
2018-12-17 09:44:05,MSFT,104.08,2,ASK
2018-12-17 09:44:06,MSFT,104.1,10,BID
2018-12-17 09:44:06,MSFT,104.12,18,ASK
2018-12-17 09:44:06,MSFT,104.1,10,BID
2018-12-17 09:44:06,MSFT,104.12,11,ASK
2018-12-17 09:44:07,MSFT,104.08,20,BID
2018-12-17 09:44:07,MSFT,104.1,7,ASK
2018-12-17 09:44:09,MSFT,104.1,12,BID
2018-12-17 09:44:09,MSFT,104.12,15,ASK
2018-12-17 09:44:09,MSFT,104.12,4,BID
2018-12-17 09:44:09,MSFT,104.13,18,ASK
2018-12-17 09:44:10,MSFT,104.15,3,BID
2018-12-17 09:44:10,MSFT,104.16,15,ASK
2018-12-17 09:44:11,MSFT,104.16,4,BID
2018-12-17 09:44:11,MSFT,104.17,16,ASK
2018-12-17 09:44:12,MSFT,104.13,1,BID
2018-12-17 09:44:12,MSFT,104.15,13,ASK
2018-12-17 09:44:14,MSFT,104.11,4,BID
2018-12-17 09:44:14,MSFT,104.13,18,ASK
2018-12-17 09:44:15,MSFT,104.1,22,BID
2018-12-17 09:44:15,MSFT,104.11,2,ASK
2018-12-17 09:44:16,MSFT,104.1,5,BID
2018-12-17 09:44:15,MSFT,104.12,24,ASK
2018-12-17 09:44:17,MSFT,104.09,21,BID
2018-12-17 09:44:17,MSFT,104.11,2,ASK
2018-12-17 09:44:18,MSFT,104.09,19,BID
2018-12-17 09:44:18,MSFT,104.11,12,ASK
2018-12-17 09:44:20,MSFT,104.07,25,BID
2018-12-17 09:44:20,MSFT,104.09,17,ASK
2018-12-17 09:44:21,MSFT,104.06,14,BID
2018-12-17 09:44:21,MSFT,104.08,21,ASK
2018-12-17 09:44:21,MSFT,104.08,8,BID
2018-12-17 09:44:20,MSFT,104.1,23,ASK
2018-12-17 09:44:22,MSFT,104.11,13,BID
2018-12-17 09:44:18,MSFT,104.12,20,ASK
2018-12-17 09:44:24,MSFT,104.09,8,BID
2018-12-17 09:44:24,MSFT,104.11,31,ASK
2018-12-17 09:44:24,MSFT,104.08,20,BID
2018-12-17 09:44:25,MSFT,104.11,19,ASK
2018-12-17 09:44:26,MSFT,104.09,4,BID
2018-12-17 09:44:25,MSFT,104.11,19,ASK
2018-12-17 09:44:27,MSFT,104.08,13,BID
2018-12-17 09:44:27,MSFT,104.09,1,ASK
2018-12-17 09:44:28,MSFT,104.06,18,BID
2018-12-17 09:44:27,MSFT,104.08,16,ASK
2018-12-17 09:44:29,MSFT,104.08,2,BID
2018-12-17 09:44:27,MSFT,104.09,23,ASK
2018-12-17 09:44:30,MSFT,104.08,3,BID
2018-12-17 09:44:27,MSFT,104.09,21,ASK
2018-12-17 09:44:30,MSFT,104.07,11,BID
2018-12-17 09:44:27,MSFT,104.09,21,ASK
2018-12-17 09:44:31,MSFT,104.07,4,BID
2018-12-17 09:44:31,MSFT,104.08,20,ASK
2018-12-17 09:44:31,MSFT,104.06,19,BID
2018-12-17 09:44:32,MSFT,104.07,18,ASK
2018-12-17 09:44:34,MSFT,104.05,3,BID
2018-12-17 09:44:34,MSFT,104.07,21,ASK
2018-12-17 09:44:34,MSFT,104.04,13,BID
2018-12-17 09:44:35,MSFT,104.05,2,ASK
2018-12-17 09:44:35,MSFT,104.06,21,BID
2018-12-17 09:44:32,MSFT,104.08,28,ASK
2018-12-17 09:44:36,MSFT,104.08,1,BID
2018-12-17 09:44:35,MSFT,104.09,25,ASK
2018-12-17 09:44:37,MSFT,104.06,8,BID
2018-12-17 09:44:37,MSFT,104.07,1,ASK
2018-12-17 09:44:38,MSFT,104.05,9,BID
2018-12-17 09:44:38,MSFT,104.07,12,ASK
2018-12-17 09:44:40,MSFT,104.05,8,BID
2018-12-17 09:44:38,MSFT,104.07,13,ASK
2018-12-17 09:44:40,MSFT,104.05,14,BID
2018-12-17 09:44:41,MSFT,104.07,26,ASK
2018-12-17 09:44:42,MSFT,104.08,3,BID
2018-12-17 09:44:42,MSFT,104.09,29,ASK
2018-12-17 09:44:43,MSFT,104.09,4,BID
2018-12-17 09:44:43,MSFT,104.1,19,ASK
2018-12-17 09:44:41,MSFT,104.07,13,BID
2018-12-17 09:44:43,MSFT,104.09,1,ASK
2018-12-17 09:44:44,MSFT,104.08,9,BID
2018-12-17 09:44:45,MSFT,104.1,20,ASK
2018-12-17 09:44:45,MSFT,104.08,11,BID
2018-12-17 09:44:45,MSFT,104.09,5,ASK
2018-12-17 09:44:47,MSFT,104.06,20,BID
2018-12-17 09:44:46,MSFT,104.09,22,ASK
2018-12-17 09:44:48,MSFT,104.08,3,BID
2018-12-17 09:44:47,MSFT,104.09,10,ASK
2018-12-17 09:44:48,MSFT,104.12,5,BID
2018-12-17 09:44:48,MSFT,104.14,5,ASK
2018-12-17 09:44:49,MSFT,104.15,6,BID
2018-12-17 09:44:49,MSFT,104.16,13,ASK
2018-12-17 09:44:50,MSFT,104.14,4,BID
2018-12-17 09:44:50,MSFT,104.15,3,ASK
2018-12-17 09:44:52,MSFT,104.13,13,BID
2018-12-17 09:44:52,MSFT,104.15,3,ASK
2018-12-17 09:44:53,MSFT,104.14,3,BID
2018-12-17 09:44:52,MSFT,104.16,26,ASK
2018-12-17 09:44:53,MSFT,104.14,11,BID
2018-12-17 09:44:54,MSFT,104.15,8,ASK
2018-12-17 09:44:55,MSFT,104.19,4,BID
2018-12-17 09:44:55,MSFT,104.21,16,ASK
2018-12-17 09:44:55,MSFT,104.19,8,BID
2018-12-17 09:44:55,MSFT,104.21,15,ASK
2018-12-17 09:44:57,MSFT,104.16,3,BID
2018-12-17 09:44:57,MSFT,104.18,4,ASK
2018-12-17 09:44:57,MSFT,104.15,109,BID
2018-12-17 09:44:57,MSFT,104.17,4,ASK
2018-12-17 09:44:58,MSFT,104.13,8,BID
2018-12-17 09:44:59,MSFT,104.14,3,ASK
2018-12-17 09:45:00,MSFT,104.12,5,BID
2018-12-17 09:45:00,MSFT,104.14,19,ASK
2018-12-17 09:45:00,MSFT,104.12,2,BID
2018-12-17 09:45:00,MSFT,104.13,5,ASK
2018-12-17 09:45:01,MSFT,104.1,14,BID
2018-12-17 09:45:01,MSFT,104.12,9,ASK
2018-12-17 09:45:01,MSFT,104.1,16,BID
2018-12-17 09:45:02,MSFT,104.12,11,ASK
2018-12-17 09:45:02,MSFT,104.09,5,BID
2018-12-17 09:45:03,MSFT,104.1,11,ASK
2018-12-17 09:45:04,MSFT,104.1,5,BID
2018-12-17 09:45:04,MSFT,104.11,13,ASK
2018-12-17 09:45:05,MSFT,104.1,16,BID
2018-12-17 09:45:05,MSFT,104.12,10,ASK
2018-12-17 09:45:06,MSFT,104.11,17,BID
2018-12-17 09:45:07,MSFT,104.13,8,ASK
2018-12-17 09:45:06,MSFT,104.11,17,BID
2018-12-17 09:45:08,MSFT,104.12,2,ASK
2018-12-17 09:45:09,MSFT,104.08,17,BID
2018-12-17 09:45:09,MSFT,104.1,7,ASK
2018-12-17 09:44:47,MSFT,104.07,21,BID
2018-12-17 09:45:09,MSFT,104.09,5,ASK
2018-12-17 09:45:10,MSFT,104.06,14,BID
2018-12-17 09:45:10,MSFT,104.08,9,ASK
2018-12-17 09:45:11,MSFT,104.06,20,BID
2018-12-17 09:45:11,MSFT,104.08,18,ASK
2018-12-17 09:45:12,MSFT,104.07,21,BID
2018-12-17 09:45:12,MSFT,104.08,12,ASK
2018-12-17 09:45:13,MSFT,104.06,7,BID
2018-12-17 09:45:12,MSFT,104.08,15,ASK
2018-12-17 09:45:15,MSFT,104.07,5,BID
2018-12-17 09:45:12,MSFT,104.08,27,ASK
2018-12-17 09:45:16,MSFT,104.07,17,BID
2018-12-17 09:45:16,MSFT,104.08,26,ASK
2018-12-17 09:45:16,MSFT,104.09,24,BID
2018-12-17 09:45:16,MSFT,104.11,14,ASK
2018-12-17 09:45:16,MSFT,104.09,17,BID
2018-12-17 09:45:17,MSFT,104.11,12,ASK
2018-12-17 09:45:19,MSFT,104.1,18,BID
2018-12-17 09:45:18,MSFT,104.11,17,ASK
2018-12-17 09:45:19,MSFT,104.15,4,BID
2018-12-17 09:45:19,MSFT,104.16,18,ASK
2018-12-17 09:45:20,MSFT,104.15,12,BID
2018-12-17 09:45:20,MSFT,104.16,7,ASK
2018-12-17 09:45:21,MSFT,104.18,5,BID
2018-12-17 09:45:21,MSFT,104.19,21,ASK
2018-12-17 09:45:21,MSFT,104.18,15,BID
2018-12-17 09:45:21,MSFT,104.2,17,ASK
2018-12-17 09:45:22,MSFT,104.23,5,BID
2018-12-17 09:45:22,MSFT,104.24,2,ASK
2018-12-17 09:45:23,MSFT,104.23,10,BID
2018-12-17 09:45:23,MSFT,104.25,20,ASK
2018-12-17 09:45:24,MSFT,104.25,4,BID
2018-12-17 09:45:24,MSFT,104.27,14,ASK
2018-12-17 09:45:25,MSFT,104.26,5,BID
2018-12-17 09:45:25,MSFT,104.28,4,ASK
2018-12-17 09:45:26,MSFT,104.27,2,BID
2018-12-17 09:45:26,MSFT,104.28,9,ASK
2018-12-17 09:45:28,MSFT,104.27,2,BID
2018-12-17 09:45:28,MSFT,104.28,6,ASK
2018-12-17 09:45:30,MSFT,104.3,4,BID
2018-12-17 09:45:30,MSFT,104.31,9,ASK
2018-12-17 09:45:31,MSFT,104.3,5,BID
2018-12-17 09:45:31,MSFT,104.31,20,ASK
2018-12-17 09:45:28,MSFT,104.28,23,BID
2018-12-17 09:45:32,MSFT,104.31,21,ASK
2018-12-17 09:45:32,MSFT,104.3,11,BID
2018-12-17 09:45:33,MSFT,104.32,8,ASK
2018-12-17 09:45:28,MSFT,104.28,21,BID
2018-12-17 09:45:34,MSFT,104.3,2,ASK
2018-12-17 09:45:34,MSFT,104.3,1,BID
2018-12-17 09:45:35,MSFT,104.3,4,ASK
2018-12-17 09:45:35,MSFT,104.31,12,BID
2018-12-17 09:45:35,MSFT,104.33,12,ASK
2018-12-17 09:45:36,MSFT,104.3,15,BID
2018-12-17 09:45:36,MSFT,104.32,9,ASK
2018-12-17 09:45:37,MSFT,104.28,25,BID
2018-12-17 09:45:37,MSFT,104.3,15,ASK
2018-12-17 09:45:39,MSFT,104.3,1,BID
2018-12-17 09:45:39,MSFT,104.31,10,ASK
2018-12-17 09:45:40,MSFT,104.31,13,BID
2018-12-17 09:45:40,MSFT,104.33,10,ASK
2018-12-17 09:45:41,MSFT,104.32,20,BID
2018-12-17 09:45:41,MSFT,104.34,14,ASK
2018-12-17 09:45:42,MSFT,104.34,6,BID
2018-12-17 09:45:42,MSFT,104.35,21,ASK
2018-12-17 09:45:42,MSFT,104.33,9,BID
2018-12-17 09:45:43,MSFT,104.34,1,ASK
2018-12-17 09:45:44,MSFT,104.31,18,BID
2018-12-17 09:45:44,MSFT,104.33,6,ASK
2018-12-17 09:45:45,MSFT,104.33,11,BID
2018-12-17 09:45:45,MSFT,104.34,12,ASK
2018-12-17 09:45:45,MSFT,104.31,16,BID
2018-12-17 09:45:46,MSFT,104.33,3,ASK
2018-12-17 09:45:47,MSFT,104.33,4,BID
2018-12-17 09:45:47,MSFT,104.34,15,ASK
2018-12-17 09:45:48,MSFT,104.34,9,BID
2018-12-17 09:45:48,MSFT,104.36,6,ASK
2018-12-17 09:45:49,MSFT,104.35,10,BID
2018-12-17 09:45:49,MSFT,104.37,11,ASK
2018-12-17 09:45:50,MSFT,104.37,3,BID
2018-12-17 09:45:50,MSFT,104.38,9,ASK
2018-12-17 09:45:51,MSFT,104.36,3,BID
2018-12-17 09:45:51,MSFT,104.37,5,ASK
2018-12-17 09:45:52,MSFT,104.36,12,BID
2018-12-17 09:45:51,MSFT,104.38,10,ASK
2018-12-17 09:45:53,MSFT,104.36,10,BID
2018-12-17 09:45:53,MSFT,104.37,3,ASK
2018-12-17 09:45:54,MSFT,104.35,10,BID
2018-12-17 09:45:54,MSFT,104.36,15,ASK
2018-12-17 09:45:54,MSFT,104.35,11,BID
2018-12-17 09:45:54,MSFT,104.36,13,ASK
2018-12-17 09:45:56,MSFT,104.36,5,BID
2018-12-17 09:45:56,MSFT,104.37,20,ASK
2018-12-17 09:45:56,MSFT,104.37,10,BID
2018-12-17 09:45:57,MSFT,104.39,25,ASK
2018-12-17 09:45:58,MSFT,104.38,9,BID
2018-12-17 09:45:58,MSFT,104.4,14,ASK
2018-12-17 09:45:59,MSFT,104.39,5,BID
2018-12-17 09:45:59,MSFT,104.41,14,ASK
2018-12-17 09:46:00,MSFT,104.39,17,BID
2018-12-17 09:46:00,MSFT,104.41,14,ASK
2018-12-17 09:46:01,MSFT,104.38,16,BID
2018-12-17 09:46:01,MSFT,104.4,6,ASK
2018-12-17 09:45:56,MSFT,104.37,11,BID
2018-12-17 09:46:01,MSFT,104.39,10,ASK
2018-12-17 09:46:03,MSFT,104.37,23,BID
2018-12-17 09:46:03,MSFT,104.39,17,ASK
2018-12-17 09:46:04,MSFT,104.39,16,BID
2018-12-17 09:46:01,MSFT,104.41,16,ASK
2018-12-17 09:46:05,MSFT,104.39,11,BID
2018-12-17 09:46:01,MSFT,104.41,17,ASK
2018-12-17 09:46:06,MSFT,104.39,17,BID
2018-12-17 09:46:05,MSFT,104.41,14,ASK
2018-12-17 09:46:07,MSFT,104.39,12,BID
2018-12-17 09:46:05,MSFT,104.41,15,ASK
2018-12-17 09:46:08,MSFT,104.4,11,BID
2018-12-17 09:46:08,MSFT,104.42,17,ASK
2018-12-17 09:46:09,MSFT,104.42,7,BID
2018-12-17 09:46:08,MSFT,104.43,6,ASK
2018-12-17 09:46:10,MSFT,104.42,13,BID
2018-12-17 09:46:10,MSFT,104.44,18,ASK
2018-12-17 09:46:11,MSFT,104.41,4,BID
2018-12-17 09:46:11,MSFT,104.42,10,ASK
2018-12-17 09:46:12,MSFT,104.4,5,BID
2018-12-17 09:46:11,MSFT,104.42,10,ASK
2018-12-17 09:46:13,MSFT,104.39,7,BID
2018-12-17 09:46:13,MSFT,104.4,3,ASK
2018-12-17 09:46:14,MSFT,104.4,5,BID
2018-12-17 09:46:14,MSFT,104.42,9,ASK
2018-12-17 09:46:15,MSFT,104.41,14,BID
2018-12-17 09:46:15,MSFT,104.43,10,ASK
2018-12-17 09:46:16,MSFT,104.4,11,BID
2018-12-17 09:46:16,MSFT,104.41,3,ASK
2018-12-17 09:46:14,MSFT,104.39,8,BID
2018-12-17 09:46:16,MSFT,104.41,4,ASK
2018-12-17 09:46:18,MSFT,104.4,5,BID
2018-12-17 09:46:18,MSFT,104.41,5,ASK
2018-12-17 09:46:19,MSFT,104.38,8,BID
2018-12-17 09:46:19,MSFT,104.4,3,ASK
2018-12-17 09:46:20,MSFT,104.41,15,BID
2018-12-17 09:46:20,MSFT,104.43,8,ASK
2018-12-17 09:46:20,MSFT,104.41,15,BID
2018-12-17 09:46:21,MSFT,104.43,8,ASK
2018-12-17 09:46:22,MSFT,104.4,2,BID
2018-12-17 09:46:22,MSFT,104.41,3,ASK
2018-12-17 09:46:23,MSFT,104.41,20,BID
2018-12-17 09:46:23,MSFT,104.43,5,ASK
2018-12-17 09:46:24,MSFT,104.43,1,BID
2018-12-17 09:46:24,MSFT,104.44,5,ASK
2018-12-17 09:46:25,MSFT,104.4,1,BID
2018-12-17 09:46:25,MSFT,104.41,5,ASK
2018-12-17 09:46:26,MSFT,104.37,19,BID
2018-12-17 09:46:26,MSFT,104.39,7,ASK
2018-12-17 09:46:27,MSFT,104.41,21,BID
2018-12-17 09:46:27,MSFT,104.43,4,ASK
2018-12-17 09:46:28,MSFT,104.41,23,BID
2018-12-17 09:46:28,MSFT,104.43,4,ASK
2018-12-17 09:46:29,MSFT,104.39,24,BID
2018-12-17 09:46:29,MSFT,104.41,5,ASK
2018-12-17 09:46:27,MSFT,104.38,15,BID
2018-12-17 09:46:30,MSFT,104.4,4,ASK
2018-12-17 09:46:31,MSFT,104.33,11,BID
2018-12-17 09:46:31,MSFT,104.35,16,ASK
2018-12-17 09:46:31,MSFT,104.37,2,BID
2018-12-17 09:46:31,MSFT,104.38,9,ASK
2018-12-17 09:46:32,MSFT,104.4,2,BID
2018-12-17 09:46:32,MSFT,104.42,7,ASK
2018-12-17 09:46:32,MSFT,104.38,24,BID
2018-12-17 09:46:32,MSFT,104.4,7,ASK
2018-12-17 09:46:32,MSFT,104.38,28,BID
2018-12-17 09:46:33,MSFT,104.4,6,ASK
2018-12-17 09:46:32,MSFT,104.38,23,BID
2018-12-17 09:46:35,MSFT,104.39,4,ASK
2018-12-17 09:46:37,MSFT,104.4,11,BID
2018-12-17 09:46:36,MSFT,104.42,7,ASK
2018-12-17 09:46:38,MSFT,104.43,20,BID
2018-12-17 09:46:38,MSFT,104.45,19,ASK
2018-12-17 09:46:39,MSFT,104.46,1,BID
2018-12-17 09:46:39,MSFT,104.47,18,ASK
2018-12-17 09:46:38,MSFT,104.43,15,BID
2018-12-17 09:46:40,MSFT,104.45,8,ASK
2018-12-17 09:46:41,MSFT,104.41,21,BID
2018-12-17 09:46:41,MSFT,104.43,5,ASK
2018-12-17 09:46:41,MSFT,104.41,20,BID
2018-12-17 09:46:41,MSFT,104.43,4,ASK
2018-12-17 09:46:43,MSFT,104.4,13,BID
2018-12-17 09:46:43,MSFT,104.42,4,ASK
2018-12-17 09:46:44,MSFT,104.41,2,BID
2018-12-17 09:46:44,MSFT,104.43,5,ASK
2018-12-17 09:46:45,MSFT,104.43,3,BID
2018-12-17 09:46:45,MSFT,104.44,8,ASK
2018-12-17 09:46:46,MSFT,104.41,7,BID
2018-12-17 09:46:46,MSFT,104.43,8,ASK
2018-12-17 09:46:47,MSFT,104.4,4,BID
2018-12-17 09:46:47,MSFT,104.42,7,ASK
2018-12-17 09:46:48,MSFT,104.38,16,BID
2018-12-17 09:46:48,MSFT,104.4,5,ASK
2018-12-17 09:46:49,MSFT,104.39,4,BID
2018-12-17 09:46:49,MSFT,104.41,5,ASK
2018-12-17 09:46:50,MSFT,104.37,16,BID
2018-12-17 09:46:50,MSFT,104.39,5,ASK
2018-12-17 09:46:51,MSFT,104.35,25,BID
2018-12-17 09:46:51,MSFT,104.36,4,ASK
2018-12-17 09:46:52,MSFT,104.33,9,BID
2018-12-17 09:46:52,MSFT,104.34,3,ASK
2018-12-17 09:46:53,MSFT,104.33,11,BID
2018-12-17 09:46:53,MSFT,104.34,4,ASK
2018-12-17 09:46:54,MSFT,104.33,9,BID
2018-12-17 09:46:54,MSFT,104.34,5,ASK
2018-12-17 09:46:55,MSFT,104.32,18,BID
2018-12-17 09:46:55,MSFT,104.33,8,ASK
2018-12-17 09:46:56,MSFT,104.31,3,BID
2018-12-17 09:46:56,MSFT,104.32,3,ASK
2018-12-17 09:46:57,MSFT,104.31,4,BID
2018-12-17 09:46:56,MSFT,104.33,18,ASK
2018-12-17 09:46:58,MSFT,104.33,6,BID
2018-12-17 09:46:58,MSFT,104.34,15,ASK
2018-12-17 09:46:59,MSFT,104.32,18,BID
2018-12-17 09:46:59,MSFT,104.34,18,ASK
2018-12-17 09:47:00,MSFT,104.33,1,BID
2018-12-17 09:46:59,MSFT,104.34,18,ASK
2018-12-17 09:47:01,MSFT,104.32,16,BID
2018-12-17 09:47:01,MSFT,104.33,3,ASK
2018-12-17 09:46:57,MSFT,104.3,24,BID
2018-12-17 09:47:02,MSFT,104.32,3,ASK
2018-12-17 09:47:03,MSFT,104.35,3,BID
2018-12-17 09:47:03,MSFT,104.36,11,ASK
2018-12-17 09:47:03,MSFT,104.34,3,BID
2018-12-17 09:47:03,MSFT,104.36,15,ASK
2018-12-17 09:47:05,MSFT,104.34,22,BID
2018-12-17 09:47:05,MSFT,104.36,14,ASK
2018-12-17 09:47:06,MSFT,104.35,13,BID
2018-12-17 09:47:06,MSFT,104.37,26,ASK
2018-12-17 09:47:07,MSFT,104.34,1,BID
2018-12-17 09:47:07,MSFT,104.35,10,ASK
2018-12-17 09:47:08,MSFT,104.33,20,BID
2018-12-17 09:47:08,MSFT,104.34,6,ASK
2018-12-17 09:47:09,MSFT,104.31,4,BID
2018-12-17 09:47:09,MSFT,104.32,3,ASK
2018-12-17 09:47:10,MSFT,104.29,14,BID
2018-12-17 09:47:10,MSFT,104.3,4,ASK
2018-12-17 09:47:11,MSFT,104.26,14,BID
2018-12-17 09:47:11,MSFT,104.28,2,ASK
2018-12-17 09:47:12,MSFT,104.26,22,BID
2018-12-17 09:47:12,MSFT,104.28,6,ASK
2018-12-17 09:47:13,MSFT,104.28,100,BID
2018-12-17 09:47:13,MSFT,104.29,15,ASK
2018-12-17 09:47:14,MSFT,104.31,8,BID
2018-12-17 09:47:14,MSFT,104.32,8,ASK
2018-12-17 09:47:15,MSFT,104.29,2,BID
2018-12-17 09:47:15,MSFT,104.3,4,ASK
2018-12-17 09:47:16,MSFT,104.29,5,BID
2018-12-17 09:47:16,MSFT,104.3,3,ASK
2018-12-17 09:47:17,MSFT,104.3,7,BID
2018-12-17 09:47:17,MSFT,104.31,6,ASK
2018-12-17 09:47:18,MSFT,104.28,100,BID
2018-12-17 09:47:18,MSFT,104.3,11,ASK
2018-12-17 09:47:19,MSFT,104.26,3,BID
2018-12-17 09:47:19,MSFT,104.28,13,ASK
2018-12-17 09:47:20,MSFT,104.25,3,BID
2018-12-17 09:47:20,MSFT,104.27,10,ASK
2018-12-17 09:47:21,MSFT,104.25,20,BID
2018-12-17 09:47:21,MSFT,104.27,10,ASK
2018-12-17 09:47:22,MSFT,104.28,1,BID
2018-12-17 09:47:22,MSFT,104.29,11,ASK
2018-12-17 09:47:23,MSFT,104.28,13,BID
2018-12-17 09:47:22,MSFT,104.3,14,ASK
2018-12-17 09:47:23,MSFT,104.28,14,BID
2018-12-17 09:47:24,MSFT,104.3,16,ASK
2018-12-17 09:47:25,MSFT,104.27,14,BID
2018-12-17 09:47:25,MSFT,104.28,5,ASK
2018-12-17 09:47:19,MSFT,104.24,19,BID
2018-12-17 09:47:26,MSFT,104.26,22,ASK
2018-12-17 09:47:19,MSFT,104.24,13,BID
2018-12-17 09:47:27,MSFT,104.26,22,ASK
2018-12-17 09:47:28,MSFT,104.21,8,BID
2018-12-17 09:47:28,MSFT,104.23,4,ASK
2018-12-17 09:47:29,MSFT,104.21,3,BID
2018-12-17 09:47:29,MSFT,104.23,12,ASK
2018-12-17 09:47:30,MSFT,104.21,3,BID
2018-12-17 09:47:29,MSFT,104.23,12,ASK
2018-12-17 09:47:31,MSFT,104.18,9,BID
2018-12-17 09:47:31,MSFT,104.2,12,ASK
2018-12-17 09:47:32,MSFT,104.2,12,BID
2018-12-17 09:47:31,MSFT,104.22,23,ASK
2018-12-17 09:47:33,MSFT,104.19,9,BID
2018-12-17 09:47:33,MSFT,104.2,7,ASK
2018-12-17 09:47:34,MSFT,104.21,2,BID
2018-12-17 09:47:33,MSFT,104.23,16,ASK
2018-12-17 09:47:34,MSFT,104.21,5,BID
2018-12-17 09:47:35,MSFT,104.22,3,ASK
2018-12-17 09:47:36,MSFT,104.21,6,BID
2018-12-17 09:47:36,MSFT,104.22,7,ASK
2018-12-17 09:47:37,MSFT,104.18,5,BID
2018-12-17 09:47:37,MSFT,104.19,14,ASK
2018-12-17 09:47:38,MSFT,104.19,25,BID
2018-12-17 09:47:38,MSFT,104.21,2,ASK
2018-12-17 09:47:39,MSFT,104.18,19,BID
2018-12-17 09:47:39,MSFT,104.2,3,ASK
2018-12-17 09:47:40,MSFT,104.16,8,BID
2018-12-17 09:47:40,MSFT,104.18,18,ASK
2018-12-17 09:47:41,MSFT,104.17,2,BID
2018-12-17 09:47:41,MSFT,104.18,24,ASK
2018-12-17 09:47:42,MSFT,104.17,13,BID
2018-12-17 09:47:42,MSFT,104.18,7,ASK
2018-12-17 09:47:43,MSFT,104.13,4,BID
2018-12-17 09:47:43,MSFT,104.15,16,ASK
2018-12-17 09:47:44,MSFT,104.1,25,BID
2018-12-17 09:47:44,MSFT,104.12,5,ASK
2018-12-17 09:47:46,MSFT,104.1,4,BID
2018-12-17 09:47:45,MSFT,104.12,9,ASK
2018-12-17 09:47:46,MSFT,104.11,10,BID
2018-12-17 09:47:46,MSFT,104.13,18,ASK
2018-12-17 09:47:47,MSFT,104.11,21,BID
2018-12-17 09:47:47,MSFT,104.12,1,ASK
2018-12-17 09:47:48,MSFT,104.1,11,BID
2018-12-17 09:47:48,MSFT,104.12,4,ASK
2018-12-17 09:47:49,MSFT,104.11,1,BID
2018-12-17 09:47:49,MSFT,104.12,12,ASK
2018-12-17 09:47:50,MSFT,104.09,19,BID
2018-12-17 09:47:50,MSFT,104.11,9,ASK
2018-12-17 09:47:51,MSFT,104.08,17,BID
2018-12-17 09:47:51,MSFT,104.1,5,ASK
2018-12-17 09:47:53,MSFT,104.1,21,BID
2018-12-17 09:47:52,MSFT,104.11,16,ASK
2018-12-17 09:47:53,MSFT,104.08,17,BID
2018-12-17 09:47:53,MSFT,104.09,3,ASK
2018-12-17 09:47:54,MSFT,104.06,6,BID
2018-12-17 09:47:54,MSFT,104.09,13,ASK
2018-12-17 09:47:55,MSFT,104.05,19,BID
2018-12-17 09:47:55,MSFT,104.07,12,ASK
2018-12-17 09:47:56,MSFT,104.05,18,BID
2018-12-17 09:47:56,MSFT,104.06,3,ASK
2018-12-17 09:47:57,MSFT,104.08,15,BID
2018-12-17 09:47:57,MSFT,104.1,20,ASK
2018-12-17 09:47:58,MSFT,104.08,25,BID
2018-12-17 09:47:58,MSFT,104.1,19,ASK
2018-12-17 09:47:59,MSFT,104.07,15,BID
2018-12-17 09:47:59,MSFT,104.09,9,ASK
2018-12-17 09:48:00,MSFT,104.05,3,BID
2018-12-17 09:48:00,MSFT,104.06,3,ASK
2018-12-17 09:48:01,MSFT,104.04,24,BID
2018-12-17 09:48:02,MSFT,104.05,5,ASK
2018-12-17 09:48:03,MSFT,104.04,24,BID
2018-12-17 09:48:03,MSFT,104.06,12,ASK
2018-12-17 09:48:03,MSFT,104.05,16,BID
2018-12-17 09:48:03,MSFT,104.07,14,ASK
2018-12-17 09:48:04,MSFT,104.06,30,BID
2018-12-17 09:48:04,MSFT,104.08,17,ASK
2018-12-17 09:48:05,MSFT,104.06,30,BID
2018-12-17 09:48:05,MSFT,104.07,5,ASK
2018-12-17 09:48:07,MSFT,104.06,4,BID
2018-12-17 09:48:07,MSFT,104.07,3,ASK
2018-12-17 09:48:07,MSFT,104.04,17,BID
2018-12-17 09:48:07,MSFT,104.06,9,ASK
2018-12-17 09:48:07,MSFT,104.04,17,BID
2018-12-17 09:48:07,MSFT,104.06,9,ASK
2018-12-17 09:48:09,MSFT,104.04,22,BID
2018-12-17 09:48:07,MSFT,104.06,9,ASK
2018-12-17 09:48:10,MSFT,104.05,10,BID
2018-12-17 09:48:11,MSFT,104.06,9,ASK
2018-12-17 09:48:12,MSFT,104.04,17,BID
2018-12-17 09:48:12,MSFT,104.05,5,ASK
2018-12-17 09:48:12,MSFT,104.04,17,BID
2018-12-17 09:48:12,MSFT,104.06,19,ASK
2018-12-17 09:48:12,MSFT,104.04,20,BID
2018-12-17 09:48:13,MSFT,104.06,22,ASK
2018-12-17 09:48:12,MSFT,104.04,21,BID
2018-12-17 09:48:15,MSFT,104.05,4,ASK
2018-12-17 09:48:16,MSFT,104.02,19,BID
2018-12-17 09:48:16,MSFT,104.03,3,ASK
2018-12-17 09:48:16,MSFT,104.02,24,BID
2018-12-17 09:48:17,MSFT,104.03,4,ASK
2018-12-17 09:48:17,MSFT,104.02,20,BID
2018-12-17 09:48:17,MSFT,104.04,12,ASK
2018-12-17 09:48:18,MSFT,104.02,20,BID
2018-12-17 09:48:18,MSFT,104.04,21,ASK
2018-12-17 09:48:20,MSFT,104.0,157,BID
2018-12-17 09:48:20,MSFT,104.01,9,ASK
2018-12-17 09:48:20,MSFT,103.94,6,BID
2018-12-17 09:48:20,MSFT,103.96,10,ASK
2018-12-17 09:48:22,MSFT,103.95,5,BID
2018-12-17 09:48:21,MSFT,103.96,11,ASK
2018-12-17 09:48:22,MSFT,103.93,11,BID
2018-12-17 09:48:22,MSFT,103.95,17,ASK
2018-12-17 09:48:23,MSFT,103.91,7,BID
2018-12-17 09:48:23,MSFT,103.92,17,ASK
2018-12-17 09:48:23,MSFT,103.91,22,BID
2018-12-17 09:48:24,MSFT,103.92,17,ASK
2018-12-17 09:48:23,MSFT,103.91,20,BID
2018-12-17 09:48:25,MSFT,103.92,17,ASK
2018-12-17 09:48:23,MSFT,103.91,20,BID
2018-12-17 09:48:27,MSFT,103.92,8,ASK
2018-12-17 09:48:23,MSFT,103.91,20,BID
2018-12-17 09:48:28,MSFT,103.92,7,ASK
2018-12-17 09:48:29,MSFT,103.9,80,BID
2018-12-17 09:48:29,MSFT,103.91,21,ASK
2018-12-17 09:48:30,MSFT,103.88,13,BID
2018-12-17 09:48:30,MSFT,103.89,3,ASK
2018-12-17 09:48:30,MSFT,103.87,13,BID
2018-12-17 09:48:30,MSFT,103.89,17,ASK
2018-12-17 09:48:32,MSFT,103.87,18,BID
2018-12-17 09:48:32,MSFT,103.88,4,ASK
2018-12-17 09:48:33,MSFT,103.88,11,BID
2018-12-17 09:48:33,MSFT,103.89,16,ASK
2018-12-17 09:48:33,MSFT,103.87,18,BID
2018-12-17 09:48:33,MSFT,103.88,9,ASK
2018-12-17 09:48:34,MSFT,103.87,15,BID
2018-12-17 09:48:34,MSFT,103.88,11,ASK
2018-12-17 09:48:35,MSFT,103.87,13,BID
2018-12-17 09:48:35,MSFT,103.88,27,ASK
2018-12-17 09:48:36,MSFT,103.87,18,BID
2018-12-17 09:48:36,MSFT,103.89,22,ASK
2018-12-17 09:48:37,MSFT,103.87,11,BID
2018-12-17 09:48:37,MSFT,103.88,3,ASK
2018-12-17 09:48:37,MSFT,103.87,13,BID
2018-12-17 09:48:39,MSFT,103.88,4,ASK
2018-12-17 09:48:37,MSFT,103.87,13,BID
2018-12-17 09:48:39,MSFT,103.88,13,ASK
2018-12-17 09:48:41,MSFT,103.87,10,BID
2018-12-17 09:48:41,MSFT,103.88,11,ASK
2018-12-17 09:48:42,MSFT,103.87,6,BID
2018-12-17 09:48:42,MSFT,103.88,10,ASK
2018-12-17 09:48:43,MSFT,103.87,12,BID
2018-12-17 09:48:43,MSFT,103.88,7,ASK
2018-12-17 09:48:44,MSFT,103.9,9,BID
2018-12-17 09:48:44,MSFT,103.91,4,ASK
2018-12-17 09:48:44,MSFT,103.91,11,BID
2018-12-17 09:48:44,MSFT,103.92,2,ASK
2018-12-17 09:48:45,MSFT,103.91,12,BID
2018-12-17 09:48:46,MSFT,103.92,6,ASK
2018-12-17 09:48:43,MSFT,103.89,14,BID
2018-12-17 09:48:47,MSFT,103.9,1,ASK
2018-12-17 09:48:47,MSFT,103.88,12,BID
2018-12-17 09:48:48,MSFT,103.89,3,ASK
2018-12-17 09:48:48,MSFT,103.88,11,BID
2018-12-17 09:48:48,MSFT,103.9,12,ASK
2018-12-17 09:48:49,MSFT,103.91,8,BID
2018-12-17 09:48:49,MSFT,103.92,11,ASK
2018-12-17 09:48:51,MSFT,103.92,6,BID
2018-12-17 09:48:51,MSFT,103.93,5,ASK
2018-12-17 09:48:51,MSFT,103.92,14,BID
2018-12-17 09:48:51,MSFT,103.94,16,ASK
2018-12-17 09:48:51,MSFT,103.92,14,BID
2018-12-17 09:48:51,MSFT,103.94,14,ASK
2018-12-17 09:48:51,MSFT,103.92,14,BID
2018-12-17 09:48:51,MSFT,103.94,18,ASK
2018-12-17 09:48:51,MSFT,103.92,14,BID
2018-12-17 09:48:51,MSFT,103.94,22,ASK
2018-12-17 09:48:56,MSFT,103.93,5,BID
2018-12-17 09:48:56,MSFT,103.94,17,ASK
2018-12-17 09:48:56,MSFT,103.94,20,BID
2018-12-17 09:48:57,MSFT,103.96,16,ASK
2018-12-17 09:48:58,MSFT,103.94,5,BID
2018-12-17 09:48:57,MSFT,103.96,25,ASK
2018-12-17 09:48:58,MSFT,103.94,15,BID
2018-12-17 09:48:57,MSFT,103.96,18,ASK
2018-12-17 09:49:00,MSFT,103.94,18,BID
2018-12-17 09:48:57,MSFT,103.96,24,ASK
2018-12-17 09:49:01,MSFT,103.97,2,BID
2018-12-17 09:49:01,MSFT,103.98,16,ASK
2018-12-17 09:49:01,MSFT,104.0,5,BID
2018-12-17 09:49:01,MSFT,104.01,15,ASK
2018-12-17 09:49:02,MSFT,104.01,5,BID
2018-12-17 09:49:02,MSFT,104.02,5,ASK
2018-12-17 09:49:02,MSFT,104.0,13,BID
2018-12-17 09:49:02,MSFT,104.02,18,ASK
2018-12-17 09:49:03,MSFT,104.04,4,BID
2018-12-17 09:49:03,MSFT,104.05,14,ASK
2018-12-17 09:49:04,MSFT,104.07,10,BID
2018-12-17 09:49:04,MSFT,104.09,14,ASK
2018-12-17 09:49:04,MSFT,104.04,28,BID
2018-12-17 09:49:05,MSFT,104.06,18,ASK
2018-12-17 09:49:06,MSFT,104.07,18,BID
2018-12-17 09:49:05,MSFT,104.08,11,ASK
2018-12-17 09:49:07,MSFT,104.07,6,BID
2018-12-17 09:49:05,MSFT,104.08,15,ASK
2018-12-17 09:49:08,MSFT,104.07,13,BID
2018-12-17 09:49:08,MSFT,104.08,3,ASK
2018-12-17 09:49:08,MSFT,104.06,14,BID
2018-12-17 09:49:08,MSFT,104.07,5,ASK
2018-12-17 09:49:10,MSFT,104.06,7,BID
2018-12-17 09:49:10,MSFT,104.07,8,ASK
2018-12-17 09:49:11,MSFT,104.05,19,BID
2018-12-17 09:49:11,MSFT,104.06,3,ASK
2018-12-17 09:49:11,MSFT,104.02,22,BID
2018-12-17 09:49:12,MSFT,104.03,4,ASK
2018-12-17 09:49:14,MSFT,104.03,6,BID
2018-12-17 09:49:13,MSFT,104.04,14,ASK
2018-12-17 09:49:15,MSFT,104.03,12,BID
2018-12-17 09:49:15,MSFT,104.04,15,ASK
2018-12-17 09:49:16,MSFT,104.01,10,BID
2018-12-17 09:49:16,MSFT,104.03,14,ASK
2018-12-17 09:49:17,MSFT,104.02,12,BID
2018-12-17 09:49:17,MSFT,104.04,15,ASK
2018-12-17 09:49:19,MSFT,104.04,1,BID
2018-12-17 09:49:14,MSFT,104.05,20,ASK
2018-12-17 09:49:19,MSFT,104.02,22,BID
2018-12-17 09:49:19,MSFT,104.03,2,ASK
2018-12-17 09:49:20,MSFT,104.01,2,BID
2018-12-17 09:49:20,MSFT,104.02,4,ASK
2018-12-17 09:49:20,MSFT,104.01,16,BID
2018-12-17 09:49:20,MSFT,104.03,13,ASK
2018-12-17 09:49:21,MSFT,103.97,15,BID
2018-12-17 09:49:21,MSFT,103.99,16,ASK
2018-12-17 09:49:22,MSFT,103.98,6,BID
2018-12-17 09:49:21,MSFT,103.99,26,ASK
2018-12-17 09:49:22,MSFT,103.94,8,BID
2018-12-17 09:49:22,MSFT,103.95,3,ASK
2018-12-17 09:49:23,MSFT,103.95,13,BID
2018-12-17 09:49:23,MSFT,103.96,11,ASK
2018-12-17 09:49:23,MSFT,103.97,6,BID
2018-12-17 09:49:23,MSFT,103.98,31,ASK
2018-12-17 09:49:24,MSFT,103.96,8,BID
2018-12-17 09:49:24,MSFT,103.97,20,ASK
2018-12-17 09:49:24,MSFT,103.96,11,BID
2018-12-17 09:49:26,MSFT,103.98,26,ASK
2018-12-17 09:49:26,MSFT,103.99,4,BID
2018-12-17 09:49:22,MSFT,103.99,26,ASK
2018-12-17 09:49:27,MSFT,104.01,11,BID
2018-12-17 09:49:27,MSFT,104.03,27,ASK
2018-12-17 09:49:27,MSFT,104.03,3,BID
2018-12-17 09:49:27,MSFT,104.03,1,ASK
2018-12-17 09:49:27,MSFT,104.03,8,BID
2018-12-17 09:49:27,MSFT,104.04,27,ASK
2018-12-17 09:49:28,MSFT,104.03,12,BID
2018-12-17 09:49:28,MSFT,104.04,7,ASK
2018-12-17 09:49:28,MSFT,104.01,19,BID
2018-12-17 09:49:28,MSFT,104.02,10,ASK
2018-12-17 09:49:28,MSFT,104.04,3,BID
2018-12-17 09:49:28,MSFT,104.05,26,ASK
2018-12-17 09:49:29,MSFT,104.05,9,BID
2018-12-17 09:49:29,MSFT,104.06,15,ASK
2018-12-17 09:49:30,MSFT,104.05,8,BID
2018-12-17 09:49:30,MSFT,104.07,14,ASK
2018-12-17 09:49:32,MSFT,104.04,16,BID
2018-12-17 09:49:32,MSFT,104.06,5,ASK
2018-12-17 09:49:33,MSFT,104.05,9,BID
2018-12-17 09:49:33,MSFT,104.06,7,ASK
2018-12-17 09:49:34,MSFT,104.05,14,BID
2018-12-17 09:49:34,MSFT,104.07,7,ASK
2018-12-17 09:49:35,MSFT,104.05,6,BID
2018-12-17 09:49:35,MSFT,104.07,11,ASK
2018-12-17 09:49:35,MSFT,104.05,15,BID
2018-12-17 09:49:35,MSFT,104.07,4,ASK
2018-12-17 09:49:37,MSFT,104.06,16,BID
2018-12-17 09:49:37,MSFT,104.08,20,ASK
2018-12-17 09:49:39,MSFT,104.07,8,BID
2018-12-17 09:49:37,MSFT,104.08,22,ASK
2018-12-17 09:49:41,MSFT,104.09,20,BID
2018-12-17 09:49:41,MSFT,104.1,3,ASK
2018-12-17 09:49:42,MSFT,104.09,21,BID
2018-12-17 09:49:43,MSFT,104.1,5,ASK
2018-12-17 09:49:45,MSFT,104.11,3,BID
2018-12-17 09:49:45,MSFT,104.12,13,ASK
2018-12-17 09:49:46,MSFT,104.11,9,BID
2018-12-17 09:49:46,MSFT,104.12,14,ASK
2018-12-17 09:49:48,MSFT,104.12,3,BID
2018-12-17 09:49:45,MSFT,104.13,14,ASK
2018-12-17 09:49:50,MSFT,104.11,3,BID
2018-12-17 09:49:50,MSFT,104.12,8,ASK
2018-12-17 09:49:51,MSFT,104.1,14,BID
2018-12-17 09:49:51,MSFT,104.11,4,ASK
2018-12-17 09:49:52,MSFT,104.11,7,BID
2018-12-17 09:49:52,MSFT,104.12,15,ASK
2018-12-17 09:49:54,MSFT,104.13,4,BID
2018-12-17 09:49:54,MSFT,104.14,14,ASK
2018-12-17 09:49:55,MSFT,104.16,3,BID
2018-12-17 09:49:55,MSFT,104.17,11,ASK
2018-12-17 09:49:56,MSFT,104.17,14,BID
2018-12-17 09:49:56,MSFT,104.18,6,ASK
2018-12-17 09:49:57,MSFT,104.14,5,BID
2018-12-17 09:49:57,MSFT,104.15,5,ASK
2018-12-17 09:49:58,MSFT,104.14,16,BID
2018-12-17 09:49:57,MSFT,104.15,10,ASK
2018-12-17 09:49:59,MSFT,104.12,14,BID
2018-12-17 09:49:59,MSFT,104.14,6,ASK
2018-12-17 09:50:00,MSFT,104.13,6,BID
2018-12-17 09:50:00,MSFT,104.14,7,ASK
2018-12-17 09:50:01,MSFT,104.11,27,BID
2018-12-17 09:50:01,MSFT,104.12,4,ASK
2018-12-17 09:50:02,MSFT,104.1,25,BID
2018-12-17 09:50:02,MSFT,104.11,1,ASK
2018-12-17 09:50:03,MSFT,104.1,21,BID
2018-12-17 09:50:03,MSFT,104.11,8,ASK
2018-12-17 09:50:04,MSFT,104.1,20,BID
2018-12-17 09:50:04,MSFT,104.11,16,ASK
2018-12-17 09:50:05,MSFT,104.08,15,BID
2018-12-17 09:50:05,MSFT,104.09,5,ASK
2018-12-17 09:50:06,MSFT,104.06,15,BID
2018-12-17 09:50:06,MSFT,104.07,4,ASK
2018-12-17 09:50:07,MSFT,104.07,6,BID
2018-12-17 09:50:07,MSFT,104.08,12,ASK
2018-12-17 09:50:08,MSFT,104.05,23,BID
2018-12-17 09:50:08,MSFT,104.07,17,ASK
2018-12-17 09:50:09,MSFT,104.06,20,BID
2018-12-17 09:50:09,MSFT,104.07,3,ASK
2018-12-17 09:50:09,MSFT,104.06,19,BID
2018-12-17 09:50:07,MSFT,104.08,25,ASK
2018-12-17 09:50:09,MSFT,104.06,17,BID
2018-12-17 09:50:11,MSFT,104.07,6,ASK
2018-12-17 09:50:08,MSFT,104.05,22,BID
2018-12-17 09:50:12,MSFT,104.06,7,ASK
2018-12-17 09:50:13,MSFT,104.06,3,BID
2018-12-17 09:50:13,MSFT,104.07,10,ASK
2018-12-17 09:50:14,MSFT,104.08,6,BID
2018-12-17 09:50:14,MSFT,104.09,14,ASK
2018-12-17 09:50:15,MSFT,104.08,4,BID
2018-12-17 09:50:15,MSFT,104.09,7,ASK
2018-12-17 09:50:16,MSFT,104.03,24,BID
2018-12-17 09:50:16,MSFT,104.05,18,ASK
2018-12-17 09:50:17,MSFT,104.02,4,BID
2018-12-17 09:50:17,MSFT,104.03,3,ASK
2018-12-17 09:50:18,MSFT,104.03,4,BID
2018-12-17 09:50:18,MSFT,104.04,11,ASK
2018-12-17 09:50:19,MSFT,103.99,16,BID
2018-12-17 09:50:19,MSFT,104.0,7,ASK
2018-12-17 09:49:26,MSFT,103.97,12,BID
2018-12-17 09:50:20,MSFT,103.98,2,ASK
2018-12-17 09:50:21,MSFT,103.97,15,BID
2018-12-17 09:50:21,MSFT,103.98,5,ASK
2018-12-17 09:50:22,MSFT,103.99,9,BID
2018-12-17 09:50:21,MSFT,104.0,10,ASK
2018-12-17 09:50:23,MSFT,103.99,15,BID
2018-12-17 09:50:23,MSFT,104.0,5,ASK
2018-12-17 09:50:24,MSFT,103.99,14,BID
2018-12-17 09:50:23,MSFT,104.01,20,ASK
2018-12-17 09:50:25,MSFT,103.98,18,BID
2018-12-17 09:50:25,MSFT,103.99,16,ASK
2018-12-17 09:50:25,MSFT,103.98,18,BID
2018-12-17 09:50:25,MSFT,103.99,16,ASK
2018-12-17 09:50:27,MSFT,103.96,2,BID
2018-12-17 09:50:27,MSFT,103.97,16,ASK
2018-12-17 09:50:28,MSFT,103.95,21,BID
2018-12-17 09:50:28,MSFT,103.96,5,ASK
2018-12-17 09:50:28,MSFT,103.95,19,BID
2018-12-17 09:50:28,MSFT,103.97,24,ASK
2018-12-17 09:50:30,MSFT,103.93,21,BID
2018-12-17 09:50:30,MSFT,103.95,7,ASK
2018-12-17 09:50:30,MSFT,103.93,16,BID
2018-12-17 09:50:31,MSFT,103.94,3,ASK
2018-12-17 09:50:30,MSFT,103.93,16,BID
2018-12-17 09:50:32,MSFT,103.94,6,ASK
2018-12-17 09:50:30,MSFT,103.93,21,BID
2018-12-17 09:50:33,MSFT,103.94,11,ASK
2018-12-17 09:50:34,MSFT,103.9,11,BID
2018-12-17 09:50:34,MSFT,103.91,5,ASK
2018-12-17 09:50:35,MSFT,103.92,16,BID
2018-12-17 09:50:35,MSFT,103.94,14,ASK
2018-12-17 09:50:36,MSFT,103.94,5,BID
2018-12-17 09:50:33,MSFT,103.95,18,ASK
2018-12-17 09:50:37,MSFT,103.95,7,BID
2018-12-17 09:50:37,MSFT,103.96,1,ASK
2018-12-17 09:50:38,MSFT,103.95,14,BID
2018-12-17 09:50:38,MSFT,103.97,23,ASK
2018-12-17 09:50:39,MSFT,103.94,18,BID
2018-12-17 09:50:39,MSFT,103.95,3,ASK
2018-12-17 09:50:40,MSFT,103.95,6,BID
2018-12-17 09:50:40,MSFT,103.96,8,ASK
2018-12-17 09:50:41,MSFT,103.98,3,BID
2018-12-17 09:50:41,MSFT,103.99,11,ASK
2018-12-17 09:50:42,MSFT,103.97,12,BID
2018-12-17 09:50:42,MSFT,103.98,1,ASK
2018-12-17 09:50:43,MSFT,103.98,2,BID
2018-12-17 09:50:42,MSFT,103.99,17,ASK
2018-12-17 09:50:43,MSFT,103.98,18,BID
2018-12-17 09:50:44,MSFT,103.99,3,ASK
2018-12-17 09:50:43,MSFT,103.98,17,BID
2018-12-17 09:50:44,MSFT,103.99,5,ASK
2018-12-17 09:50:46,MSFT,104.01,3,BID
2018-12-17 09:50:18,MSFT,104.02,14,ASK
2018-12-17 09:50:46,MSFT,104.01,9,BID
2018-12-17 09:50:47,MSFT,104.02,5,ASK
2018-12-17 09:50:48,MSFT,104.03,7,BID
2018-12-17 09:50:48,MSFT,104.04,3,ASK
2018-12-17 09:50:48,MSFT,104.02,19,BID
2018-12-17 09:50:48,MSFT,104.04,14,ASK
2018-12-17 09:50:50,MSFT,104.07,8,BID
2018-12-17 09:50:50,MSFT,104.08,14,ASK
2018-12-17 09:50:51,MSFT,104.07,7,BID
2018-12-17 09:50:51,MSFT,104.09,12,ASK
2018-12-17 09:50:52,MSFT,104.1,4,BID
2018-12-17 09:50:52,MSFT,104.11,23,ASK
2018-12-17 09:50:53,MSFT,104.1,12,BID
2018-12-17 09:50:53,MSFT,104.11,4,ASK
2018-12-17 09:50:54,MSFT,104.08,5,BID
2018-12-17 09:50:54,MSFT,104.09,7,ASK
2018-12-17 09:50:55,MSFT,104.08,9,BID
2018-12-17 09:50:54,MSFT,104.09,10,ASK
2018-12-17 09:50:55,MSFT,104.08,9,BID
2018-12-17 09:50:54,MSFT,104.09,10,ASK
2018-12-17 09:50:55,MSFT,104.08,5,BID
2018-12-17 09:50:56,MSFT,104.09,8,ASK
2018-12-17 09:50:58,MSFT,104.11,7,BID
2018-12-17 09:50:58,MSFT,104.12,14,ASK
2018-12-17 09:50:59,MSFT,104.09,16,BID
2018-12-17 09:50:59,MSFT,104.1,4,ASK
2018-12-17 09:51:00,MSFT,104.08,29,BID
2018-12-17 09:51:00,MSFT,104.09,7,ASK
2018-12-17 09:51:01,MSFT,104.07,3,BID
2018-12-17 09:51:01,MSFT,104.08,7,ASK
2018-12-17 09:51:02,MSFT,104.07,6,BID
2018-12-17 09:51:02,MSFT,104.08,12,ASK
2018-12-17 09:51:03,MSFT,104.05,15,BID
2018-12-17 09:51:03,MSFT,104.06,5,ASK
2018-12-17 09:51:04,MSFT,104.05,15,BID
2018-12-17 09:51:04,MSFT,104.06,7,ASK
2018-12-17 09:50:48,MSFT,104.02,20,BID
2018-12-17 09:51:05,MSFT,104.04,21,ASK
2018-12-17 09:51:06,MSFT,104.01,3,BID
2018-12-17 09:51:06,MSFT,104.02,6,ASK
2018-12-17 09:51:07,MSFT,104.02,3,BID
2018-12-17 09:51:07,MSFT,104.03,21,ASK
2018-12-17 09:51:08,MSFT,104.03,6,BID
2018-12-17 09:51:08,MSFT,104.04,16,ASK
2018-12-17 09:51:09,MSFT,104.03,5,BID
2018-12-17 09:51:08,MSFT,104.04,16,ASK
2018-12-17 09:51:10,MSFT,104.01,6,BID
2018-12-17 09:51:10,MSFT,104.02,9,ASK
2018-12-17 09:51:11,MSFT,104.03,3,BID
2018-12-17 09:51:08,MSFT,104.04,22,ASK
2018-12-17 09:51:12,MSFT,104.02,6,BID
2018-12-17 09:51:12,MSFT,104.03,6,ASK
2018-12-17 09:51:13,MSFT,104.01,6,BID
2018-12-17 09:51:13,MSFT,104.02,6,ASK
2018-12-17 09:51:14,MSFT,104.03,6,BID
2018-12-17 09:51:14,MSFT,104.04,29,ASK
2018-12-17 09:51:14,MSFT,104.03,12,BID
2018-12-17 09:51:14,MSFT,104.05,23,ASK
2018-12-17 09:51:15,MSFT,104.03,1,BID
2018-12-17 09:51:15,MSFT,104.04,23,ASK
2018-12-17 09:51:16,MSFT,104.03,6,BID
2018-12-17 09:51:16,MSFT,104.04,19,ASK
2018-12-17 09:51:16,MSFT,104.01,17,BID
2018-12-17 09:51:17,MSFT,104.02,8,ASK
2018-12-17 09:51:18,MSFT,104.02,1,BID
2018-12-17 09:51:18,MSFT,104.03,16,ASK
2018-12-17 09:50:46,MSFT,104.0,43,BID
2018-12-17 09:51:19,MSFT,104.01,9,ASK
2018-12-17 09:51:20,MSFT,103.99,9,BID
2018-12-17 09:51:20,MSFT,104.01,11,ASK
2018-12-17 09:51:21,MSFT,104.0,14,BID
2018-12-17 09:51:21,MSFT,104.02,14,ASK
2018-12-17 09:51:23,MSFT,104.0,12,BID
2018-12-17 09:51:23,MSFT,104.01,20,ASK
2018-12-17 09:51:24,MSFT,104.0,8,BID
2018-12-17 09:51:24,MSFT,104.01,20,ASK
2018-12-17 09:51:25,MSFT,104.02,9,BID
2018-12-17 09:51:25,MSFT,104.03,5,ASK
2018-12-17 09:51:26,MSFT,104.02,16,BID
2018-12-17 09:51:26,MSFT,104.03,5,ASK
2018-12-17 09:51:27,MSFT,104.02,21,BID
2018-12-17 09:51:26,MSFT,104.04,18,ASK
2018-12-17 09:51:28,MSFT,104.06,22,BID
2018-12-17 09:51:28,MSFT,104.07,8,ASK
2018-12-17 09:51:28,MSFT,104.06,18,BID
2018-12-17 09:51:29,MSFT,104.07,6,ASK
2018-12-17 09:51:30,MSFT,104.07,3,BID
2018-12-17 09:51:02,MSFT,104.08,22,ASK
2018-12-17 09:51:31,MSFT,104.08,4,BID
2018-12-17 09:51:31,MSFT,104.09,37,ASK
2018-12-17 09:51:31,MSFT,104.08,18,BID
2018-12-17 09:51:31,MSFT,104.1,7,ASK
2018-12-17 09:51:32,MSFT,104.05,10,BID
2018-12-17 09:51:32,MSFT,104.07,9,ASK
2018-12-17 09:51:33,MSFT,104.06,11,BID
2018-12-17 09:51:33,MSFT,104.07,6,ASK
2018-12-17 09:51:34,MSFT,104.03,14,BID
2018-12-17 09:51:34,MSFT,104.04,8,ASK
2018-12-17 09:51:36,MSFT,104.03,12,BID
2018-12-17 09:51:36,MSFT,104.04,5,ASK
2018-12-17 09:51:37,MSFT,104.04,16,BID
2018-12-17 09:51:37,MSFT,104.05,10,ASK
2018-12-17 09:51:38,MSFT,104.04,16,BID
2018-12-17 09:51:37,MSFT,104.05,11,ASK
2018-12-17 09:51:39,MSFT,104.04,16,BID
2018-12-17 09:51:37,MSFT,104.05,12,ASK
2018-12-17 09:51:40,MSFT,104.04,21,BID
2018-12-17 09:51:40,MSFT,104.06,26,ASK
2018-12-17 09:51:41,MSFT,104.05,15,BID
2018-12-17 09:51:40,MSFT,104.06,21,ASK
2018-12-17 09:51:42,MSFT,104.06,21,BID
2018-12-17 09:51:42,MSFT,104.07,9,ASK
2018-12-17 09:51:43,MSFT,104.06,31,BID
2018-12-17 09:51:43,MSFT,104.07,8,ASK
2018-12-17 09:51:42,MSFT,104.05,16,BID
2018-12-17 09:51:44,MSFT,104.06,2,ASK
2018-12-17 09:51:45,MSFT,104.07,27,BID
2018-12-17 09:51:45,MSFT,104.08,4,ASK
2018-12-17 09:51:46,MSFT,104.07,23,BID
2018-12-17 09:51:46,MSFT,104.08,11,ASK
2018-12-17 09:51:47,MSFT,104.07,20,BID
2018-12-17 09:51:47,MSFT,104.08,13,ASK
2018-12-17 09:51:48,MSFT,104.08,7,BID
2018-12-17 09:51:48,MSFT,104.09,8,ASK
2018-12-17 09:51:49,MSFT,104.08,25,BID
2018-12-17 09:51:49,MSFT,104.09,6,ASK
2018-12-17 09:51:50,MSFT,104.07,7,BID
2018-12-17 09:51:50,MSFT,104.08,8,ASK
2018-12-17 09:51:51,MSFT,104.07,16,BID
2018-12-17 09:51:51,MSFT,104.08,8,ASK
2018-12-17 09:51:52,MSFT,104.1,8,BID
2018-12-17 09:51:52,MSFT,104.11,17,ASK
2018-12-17 09:51:53,MSFT,104.12,9,BID
2018-12-17 09:50:01,MSFT,104.13,36,ASK
2018-12-17 09:51:55,MSFT,104.12,8,BID
2018-12-17 09:50:01,MSFT,104.13,31,ASK
2018-12-17 09:51:53,MSFT,104.1,12,BID
2018-12-17 09:51:55,MSFT,104.12,8,ASK
2018-12-17 09:51:56,MSFT,104.12,5,BID
2018-12-17 09:50:01,MSFT,104.13,31,ASK
2018-12-17 09:51:57,MSFT,104.13,30,BID
2018-12-17 09:51:57,MSFT,104.14,5,ASK
2018-12-17 09:51:57,MSFT,104.13,22,BID
2018-12-17 09:51:58,MSFT,104.14,7,ASK
2018-12-17 09:52:00,MSFT,104.12,12,BID
2018-12-17 09:52:00,MSFT,104.13,17,ASK
2018-12-17 09:52:00,MSFT,104.12,22,BID
2018-12-17 09:52:00,MSFT,104.13,8,ASK
2018-12-17 09:52:01,MSFT,104.15,36,BID
2018-12-17 09:52:01,MSFT,104.16,18,ASK
2018-12-17 09:52:01,MSFT,104.15,17,BID
2018-12-17 09:52:01,MSFT,104.16,10,ASK
2018-12-17 09:52:02,MSFT,104.16,16,BID
2018-12-17 09:52:02,MSFT,104.17,14,ASK
2018-12-17 09:52:01,MSFT,104.14,21,BID
2018-12-17 09:52:04,MSFT,104.16,13,ASK
2018-12-17 09:52:05,MSFT,104.13,23,BID
2018-12-17 09:52:05,MSFT,104.14,9,ASK
2018-12-17 09:52:06,MSFT,104.14,9,BID
2018-12-17 09:52:06,MSFT,104.15,15,ASK
2018-12-17 09:52:07,MSFT,104.14,15,BID
2018-12-17 09:52:07,MSFT,104.15,12,ASK
2018-12-17 09:52:08,MSFT,104.12,18,BID
2018-12-17 09:52:08,MSFT,104.13,6,ASK
2018-12-17 09:52:09,MSFT,104.16,4,BID
2018-12-17 09:52:09,MSFT,104.17,14,ASK
2018-12-17 09:52:10,MSFT,104.15,21,BID
2018-12-17 09:52:10,MSFT,104.16,10,ASK
2018-12-17 09:52:11,MSFT,104.16,7,BID
2018-12-17 09:52:11,MSFT,104.17,12,ASK
2018-12-17 09:52:12,MSFT,104.16,21,BID
2018-12-17 09:52:11,MSFT,104.17,12,ASK
2018-12-17 09:52:13,MSFT,104.16,23,BID
2018-12-17 09:52:13,MSFT,104.17,14,ASK
2018-12-17 09:52:14,MSFT,104.13,15,BID
2018-12-17 09:52:14,MSFT,104.15,16,ASK
2018-12-17 09:52:16,MSFT,104.11,11,BID
2018-12-17 09:52:16,MSFT,104.12,8,ASK
2018-12-17 09:52:16,MSFT,104.11,26,BID
2018-12-17 09:52:16,MSFT,104.13,11,ASK
2018-12-17 09:52:16,MSFT,104.11,13,BID
2018-12-17 09:52:17,MSFT,104.12,5,ASK
2018-12-17 09:52:18,MSFT,104.12,18,BID
2018-12-17 09:52:18,MSFT,104.13,8,ASK
2018-12-17 09:52:19,MSFT,104.1,10,BID
2018-12-17 09:52:19,MSFT,104.11,6,ASK
2018-12-17 09:52:20,MSFT,104.12,4,BID
2018-12-17 09:52:19,MSFT,104.12,21,ASK
2018-12-17 09:52:22,MSFT,104.15,6,BID
2018-12-17 09:52:22,MSFT,104.16,14,ASK
2018-12-17 09:52:23,MSFT,104.16,7,BID
2018-12-17 09:52:23,MSFT,104.17,13,ASK
2018-12-17 09:52:24,MSFT,104.16,7,BID
2018-12-17 09:52:23,MSFT,104.17,8,ASK
2018-12-17 09:52:24,MSFT,104.13,18,BID
2018-12-17 09:52:25,MSFT,104.15,17,ASK
2018-12-17 09:52:25,MSFT,104.13,19,BID
2018-12-17 09:52:26,MSFT,104.14,12,ASK
2018-12-17 09:52:25,MSFT,104.13,24,BID
2018-12-17 09:52:27,MSFT,104.14,10,ASK
2018-12-17 09:52:27,MSFT,104.14,7,BID
2018-12-17 09:52:28,MSFT,104.15,13,ASK
2018-12-17 09:52:28,MSFT,104.15,11,BID
2018-12-17 09:52:23,MSFT,104.17,18,ASK
2018-12-17 09:52:28,MSFT,104.14,17,BID
2018-12-17 09:52:29,MSFT,104.16,13,ASK
2018-12-17 09:52:30,MSFT,104.14,10,BID
2018-12-17 09:52:31,MSFT,104.15,6,ASK
2018-12-17 09:52:25,MSFT,104.13,23,BID
2018-12-17 09:52:31,MSFT,104.14,9,ASK
2018-12-17 09:52:32,MSFT,104.12,9,BID
2018-12-17 09:52:33,MSFT,104.13,11,ASK
2018-12-17 09:52:33,MSFT,104.11,3,BID
2018-12-17 09:52:33,MSFT,104.12,29,ASK
2018-12-17 09:52:34,MSFT,104.12,19,BID
2018-12-17 09:52:34,MSFT,104.13,6,ASK
2018-12-17 09:52:35,MSFT,104.11,21,BID
2018-12-17 09:52:36,MSFT,104.12,5,ASK
2018-12-17 09:51:52,MSFT,104.08,46,BID
2018-12-17 09:52:37,MSFT,104.09,6,ASK
2018-12-17 09:52:38,MSFT,104.09,20,BID
2018-12-17 09:52:38,MSFT,104.11,13,ASK
2018-12-17 09:52:38,MSFT,104.09,28,BID
2018-12-17 09:52:38,MSFT,104.1,12,ASK
2018-12-17 09:51:52,MSFT,104.08,42,BID
2018-12-17 09:52:39,MSFT,104.09,19,ASK
2018-12-17 09:51:52,MSFT,104.08,42,BID
2018-12-17 09:52:39,MSFT,104.09,20,ASK
2018-12-17 09:52:41,MSFT,104.07,22,BID
2018-12-17 09:52:41,MSFT,104.08,12,ASK
2018-12-17 09:52:42,MSFT,104.08,30,BID
2018-12-17 09:52:42,MSFT,104.09,9,ASK
2018-12-17 09:52:43,MSFT,104.08,16,BID
2018-12-17 09:52:43,MSFT,104.09,16,ASK
2018-12-17 09:52:45,MSFT,104.06,27,BID
2018-12-17 09:52:45,MSFT,104.07,10,ASK
2018-12-17 09:52:45,MSFT,104.06,16,BID
2018-12-17 09:52:45,MSFT,104.07,22,ASK
2018-12-17 09:52:47,MSFT,104.08,3,BID
2018-12-17 09:52:44,MSFT,104.09,26,ASK
2018-12-17 09:52:47,MSFT,104.08,7,BID
2018-12-17 09:52:44,MSFT,104.09,16,ASK
2018-12-17 09:52:49,MSFT,104.08,9,BID
2018-12-17 09:52:44,MSFT,104.09,12,ASK
2018-12-17 09:52:49,MSFT,104.07,18,BID
2018-12-17 09:52:44,MSFT,104.09,20,ASK
2018-12-17 09:52:51,MSFT,104.07,14,BID
2018-12-17 09:52:50,MSFT,104.08,22,ASK
2018-12-17 09:52:52,MSFT,104.05,4,BID
2018-12-17 09:52:52,MSFT,104.06,23,ASK
2018-12-17 09:52:52,MSFT,104.05,6,BID
2018-12-17 09:52:52,MSFT,104.06,24,ASK
2018-12-17 09:52:54,MSFT,104.05,6,BID
2018-12-17 09:52:52,MSFT,104.06,23,ASK
2018-12-17 09:52:55,MSFT,104.03,13,BID
2018-12-17 09:52:55,MSFT,104.04,1,ASK
2018-12-17 09:52:56,MSFT,104.03,9,BID
2018-12-17 09:52:56,MSFT,104.04,15,ASK
2018-12-17 09:52:56,MSFT,104.04,27,BID
2018-12-17 09:52:52,MSFT,104.06,28,ASK
2018-12-17 09:52:55,MSFT,104.02,21,BID
2018-12-17 09:52:57,MSFT,104.03,6,ASK
2018-12-17 09:52:59,MSFT,104.01,5,BID
2018-12-17 09:52:59,MSFT,104.02,22,ASK
2018-12-17 09:53:00,MSFT,104.01,9,BID
2018-12-17 09:53:00,MSFT,104.03,19,ASK
2018-12-17 09:53:01,MSFT,104.03,6,BID
2018-12-17 09:53:00,MSFT,104.04,14,ASK
2018-12-17 09:53:02,MSFT,104.03,14,BID
2018-12-17 09:53:02,MSFT,104.05,25,ASK
2018-12-17 09:53:03,MSFT,104.03,7,BID
2018-12-17 09:53:03,MSFT,104.04,16,ASK
2018-12-17 09:53:04,MSFT,104.04,53,BID
2018-12-17 09:53:04,MSFT,104.05,5,ASK
2018-12-17 09:53:05,MSFT,104.04,53,BID
2018-12-17 09:53:05,MSFT,104.05,18,ASK
2018-12-17 09:53:06,MSFT,104.04,45,BID
2018-12-17 09:53:05,MSFT,104.05,24,ASK
2018-12-17 09:53:07,MSFT,104.04,6,BID
2018-12-17 09:53:06,MSFT,104.05,22,ASK
2018-12-17 09:53:07,MSFT,104.02,15,BID
2018-12-17 09:53:08,MSFT,104.03,5,ASK
2018-12-17 09:53:08,MSFT,104.01,20,BID
2018-12-17 09:53:09,MSFT,104.02,3,ASK
2018-12-17 09:53:10,MSFT,104.03,10,BID
2018-12-17 09:53:09,MSFT,104.04,22,ASK
2018-12-17 09:53:11,MSFT,104.04,20,BID
2018-12-17 09:53:11,MSFT,104.05,18,ASK
2018-12-17 09:53:12,MSFT,104.05,4,BID
2018-12-17 09:53:04,MSFT,104.06,18,ASK
2018-12-17 09:53:13,MSFT,104.06,7,BID
2018-12-17 09:53:13,MSFT,104.07,22,ASK
2018-12-17 09:53:13,MSFT,104.05,7,BID
2018-12-17 09:53:13,MSFT,104.06,21,ASK
2018-12-17 09:53:15,MSFT,104.04,16,BID
2018-12-17 09:53:14,MSFT,104.05,11,ASK
2018-12-17 09:53:15,MSFT,104.03,20,BID
2018-12-17 09:53:15,MSFT,104.05,10,ASK
2018-12-17 09:53:17,MSFT,104.04,10,BID
2018-12-17 09:53:17,MSFT,104.05,6,ASK
2018-12-17 09:53:17,MSFT,104.07,4,BID
2018-12-17 09:53:17,MSFT,104.08,12,ASK
2018-12-17 09:53:18,MSFT,104.09,5,BID
2018-12-17 09:53:17,MSFT,104.1,23,ASK
2018-12-17 09:53:18,MSFT,104.12,5,BID
2018-12-17 09:53:18,MSFT,104.13,19,ASK
2018-12-17 09:53:18,MSFT,104.1,27,BID
2018-12-17 09:53:18,MSFT,104.11,6,ASK
2018-12-17 09:53:19,MSFT,104.08,22,BID
2018-12-17 09:53:19,MSFT,104.09,5,ASK
2018-12-17 09:53:21,MSFT,104.06,8,BID
2018-12-17 09:53:21,MSFT,104.07,7,ASK
2018-12-17 09:53:21,MSFT,104.05,37,BID
2018-12-17 09:53:23,MSFT,104.06,17,ASK
2018-12-17 09:53:25,MSFT,104.04,33,BID
2018-12-17 09:53:25,MSFT,104.05,2,ASK
2018-12-17 09:53:26,MSFT,104.04,7,BID
2018-12-17 09:53:26,MSFT,104.05,13,ASK
2018-12-17 09:53:27,MSFT,104.01,24,BID
2018-12-17 09:53:27,MSFT,104.03,14,ASK
2018-12-17 09:53:27,MSFT,104.01,25,BID
2018-12-17 09:53:28,MSFT,104.03,23,ASK
2018-12-17 09:53:27,MSFT,104.01,15,BID
2018-12-17 09:53:29,MSFT,104.02,16,ASK
2018-12-17 09:51:25,MSFT,104.0,22,BID
2018-12-17 09:53:30,MSFT,104.01,4,ASK
2018-12-17 09:51:25,MSFT,104.0,20,BID
2018-12-17 09:53:30,MSFT,104.01,10,ASK
2018-12-17 09:53:31,MSFT,103.96,20,BID
2018-12-17 09:53:31,MSFT,103.97,4,ASK
2018-12-17 09:53:32,MSFT,103.95,9,BID
2018-12-17 09:53:32,MSFT,103.96,12,ASK
2018-12-17 09:53:32,MSFT,103.95,16,BID
2018-12-17 09:53:33,MSFT,103.96,6,ASK
2018-12-17 09:53:34,MSFT,103.96,16,BID
2018-12-17 09:53:34,MSFT,103.97,18,ASK
2018-12-17 09:53:35,MSFT,103.94,25,BID
2018-12-17 09:53:35,MSFT,103.95,6,ASK
2018-12-17 09:53:35,MSFT,103.94,7,BID
2018-12-17 09:53:35,MSFT,103.95,29,ASK
2018-12-17 09:53:36,MSFT,103.94,7,BID
2018-12-17 09:53:36,MSFT,103.95,16,ASK
2018-12-17 09:53:38,MSFT,103.93,7,BID
2018-12-17 09:53:37,MSFT,103.94,9,ASK
2018-12-17 09:53:39,MSFT,103.92,7,BID
2018-12-17 09:53:39,MSFT,103.94,30,ASK
2018-12-17 09:53:40,MSFT,103.91,11,BID
2018-12-17 09:53:40,MSFT,103.92,8,ASK
2018-12-17 09:53:42,MSFT,103.92,19,BID
2018-12-17 09:53:42,MSFT,103.93,12,ASK
2018-12-17 09:53:43,MSFT,103.92,13,BID
2018-12-17 09:53:43,MSFT,103.93,12,ASK
2018-12-17 09:53:44,MSFT,103.92,9,BID
2018-12-17 09:53:44,MSFT,103.93,18,ASK
2018-12-17 09:53:45,MSFT,103.92,7,BID
2018-12-17 09:53:45,MSFT,103.93,16,ASK
2018-12-17 09:53:46,MSFT,103.91,19,BID
2018-12-17 09:53:46,MSFT,103.92,1,ASK
2018-12-17 09:53:47,MSFT,103.91,6,BID
2018-12-17 09:53:47,MSFT,103.92,3,ASK
2018-12-17 09:53:47,MSFT,103.91,9,BID
2018-12-17 09:53:48,MSFT,103.93,22,ASK
2018-12-17 09:53:49,MSFT,103.88,6,BID
2018-12-17 09:53:49,MSFT,103.89,8,ASK
2018-12-17 09:53:50,MSFT,103.9,3,BID
2018-12-17 09:53:50,MSFT,103.91,19,ASK
2018-12-17 09:53:51,MSFT,103.9,17,BID
2018-12-17 09:53:48,MSFT,103.92,21,ASK
2018-12-17 09:53:52,MSFT,103.92,11,BID
2018-12-17 09:53:52,MSFT,103.93,18,ASK
2018-12-17 09:53:52,MSFT,103.95,6,BID
2018-12-17 09:53:52,MSFT,103.97,22,ASK
2018-12-17 09:53:53,MSFT,103.98,5,BID
2018-12-17 09:53:53,MSFT,104.0,15,ASK
2018-12-17 09:53:54,MSFT,103.98,3,BID
2018-12-17 09:53:54,MSFT,103.99,7,ASK
2018-12-17 09:53:55,MSFT,103.95,17,BID
2018-12-17 09:53:56,MSFT,103.96,3,ASK
2018-12-17 09:53:57,MSFT,103.97,6,BID
2018-12-17 09:53:57,MSFT,103.98,17,ASK
2018-12-17 09:53:56,MSFT,103.95,14,BID
2018-12-17 09:53:57,MSFT,103.96,6,ASK
2018-12-17 09:53:58,MSFT,103.95,17,BID
2018-12-17 09:53:58,MSFT,103.96,9,ASK
2018-12-17 09:54:00,MSFT,103.92,25,BID
2018-12-17 09:54:00,MSFT,103.94,10,ASK
2018-12-17 09:54:01,MSFT,103.94,11,BID
2018-12-17 09:54:01,MSFT,103.95,5,ASK
2018-12-17 09:54:02,MSFT,103.95,10,BID
2018-12-17 09:54:02,MSFT,103.96,16,ASK
2018-12-17 09:54:03,MSFT,103.96,1,BID
2018-12-17 09:54:02,MSFT,103.97,27,ASK
2018-12-17 09:54:04,MSFT,103.96,6,BID
2018-12-17 09:54:02,MSFT,103.97,21,ASK
2018-12-17 09:54:05,MSFT,103.97,14,BID
2018-12-17 09:54:05,MSFT,103.98,9,ASK
2018-12-17 09:54:06,MSFT,103.98,2,BID
2018-12-17 09:54:05,MSFT,103.99,24,ASK
2018-12-17 09:54:07,MSFT,103.99,3,BID
2018-12-17 09:54:06,MSFT,104.0,21,ASK
2018-12-17 09:54:07,MSFT,104.01,8,BID
2018-12-17 09:54:07,MSFT,104.02,10,ASK
2018-12-17 09:54:08,MSFT,104.02,6,BID
2018-12-17 09:53:28,MSFT,104.03,21,ASK
2018-12-17 09:54:09,MSFT,104.06,7,BID
2018-12-17 09:54:09,MSFT,104.07,15,ASK
2018-12-17 09:54:09,MSFT,104.07,3,BID
2018-12-17 09:54:09,MSFT,104.08,10,ASK
2018-12-17 09:54:10,MSFT,104.07,10,BID
2018-12-17 09:54:10,MSFT,104.08,11,ASK
2018-12-17 09:54:11,MSFT,104.03,10,BID
2018-12-17 09:54:11,MSFT,104.05,16,ASK
2018-12-17 09:54:12,MSFT,104.02,29,BID
2018-12-17 09:54:12,MSFT,104.03,1,ASK
2018-12-17 09:54:13,MSFT,104.02,24,BID
2018-12-17 09:54:14,MSFT,104.03,9,ASK
2018-12-17 09:54:15,MSFT,104.05,2,BID
2018-12-17 09:54:15,MSFT,104.06,21,ASK
2018-12-17 09:54:15,MSFT,104.04,23,BID
2018-12-17 09:54:16,MSFT,104.05,9,ASK
2018-12-17 09:54:17,MSFT,104.04,11,BID
2018-12-17 09:54:17,MSFT,104.05,9,ASK
2018-12-17 09:54:18,MSFT,104.05,11,BID
2018-12-17 09:54:17,MSFT,104.06,11,ASK
2018-12-17 09:54:19,MSFT,104.06,4,BID
2018-12-17 09:54:19,MSFT,104.07,18,ASK
2018-12-17 09:54:21,MSFT,104.04,4,BID
2018-12-17 09:54:21,MSFT,104.05,9,ASK
2018-12-17 09:54:22,MSFT,104.03,10,BID
2018-12-17 09:54:22,MSFT,104.05,10,ASK
2018-12-17 09:54:23,MSFT,104.05,11,BID
2018-12-17 09:54:23,MSFT,104.06,5,ASK
2018-12-17 09:54:24,MSFT,104.04,7,BID
2018-12-17 09:54:24,MSFT,104.04,1,ASK
2018-12-17 09:54:25,MSFT,104.05,6,BID
2018-12-17 09:54:25,MSFT,104.06,4,ASK
2018-12-17 09:54:26,MSFT,104.07,9,BID
2018-12-17 09:54:26,MSFT,104.08,10,ASK
2018-12-17 09:54:27,MSFT,104.08,3,BID
2018-12-17 09:54:27,MSFT,104.09,14,ASK
2018-12-17 09:54:28,MSFT,104.07,7,BID
2018-12-17 09:54:28,MSFT,104.08,19,ASK
2018-12-17 09:54:29,MSFT,104.06,9,BID
2018-12-17 09:54:29,MSFT,104.07,9,ASK
2018-12-17 09:54:29,MSFT,104.06,10,BID
2018-12-17 09:54:30,MSFT,104.07,4,ASK
2018-12-17 09:54:31,MSFT,104.04,10,BID
2018-12-17 09:54:31,MSFT,104.05,8,ASK
2018-12-17 09:54:32,MSFT,104.03,4,BID
2018-12-17 09:54:32,MSFT,104.04,7,ASK
2018-12-17 09:54:33,MSFT,104.01,13,BID
2018-12-17 09:54:33,MSFT,104.02,3,ASK
2018-12-17 09:54:34,MSFT,104.02,5,BID
2018-12-17 09:54:34,MSFT,104.03,13,ASK
2018-12-17 09:54:35,MSFT,104.03,8,BID
2018-12-17 09:54:35,MSFT,104.04,12,ASK
2018-12-17 09:54:36,MSFT,104.03,7,BID
2018-12-17 09:54:36,MSFT,104.04,15,ASK
2018-12-17 09:54:37,MSFT,104.02,2,BID
2018-12-17 09:54:37,MSFT,104.03,10,ASK
2018-12-17 09:54:38,MSFT,104.0,17,BID
2018-12-17 09:54:38,MSFT,104.02,14,ASK
2018-12-17 09:54:39,MSFT,103.97,17,BID
2018-12-17 09:54:39,MSFT,103.98,6,ASK
2018-12-17 09:54:39,MSFT,103.95,17,BID
2018-12-17 09:54:40,MSFT,103.96,7,ASK
2018-12-17 09:54:41,MSFT,103.95,11,BID
2018-12-17 09:54:41,MSFT,103.96,7,ASK
2018-12-17 09:54:42,MSFT,103.95,11,BID
2018-12-17 09:54:42,MSFT,103.95,2,ASK
2018-12-17 09:54:43,MSFT,103.93,12,BID
2018-12-17 09:54:43,MSFT,103.94,6,ASK
2018-12-17 09:54:44,MSFT,103.94,19,BID
2018-12-17 09:54:44,MSFT,103.96,12,ASK
2018-12-17 09:54:45,MSFT,103.95,20,BID
2018-12-17 09:54:45,MSFT,103.96,5,ASK
2018-12-17 09:54:46,MSFT,103.95,24,BID
2018-12-17 09:54:46,MSFT,103.96,5,ASK
2018-12-17 09:54:47,MSFT,103.94,26,BID
2018-12-17 09:54:47,MSFT,103.95,14,ASK
2018-12-17 09:54:48,MSFT,103.93,14,BID
2018-12-17 09:54:48,MSFT,103.94,11,ASK
2018-12-17 09:54:49,MSFT,103.91,14,BID
2018-12-17 09:54:49,MSFT,103.92,7,ASK
2018-12-17 09:54:50,MSFT,103.92,18,BID
2018-12-17 09:54:50,MSFT,103.94,13,ASK
2018-12-17 09:54:51,MSFT,103.92,16,BID
2018-12-17 09:54:51,MSFT,103.93,9,ASK
2018-12-17 09:54:52,MSFT,103.92,9,BID
2018-12-17 09:54:52,MSFT,103.93,9,ASK
2018-12-17 09:54:53,MSFT,103.92,21,BID
2018-12-17 09:54:52,MSFT,103.93,12,ASK
2018-12-17 09:54:54,MSFT,103.94,10,BID
2018-12-17 09:54:54,MSFT,103.95,8,ASK
2018-12-17 09:54:55,MSFT,103.93,31,BID
2018-12-17 09:54:55,MSFT,103.94,14,ASK
2018-12-17 09:54:56,MSFT,103.93,18,BID
2018-12-17 09:54:56,MSFT,103.94,7,ASK
2018-12-17 09:54:57,MSFT,103.93,14,BID
2018-12-17 09:54:57,MSFT,103.94,14,ASK
2018-12-17 09:54:57,MSFT,103.93,14,BID
2018-12-17 09:54:57,MSFT,103.94,14,ASK
2018-12-17 09:54:59,MSFT,103.93,26,BID
2018-12-17 09:54:59,MSFT,103.94,5,ASK
2018-12-17 09:55:00,MSFT,103.96,5,BID
2018-12-17 09:55:00,MSFT,103.97,39,ASK
2018-12-17 09:55:01,MSFT,103.99,2,BID
2018-12-17 09:55:01,MSFT,103.99,4,ASK
2018-12-17 09:55:01,MSFT,104.0,4,BID
2018-12-17 09:55:01,MSFT,104.01,17,ASK
2018-12-17 09:55:01,MSFT,103.99,6,BID
2018-12-17 09:55:01,MSFT,104.0,6,ASK
2018-12-17 09:55:02,MSFT,104.02,7,BID
2018-12-17 09:55:02,MSFT,104.03,7,ASK
2018-12-17 09:55:02,MSFT,104.01,26,BID
2018-12-17 09:55:03,MSFT,104.02,5,ASK
2018-12-17 09:55:04,MSFT,104.01,6,BID
2018-12-17 09:55:04,MSFT,104.02,8,ASK
2018-12-17 09:55:04,MSFT,103.96,24,BID
2018-12-17 09:55:04,MSFT,103.97,4,ASK
2018-12-17 09:55:04,MSFT,104.02,2,BID
2018-12-17 09:55:04,MSFT,104.03,13,ASK
2018-12-17 09:55:05,MSFT,104.02,6,BID
2018-12-17 09:55:05,MSFT,104.03,23,ASK
2018-12-17 09:55:06,MSFT,104.0,14,BID
2018-12-17 09:55:06,MSFT,104.01,20,ASK
2018-12-17 09:55:09,MSFT,104.02,8,BID
2018-12-17 09:55:09,MSFT,104.03,5,ASK
2018-12-17 09:55:11,MSFT,104.03,10,BID
2018-12-17 09:55:11,MSFT,104.04,20,ASK
2018-12-17 09:55:12,MSFT,104.05,14,BID
2018-12-17 09:55:13,MSFT,104.07,9,ASK
2018-12-17 09:55:14,MSFT,104.04,7,BID
2018-12-17 09:55:14,MSFT,104.05,16,ASK
2018-12-17 09:55:14,MSFT,104.04,12,BID
2018-12-17 09:55:14,MSFT,104.05,14,ASK
2018-12-17 09:55:14,MSFT,104.04,11,BID
2018-12-17 09:55:16,MSFT,104.04,10,ASK
2018-12-17 09:55:17,MSFT,104.02,15,BID
2018-12-17 09:55:17,MSFT,104.04,21,ASK
2018-12-17 09:55:18,MSFT,104.02,14,BID
2018-12-17 09:55:18,MSFT,104.03,6,ASK
2018-12-17 09:55:19,MSFT,104.02,1,BID
2018-12-17 09:55:19,MSFT,104.03,6,ASK
2018-12-17 09:55:20,MSFT,104.05,9,BID
2018-12-17 09:55:13,MSFT,104.06,18,ASK
2018-12-17 09:55:21,MSFT,104.06,2,BID
2018-12-17 09:55:21,MSFT,104.07,21,ASK
2018-12-17 09:55:21,MSFT,104.05,12,BID
2018-12-17 09:55:22,MSFT,104.06,11,ASK
2018-12-17 09:55:23,MSFT,104.07,4,BID
2018-12-17 09:55:23,MSFT,104.08,16,ASK
2018-12-17 09:55:24,MSFT,104.06,19,BID
2018-12-17 09:55:24,MSFT,104.07,5,ASK
2018-12-17 09:55:21,MSFT,104.05,9,BID
2018-12-17 09:55:25,MSFT,104.06,21,ASK
2018-12-17 09:55:26,MSFT,104.07,4,BID
2018-12-17 09:55:26,MSFT,104.08,4,ASK
2018-12-17 09:55:27,MSFT,104.08,29,BID
2018-12-17 09:55:27,MSFT,104.09,15,ASK
2018-12-17 09:55:28,MSFT,104.08,37,BID
2018-12-17 09:55:28,MSFT,104.1,19,ASK
2018-12-17 09:55:29,MSFT,104.09,20,BID
2018-12-17 09:55:30,MSFT,104.1,6,ASK
2018-12-17 09:55:30,MSFT,104.1,7,BID
2018-12-17 09:55:29,MSFT,104.11,16,ASK
2018-12-17 09:55:31,MSFT,104.12,10,BID
2018-12-17 09:55:31,MSFT,104.13,13,ASK
2018-12-17 09:55:31,MSFT,104.11,21,BID
2018-12-17 09:55:32,MSFT,104.12,9,ASK
2018-12-17 09:55:34,MSFT,104.1,10,BID
2018-12-17 09:55:34,MSFT,104.11,3,ASK
2018-12-17 09:55:34,MSFT,104.11,9,BID
2018-12-17 09:55:34,MSFT,104.12,17,ASK
2018-12-17 09:55:35,MSFT,104.1,12,BID
2018-12-17 09:55:34,MSFT,104.12,20,ASK
2018-12-17 09:55:35,MSFT,104.1,9,BID
2018-12-17 09:55:36,MSFT,104.11,21,ASK
2018-12-17 09:55:37,MSFT,104.06,15,BID
2018-12-17 09:55:37,MSFT,104.07,4,ASK
2018-12-17 09:55:38,MSFT,104.06,30,BID
2018-12-17 09:55:38,MSFT,104.07,3,ASK
2018-12-17 09:55:39,MSFT,104.08,11,BID
2018-12-17 09:55:39,MSFT,104.09,8,ASK
2018-12-17 09:55:40,MSFT,104.08,15,BID
2018-12-17 09:55:41,MSFT,104.1,35,ASK
2018-12-17 09:55:41,MSFT,104.06,18,BID
2018-12-17 09:55:41,MSFT,104.08,10,ASK
2018-12-17 09:55:42,MSFT,104.05,9,BID
2018-12-17 09:55:42,MSFT,104.06,6,ASK
2018-12-17 09:55:43,MSFT,104.07,19,BID
2018-12-17 09:55:43,MSFT,104.08,7,ASK
2018-12-17 09:55:44,MSFT,104.09,7,BID
2018-12-17 09:55:45,MSFT,104.1,28,ASK
2018-12-17 09:55:46,MSFT,104.1,3,BID
2018-12-17 09:55:46,MSFT,104.11,11,ASK
2018-12-17 09:55:47,MSFT,104.1,7,BID
2018-12-17 09:55:46,MSFT,104.11,13,ASK
2018-12-17 09:55:47,MSFT,104.1,8,BID
2018-12-17 09:55:46,MSFT,104.11,8,ASK
2018-12-17 09:55:49,MSFT,104.12,11,BID
2018-12-17 09:55:49,MSFT,104.13,6,ASK
2018-12-17 09:55:49,MSFT,104.12,20,BID
2018-12-17 09:55:49,MSFT,104.14,26,ASK
2018-12-17 09:55:50,MSFT,104.12,11,BID
2018-12-17 09:55:50,MSFT,104.13,8,ASK
2018-12-17 09:55:51,MSFT,104.11,11,BID
2018-12-17 09:55:51,MSFT,104.12,6,ASK
2018-12-17 09:55:51,MSFT,104.11,12,BID
2018-12-17 09:55:52,MSFT,104.12,4,ASK
2018-12-17 09:55:53,MSFT,104.12,10,BID
2018-12-17 09:55:53,MSFT,104.13,8,ASK
2018-12-17 09:55:54,MSFT,104.12,10,BID
2018-12-17 09:55:54,MSFT,104.13,10,ASK
2018-12-17 09:55:56,MSFT,104.15,6,BID
2018-12-17 09:55:56,MSFT,104.16,22,ASK
2018-12-17 09:55:57,MSFT,104.13,24,BID
2018-12-17 09:55:57,MSFT,104.14,6,ASK
2018-12-17 09:55:57,MSFT,104.14,4,BID
2018-12-17 09:55:57,MSFT,104.15,13,ASK
2018-12-17 09:55:58,MSFT,104.14,8,BID
2018-12-17 09:55:57,MSFT,104.15,11,ASK
2018-12-17 09:56:00,MSFT,104.14,10,BID
2018-12-17 09:56:00,MSFT,104.15,7,ASK
2018-12-17 09:56:01,MSFT,104.15,10,BID
2018-12-17 09:56:01,MSFT,104.16,30,ASK
2018-12-17 09:56:01,MSFT,104.15,17,BID
2018-12-17 09:56:02,MSFT,104.16,7,ASK
2018-12-17 09:56:03,MSFT,104.13,25,BID
2018-12-17 09:56:03,MSFT,104.14,5,ASK
2018-12-17 09:56:04,MSFT,104.15,8,BID
2018-12-17 09:56:03,MSFT,104.16,15,ASK
2018-12-17 09:56:05,MSFT,104.16,8,BID
2018-12-17 09:56:05,MSFT,104.17,31,ASK
2018-12-17 09:56:05,MSFT,104.16,8,BID
2018-12-17 09:56:05,MSFT,104.17,29,ASK
2018-12-17 09:56:05,MSFT,104.16,10,BID
2018-12-17 09:56:05,MSFT,104.17,29,ASK
2018-12-17 09:56:07,MSFT,104.17,30,BID
2018-12-17 09:56:07,MSFT,104.19,16,ASK
2018-12-17 09:56:08,MSFT,104.18,9,BID
2018-12-17 09:56:08,MSFT,104.19,20,ASK
2018-12-17 09:56:09,MSFT,104.19,12,BID
2018-12-17 09:56:09,MSFT,104.2,15,ASK
2018-12-17 09:56:11,MSFT,104.2,7,BID
2018-12-17 09:56:11,MSFT,104.21,23,ASK
2018-12-17 09:56:11,MSFT,104.22,10,BID
2018-12-17 09:56:11,MSFT,104.23,16,ASK
2018-12-17 09:56:11,MSFT,104.22,12,BID
2018-12-17 09:56:13,MSFT,104.23,11,ASK
2018-12-17 09:56:13,MSFT,104.22,13,BID
2018-12-17 09:56:13,MSFT,104.23,11,ASK
2018-12-17 09:56:15,MSFT,104.22,9,BID
2018-12-17 09:56:15,MSFT,104.22,5,ASK
2018-12-17 09:56:10,MSFT,104.19,16,BID
2018-12-17 09:56:16,MSFT,104.2,4,ASK
2018-12-17 09:56:10,MSFT,104.19,15,BID
2018-12-17 09:56:16,MSFT,104.2,5,ASK
2018-12-17 09:56:10,MSFT,104.19,16,BID
2018-12-17 09:56:18,MSFT,104.2,5,ASK
2018-12-17 09:56:18,MSFT,104.21,8,BID
2018-12-17 09:56:15,MSFT,104.22,23,ASK
2018-12-17 09:56:19,MSFT,104.19,36,BID
2018-12-17 09:56:19,MSFT,104.2,8,ASK
2018-12-17 09:56:20,MSFT,104.19,19,BID
2018-12-17 09:56:21,MSFT,104.2,31,ASK
2018-12-17 09:56:22,MSFT,104.18,19,BID
2018-12-17 09:56:22,MSFT,104.19,10,ASK
2018-12-17 09:56:22,MSFT,104.18,26,BID
2018-12-17 09:56:22,MSFT,104.2,23,ASK
2018-12-17 09:56:24,MSFT,104.19,3,BID
2018-12-17 09:56:23,MSFT,104.2,30,ASK
2018-12-17 09:56:25,MSFT,104.19,6,BID
2018-12-17 09:56:23,MSFT,104.2,25,ASK
2018-12-17 09:56:24,MSFT,104.18,20,BID
2018-12-17 09:56:26,MSFT,104.19,4,ASK
2018-12-17 09:56:26,MSFT,104.23,6,BID
2018-12-17 09:56:26,MSFT,104.25,19,ASK
2018-12-17 09:56:27,MSFT,104.27,8,BID
2018-12-17 09:56:27,MSFT,104.28,11,ASK
2018-12-17 09:56:28,MSFT,104.3,17,BID
2018-12-17 09:56:28,MSFT,104.31,4,ASK
2018-12-17 09:56:29,MSFT,104.32,6,BID
2018-12-17 09:56:29,MSFT,104.33,14,ASK
2018-12-17 09:56:31,MSFT,104.31,20,BID
2018-12-17 09:56:31,MSFT,104.32,6,ASK
2018-12-17 09:56:32,MSFT,104.31,8,BID
2018-12-17 09:56:32,MSFT,104.32,14,ASK
2018-12-17 09:56:33,MSFT,104.31,5,BID
2018-12-17 09:56:32,MSFT,104.32,13,ASK
2018-12-17 09:56:33,MSFT,104.32,25,BID
2018-12-17 09:56:34,MSFT,104.33,5,ASK
2018-12-17 09:56:34,MSFT,104.33,21,BID
2018-12-17 09:56:34,MSFT,104.34,13,ASK
2018-12-17 09:56:36,MSFT,104.33,15,BID
2018-12-17 09:56:34,MSFT,104.34,14,ASK
2018-12-17 09:56:33,MSFT,104.32,13,BID
2018-12-17 09:56:37,MSFT,104.33,14,ASK
2018-12-17 09:56:37,MSFT,104.33,5,BID
2018-12-17 09:56:37,MSFT,104.34,1,ASK
2018-12-17 09:56:39,MSFT,104.34,16,BID
2018-12-17 09:56:39,MSFT,104.35,7,ASK
2018-12-17 09:56:40,MSFT,104.35,4,BID
2018-12-17 09:56:40,MSFT,104.36,7,ASK
2018-12-17 09:56:40,MSFT,104.34,12,BID
2018-12-17 09:56:40,MSFT,104.35,14,ASK
2018-12-17 09:56:42,MSFT,104.34,23,BID
2018-12-17 09:56:42,MSFT,104.36,11,ASK
2018-12-17 09:56:43,MSFT,104.34,1,BID
2018-12-17 09:56:43,MSFT,104.35,10,ASK
2018-12-17 09:56:44,MSFT,104.36,4,BID
2018-12-17 09:56:44,MSFT,104.37,7,ASK
2018-12-17 09:56:45,MSFT,104.35,23,BID
2018-12-17 09:56:45,MSFT,104.36,4,ASK
2018-12-17 09:56:46,MSFT,104.36,15,BID
2018-12-17 09:56:46,MSFT,104.37,5,ASK
2018-12-17 09:56:47,MSFT,104.32,10,BID
2018-12-17 09:56:47,MSFT,104.34,10,ASK
2018-12-17 09:56:48,MSFT,104.32,12,BID
2018-12-17 09:56:48,MSFT,104.33,9,ASK
2018-12-17 09:56:49,MSFT,104.33,8,BID
2018-12-17 09:56:49,MSFT,104.34,7,ASK
2018-12-17 09:56:49,MSFT,104.33,11,BID
2018-12-17 09:56:50,MSFT,104.34,3,ASK
2018-12-17 09:56:51,MSFT,104.33,15,BID
2018-12-17 09:56:51,MSFT,104.34,9,ASK
2018-12-17 09:56:49,MSFT,104.31,19,BID
2018-12-17 09:56:52,MSFT,104.33,6,ASK
2018-12-17 09:56:53,MSFT,104.33,4,BID
2018-12-17 09:56:53,MSFT,104.34,11,ASK
2018-12-17 09:56:54,MSFT,104.33,13,BID
2018-12-17 09:56:54,MSFT,104.34,7,ASK
2018-12-17 09:56:55,MSFT,104.32,11,BID
2018-12-17 09:56:55,MSFT,104.33,9,ASK
2018-12-17 09:56:56,MSFT,104.32,23,BID
2018-12-17 09:56:54,MSFT,104.34,9,ASK
2018-12-17 09:56:56,MSFT,104.32,11,BID
2018-12-17 09:56:57,MSFT,104.33,3,ASK
2018-12-17 09:56:58,MSFT,104.34,9,BID
2018-12-17 09:56:57,MSFT,104.35,13,ASK
2018-12-17 09:56:59,MSFT,104.35,17,BID
2018-12-17 09:56:59,MSFT,104.36,12,ASK
2018-12-17 09:56:59,MSFT,104.37,16,BID
2018-12-17 09:56:59,MSFT,104.38,2,ASK
2018-12-17 09:57:01,MSFT,104.4,1,BID
2018-12-17 09:57:01,MSFT,104.41,13,ASK
2018-12-17 09:57:02,MSFT,104.39,4,BID
2018-12-17 09:57:02,MSFT,104.4,9,ASK
2018-12-17 09:57:02,MSFT,104.38,24,BID
2018-12-17 09:57:03,MSFT,104.4,7,ASK
2018-12-17 09:57:04,MSFT,104.36,9,BID
2018-12-17 09:57:04,MSFT,104.37,12,ASK
2018-12-17 09:57:04,MSFT,104.36,6,BID
2018-12-17 09:57:04,MSFT,104.37,13,ASK
2018-12-17 09:57:05,MSFT,104.35,18,BID
2018-12-17 09:57:06,MSFT,104.37,12,ASK
2018-12-17 09:57:07,MSFT,104.36,9,BID
2018-12-17 09:57:07,MSFT,104.37,4,ASK
2018-12-17 09:57:08,MSFT,104.36,15,BID
2018-12-17 09:57:08,MSFT,104.37,5,ASK
2018-12-17 09:57:08,MSFT,104.36,15,BID
2018-12-17 09:57:08,MSFT,104.37,5,ASK
2018-12-17 09:57:10,MSFT,104.38,5,BID
2018-12-17 09:57:10,MSFT,104.39,5,ASK
2018-12-17 09:57:10,MSFT,104.38,13,BID
2018-12-17 09:57:11,MSFT,104.4,9,ASK
2018-12-17 09:57:11,MSFT,104.39,16,BID
2018-12-17 09:57:12,MSFT,104.4,9,ASK
2018-12-17 09:57:13,MSFT,104.4,21,BID
2018-12-17 09:57:12,MSFT,104.41,9,ASK
2018-12-17 09:57:13,MSFT,104.4,21,BID
2018-12-17 09:57:13,MSFT,104.41,15,ASK
2018-12-17 09:57:15,MSFT,104.42,7,BID
2018-12-17 09:57:15,MSFT,104.43,12,ASK
2018-12-17 09:57:16,MSFT,104.44,14,BID
2018-12-17 09:57:15,MSFT,104.45,12,ASK
2018-12-17 09:57:17,MSFT,104.46,6,BID
2018-12-17 09:57:16,MSFT,104.47,14,ASK
2018-12-17 09:57:17,MSFT,104.45,30,BID
2018-12-17 09:57:17,MSFT,104.46,5,ASK
2018-12-17 09:57:19,MSFT,104.45,32,BID
2018-12-17 09:57:19,MSFT,104.46,3,ASK
2018-12-17 09:57:19,MSFT,104.45,30,BID
2018-12-17 09:57:20,MSFT,104.46,8,ASK
2018-12-17 09:57:19,MSFT,104.45,26,BID
2018-12-17 09:57:20,MSFT,104.46,11,ASK
2018-12-17 09:57:19,MSFT,104.45,26,BID
2018-12-17 09:57:20,MSFT,104.46,11,ASK
2018-12-17 09:57:19,MSFT,104.45,26,BID
2018-12-17 09:57:20,MSFT,104.46,11,ASK
2018-12-17 09:57:24,MSFT,104.47,14,BID
2018-12-17 09:57:24,MSFT,104.48,19,ASK
2018-12-17 09:57:25,MSFT,104.46,5,BID
2018-12-17 09:57:25,MSFT,104.47,14,ASK
2018-12-17 09:57:25,MSFT,104.46,11,BID
2018-12-17 09:57:25,MSFT,104.47,15,ASK
2018-12-17 09:57:27,MSFT,104.49,4,BID
2018-12-17 09:38:26,MSFT,104.5,31,ASK
2018-12-17 09:57:27,MSFT,104.49,4,BID
2018-12-17 09:38:26,MSFT,104.5,31,ASK
2018-12-17 09:57:29,MSFT,104.49,18,BID
2018-12-17 09:57:29,MSFT,104.5,6,ASK
2018-12-17 09:57:27,MSFT,104.46,19,BID
2018-12-17 09:57:30,MSFT,104.47,8,ASK
2018-12-17 09:57:30,MSFT,104.46,25,BID
2018-12-17 09:57:30,MSFT,104.47,4,ASK
2018-12-17 09:57:32,MSFT,104.46,17,BID
2018-12-17 09:57:32,MSFT,104.47,8,ASK
2018-12-17 09:57:33,MSFT,104.48,6,BID
2018-12-17 09:57:29,MSFT,104.49,17,ASK
2018-12-17 09:57:34,MSFT,104.49,8,BID
2018-12-17 09:57:34,MSFT,104.5,23,ASK
2018-12-17 09:57:34,MSFT,104.48,26,BID
2018-12-17 09:57:35,MSFT,104.49,9,ASK
2018-12-17 09:57:33,MSFT,104.47,25,BID
2018-12-17 09:57:36,MSFT,104.48,6,ASK
2018-12-17 09:57:37,MSFT,104.46,19,BID
2018-12-17 09:57:37,MSFT,104.47,4,ASK
2018-12-17 09:57:37,MSFT,104.46,35,BID
2018-12-17 09:57:38,MSFT,104.47,9,ASK
2018-12-17 09:57:38,MSFT,104.47,15,BID
2018-12-17 09:57:39,MSFT,104.48,3,ASK
2018-12-17 09:57:40,MSFT,104.47,5,BID
2018-12-17 09:57:40,MSFT,104.48,7,ASK
2018-12-17 09:57:41,MSFT,104.47,7,BID
2018-12-17 09:57:41,MSFT,104.48,9,ASK
2018-12-17 09:57:42,MSFT,104.47,5,BID
2018-12-17 09:57:42,MSFT,104.48,5,ASK
2018-12-17 09:57:43,MSFT,104.49,6,BID
2018-12-17 09:57:43,MSFT,104.5,17,ASK
2018-12-17 09:57:44,MSFT,104.5,1,BID
2018-12-17 09:57:44,MSFT,104.51,15,ASK
2018-12-17 09:57:45,MSFT,104.48,33,BID
2018-12-17 09:57:44,MSFT,104.49,7,ASK
2018-12-17 09:57:46,MSFT,104.5,10,BID
2018-12-17 09:57:46,MSFT,104.51,20,ASK
2018-12-17 09:57:45,MSFT,104.49,24,BID
2018-12-17 09:57:47,MSFT,104.5,1,ASK
2018-12-17 09:57:45,MSFT,104.48,33,BID
2018-12-17 09:57:48,MSFT,104.49,3,ASK
2018-12-17 09:57:45,MSFT,104.48,26,BID
2018-12-17 09:57:49,MSFT,104.49,4,ASK
2018-12-17 09:57:50,MSFT,104.49,2,BID
2018-12-17 09:57:50,MSFT,104.5,15,ASK
2018-12-17 09:57:51,MSFT,104.48,21,BID
2018-12-17 09:57:51,MSFT,104.5,7,ASK
2018-12-17 09:57:52,MSFT,104.49,5,BID
2018-12-17 09:57:51,MSFT,104.5,7,ASK
2018-12-17 09:57:53,MSFT,104.49,21,BID
2018-12-17 09:57:53,MSFT,104.5,10,ASK
2018-12-17 09:57:54,MSFT,104.48,11,BID
2018-12-17 09:57:54,MSFT,104.49,17,ASK
2018-12-17 09:57:55,MSFT,104.48,12,BID
2018-12-17 09:57:55,MSFT,104.49,5,ASK
2018-12-17 09:57:56,MSFT,104.48,11,BID
2018-12-17 09:57:56,MSFT,104.49,16,ASK
2018-12-17 09:57:57,MSFT,104.45,45,BID
2018-12-17 09:57:57,MSFT,104.47,12,ASK
2018-12-17 09:57:58,MSFT,104.45,48,BID
2018-12-17 09:57:58,MSFT,104.46,8,ASK
2018-12-17 09:57:59,MSFT,104.45,30,BID
2018-12-17 09:57:59,MSFT,104.46,22,ASK
2018-12-17 09:57:59,MSFT,104.45,22,BID
2018-12-17 09:58:00,MSFT,104.46,13,ASK
2018-12-17 09:58:01,MSFT,104.45,25,BID
2018-12-17 09:58:00,MSFT,104.46,7,ASK
2018-12-17 09:58:02,MSFT,104.46,9,BID
2018-12-17 09:57:58,MSFT,104.47,14,ASK
2018-12-17 09:58:02,MSFT,104.46,8,BID
2018-12-17 09:58:03,MSFT,104.47,10,ASK
2018-12-17 09:58:04,MSFT,104.46,11,BID
2018-12-17 09:58:03,MSFT,104.47,17,ASK
2018-12-17 09:58:05,MSFT,104.46,13,BID
2018-12-17 09:58:05,MSFT,104.47,21,ASK
2018-12-17 09:58:06,MSFT,104.46,11,BID
2018-12-17 09:58:05,MSFT,104.47,19,ASK
2018-12-17 09:58:07,MSFT,104.43,17,BID
2018-12-17 09:58:07,MSFT,104.45,10,ASK
2018-12-17 09:58:08,MSFT,104.43,20,BID
2018-12-17 09:58:08,MSFT,104.44,6,ASK
2018-12-17 09:58:09,MSFT,104.42,23,BID
2018-12-17 09:58:09,MSFT,104.43,6,ASK
2018-12-17 09:58:10,MSFT,104.41,18,BID
2018-12-17 09:58:10,MSFT,104.42,5,ASK
2018-12-17 09:58:11,MSFT,104.4,37,BID
2018-12-17 09:58:11,MSFT,104.41,8,ASK
2018-12-17 09:58:12,MSFT,104.4,35,BID
2018-12-17 09:58:11,MSFT,104.42,24,ASK
2018-12-17 09:58:12,MSFT,104.4,31,BID
2018-12-17 09:58:13,MSFT,104.41,4,ASK
2018-12-17 09:58:14,MSFT,104.39,31,BID
2018-12-17 09:58:14,MSFT,104.4,12,ASK
2018-12-17 09:58:15,MSFT,104.39,32,BID
2018-12-17 09:58:15,MSFT,104.4,8,ASK
2018-12-17 09:58:16,MSFT,104.39,35,BID
2018-12-17 09:58:15,MSFT,104.4,5,ASK
2018-12-17 09:58:17,MSFT,104.39,31,BID
2018-12-17 09:58:17,MSFT,104.4,1,ASK
2018-12-17 09:58:18,MSFT,104.4,6,BID
2018-12-17 09:58:18,MSFT,104.41,23,ASK
2018-12-17 09:58:19,MSFT,104.41,3,BID
2018-12-17 09:58:19,MSFT,104.42,14,ASK
2018-12-17 09:58:20,MSFT,104.43,10,BID
2018-12-17 09:58:20,MSFT,104.44,26,ASK
2018-12-17 09:58:21,MSFT,104.44,10,BID
2018-12-17 09:58:21,MSFT,104.45,25,ASK
2018-12-17 09:58:22,MSFT,104.43,20,BID
2018-12-17 09:58:22,MSFT,104.44,5,ASK
2018-12-17 09:58:23,MSFT,104.43,17,BID
2018-12-17 09:58:23,MSFT,104.44,6,ASK
2018-12-17 09:58:24,MSFT,104.42,15,BID
2018-12-17 09:58:24,MSFT,104.43,28,ASK
2018-12-17 09:58:25,MSFT,104.42,15,BID
2018-12-17 09:58:23,MSFT,104.44,14,ASK
2018-12-17 09:58:26,MSFT,104.45,2,BID
2018-12-17 09:58:26,MSFT,104.46,6,ASK
2018-12-17 09:58:27,MSFT,104.44,5,BID
2018-12-17 09:58:27,MSFT,104.45,7,ASK
2018-12-17 09:58:28,MSFT,104.43,7,BID
2018-12-17 09:58:28,MSFT,104.44,5,ASK
2018-12-17 09:58:29,MSFT,104.43,5,BID
2018-12-17 09:58:28,MSFT,104.44,7,ASK
2018-12-17 09:58:30,MSFT,104.43,6,BID
2018-12-17 09:58:28,MSFT,104.44,6,ASK
2018-12-17 09:58:31,MSFT,104.43,9,BID
2018-12-17 09:58:31,MSFT,104.44,6,ASK
2018-12-17 09:58:32,MSFT,104.43,9,BID
2018-12-17 09:58:32,MSFT,104.44,6,ASK
2018-12-17 09:58:33,MSFT,104.43,10,BID
2018-12-17 09:58:33,MSFT,104.44,7,ASK
2018-12-17 09:58:33,MSFT,104.43,18,BID
2018-12-17 09:58:34,MSFT,104.44,3,ASK
2018-12-17 09:58:35,MSFT,104.46,5,BID
2018-12-17 09:58:35,MSFT,104.47,20,ASK
2018-12-17 09:58:36,MSFT,104.47,9,BID
2018-12-17 09:58:36,MSFT,104.48,14,ASK
2018-12-17 09:58:37,MSFT,104.46,10,BID
2018-12-17 09:58:37,MSFT,104.47,11,ASK
2018-12-17 09:58:37,MSFT,104.46,11,BID
2018-12-17 09:58:38,MSFT,104.47,4,ASK
2018-12-17 09:58:37,MSFT,104.46,18,BID
2018-12-17 09:58:39,MSFT,104.47,4,ASK
2018-12-17 09:58:40,MSFT,104.47,18,BID
2018-12-17 09:58:40,MSFT,104.49,10,ASK
2018-12-17 09:58:40,MSFT,104.48,9,BID
2018-12-17 09:58:40,MSFT,104.49,12,ASK
2018-12-17 09:58:42,MSFT,104.47,19,BID
2018-12-17 09:58:42,MSFT,104.48,9,ASK
2018-12-17 09:58:43,MSFT,104.48,5,BID
2018-12-17 09:58:40,MSFT,104.49,14,ASK
2018-12-17 09:58:37,MSFT,104.46,14,BID
2018-12-17 09:58:44,MSFT,104.47,10,ASK
2018-12-17 09:58:45,MSFT,104.49,7,BID
2018-12-17 09:57:54,MSFT,104.5,32,ASK
2018-12-17 09:58:46,MSFT,104.5,8,BID
2018-12-17 09:58:46,MSFT,104.51,18,ASK
2018-12-17 09:58:47,MSFT,104.5,8,BID
2018-12-17 09:58:47,MSFT,104.51,17,ASK
2018-12-17 09:58:48,MSFT,104.5,9,BID
2018-12-17 09:58:48,MSFT,104.51,17,ASK
2018-12-17 09:58:49,MSFT,104.5,14,BID
2018-12-17 09:58:49,MSFT,104.51,18,ASK
2018-12-17 09:58:49,MSFT,104.5,13,BID
2018-12-17 09:58:50,MSFT,104.51,17,ASK
2018-12-17 09:58:49,MSFT,104.5,16,BID
2018-12-17 09:58:51,MSFT,104.51,9,ASK
2018-12-17 09:58:51,MSFT,104.5,12,BID
2018-12-17 09:58:51,MSFT,104.51,10,ASK
2018-12-17 09:58:53,MSFT,104.48,18,BID
2018-12-17 09:58:53,MSFT,104.49,7,ASK
2018-12-17 09:58:54,MSFT,104.47,17,BID
2018-12-17 09:58:54,MSFT,104.48,5,ASK
2018-12-17 09:58:37,MSFT,104.46,17,BID
2018-12-17 09:58:55,MSFT,104.47,5,ASK
2018-12-17 09:58:56,MSFT,104.45,22,BID
2018-12-17 09:58:56,MSFT,104.46,3,ASK
2018-12-17 09:58:57,MSFT,104.45,28,BID
2018-12-17 09:58:57,MSFT,104.46,4,ASK
2018-12-17 09:58:58,MSFT,104.46,9,BID
2018-12-17 09:58:57,MSFT,104.47,10,ASK
2018-12-17 09:58:59,MSFT,104.44,10,BID
2018-12-17 09:58:59,MSFT,104.45,4,ASK
2018-12-17 09:59:00,MSFT,104.47,7,BID
2018-12-17 09:58:55,MSFT,104.48,10,ASK
2018-12-17 09:59:01,MSFT,104.47,5,BID
2018-12-17 09:58:55,MSFT,104.48,12,ASK
2018-12-17 09:59:02,MSFT,104.46,3,BID
2018-12-17 09:59:02,MSFT,104.47,11,ASK
2018-12-17 09:59:02,MSFT,104.45,17,BID
2018-12-17 09:59:03,MSFT,104.47,6,ASK
2018-12-17 09:59:04,MSFT,104.46,10,BID
2018-12-17 09:58:55,MSFT,104.48,11,ASK
2018-12-17 09:59:04,MSFT,104.46,11,BID
2018-12-17 09:58:55,MSFT,104.48,11,ASK
2018-12-17 09:59:06,MSFT,104.47,10,BID
2018-12-17 09:59:06,MSFT,104.48,12,ASK
2018-12-17 09:59:07,MSFT,104.46,7,BID
2018-12-17 09:59:07,MSFT,104.47,8,ASK
2018-12-17 09:59:08,MSFT,104.45,8,BID
2018-12-17 09:59:08,MSFT,104.46,7,ASK
2018-12-17 09:58:59,MSFT,104.44,11,BID
2018-12-17 09:59:09,MSFT,104.45,5,ASK
2018-12-17 09:58:59,MSFT,104.44,11,BID
2018-12-17 09:59:10,MSFT,104.45,5,ASK
2018-12-17 09:58:33,MSFT,104.43,23,BID
2018-12-17 09:59:11,MSFT,104.44,4,ASK
2018-12-17 09:58:25,MSFT,104.42,32,BID
2018-12-17 09:59:12,MSFT,104.43,3,ASK
2018-12-17 09:59:13,MSFT,104.43,13,BID
2018-12-17 09:59:13,MSFT,104.44,1,ASK
2018-12-17 09:59:14,MSFT,104.43,15,BID
2018-12-17 09:59:14,MSFT,104.44,7,ASK
2018-12-17 09:59:15,MSFT,104.44,20,BID
2018-12-17 09:59:15,MSFT,104.45,4,ASK
2018-12-17 09:59:16,MSFT,104.45,16,BID
2018-12-17 09:59:16,MSFT,104.46,12,ASK
2018-12-17 09:59:17,MSFT,104.43,15,BID
2018-12-17 09:59:17,MSFT,104.44,8,ASK
2018-12-17 09:59:18,MSFT,104.43,15,BID
2018-12-17 09:59:18,MSFT,104.44,7,ASK
2018-12-17 09:59:19,MSFT,104.43,14,BID
2018-12-17 09:59:19,MSFT,104.44,7,ASK
2018-12-17 09:59:19,MSFT,104.43,13,BID
2018-12-17 09:59:19,MSFT,104.44,7,ASK
2018-12-17 09:59:21,MSFT,104.42,2,BID
2018-12-17 09:59:21,MSFT,104.43,11,ASK
2018-12-17 09:59:22,MSFT,104.4,31,BID
2018-12-17 09:59:22,MSFT,104.41,4,ASK
2018-12-17 09:59:23,MSFT,104.4,25,BID
2018-12-17 09:59:23,MSFT,104.41,5,ASK
2018-12-17 09:59:24,MSFT,104.39,47,BID
2018-12-17 09:59:24,MSFT,104.4,4,ASK
2018-12-17 09:59:25,MSFT,104.4,15,BID
2018-12-17 09:59:24,MSFT,104.41,11,ASK
2018-12-17 09:59:26,MSFT,104.39,12,BID
2018-12-17 09:59:26,MSFT,104.4,3,ASK
2018-12-17 09:59:26,MSFT,104.39,12,BID
2018-12-17 09:59:26,MSFT,104.4,4,ASK
2018-12-17 09:59:28,MSFT,104.39,15,BID
2018-12-17 09:59:28,MSFT,104.4,3,ASK
2018-12-17 09:59:28,MSFT,104.39,11,BID
2018-12-17 09:59:28,MSFT,104.4,3,ASK
2018-12-17 09:59:24,MSFT,104.38,18,BID
2018-12-17 09:59:30,MSFT,104.39,5,ASK
2018-12-17 09:59:30,MSFT,104.39,18,BID
2018-12-17 09:59:30,MSFT,104.4,9,ASK
2018-12-17 09:59:32,MSFT,104.39,22,BID
2018-12-17 09:59:30,MSFT,104.4,13,ASK
2018-12-17 09:59:34,MSFT,104.39,4,BID
2018-12-17 09:59:34,MSFT,104.4,22,ASK
2018-12-17 09:59:34,MSFT,104.4,10,BID
2018-12-17 09:59:34,MSFT,104.41,15,ASK
2018-12-17 09:59:35,MSFT,104.4,12,BID
2018-12-17 09:59:34,MSFT,104.41,9,ASK
2018-12-17 09:59:36,MSFT,104.42,15,BID
2018-12-17 09:59:21,MSFT,104.43,15,ASK
2018-12-17 09:59:36,MSFT,104.44,3,BID
2018-12-17 09:59:36,MSFT,104.45,14,ASK
2018-12-17 09:59:37,MSFT,104.45,5,BID
2018-12-17 09:59:37,MSFT,104.46,10,ASK
2018-12-17 09:59:37,MSFT,104.45,8,BID
2018-12-17 09:59:38,MSFT,104.47,10,ASK
2018-12-17 09:59:38,MSFT,104.47,8,BID
2018-12-17 09:59:38,MSFT,104.48,11,ASK
2018-12-17 09:59:40,MSFT,104.47,12,BID
2018-12-17 09:59:39,MSFT,104.48,18,ASK
2018-12-17 09:59:42,MSFT,104.45,10,BID
2018-12-17 09:59:42,MSFT,104.46,9,ASK
2018-12-17 09:59:43,MSFT,104.39,16,BID
2018-12-17 09:59:43,MSFT,104.4,15,ASK
2018-12-17 09:59:44,MSFT,104.37,9,BID
2018-12-17 09:59:44,MSFT,104.38,10,ASK
2018-12-17 09:59:44,MSFT,104.37,11,BID
2018-12-17 09:59:46,MSFT,104.38,11,ASK
2018-12-17 09:59:44,MSFT,104.37,17,BID
2018-12-17 09:59:47,MSFT,104.38,7,ASK
2018-12-17 09:59:47,MSFT,104.36,18,BID
2018-12-17 09:59:47,MSFT,104.37,12,ASK
2018-12-17 09:59:49,MSFT,104.35,15,BID
2018-12-17 09:59:49,MSFT,104.36,15,ASK
2018-12-17 09:59:49,MSFT,104.33,16,BID
2018-12-17 09:59:49,MSFT,104.34,8,ASK
2018-12-17 09:59:50,MSFT,104.36,5,BID
2018-12-17 09:59:47,MSFT,104.38,9,ASK
2018-12-17 09:59:51,MSFT,104.42,6,BID
2018-12-17 09:59:51,MSFT,104.43,11,ASK
2018-12-17 09:59:52,MSFT,104.42,7,BID
2018-12-17 09:59:52,MSFT,104.43,9,ASK
2018-12-17 09:59:53,MSFT,104.43,8,BID
2018-12-17 09:59:52,MSFT,104.45,19,ASK
2018-12-17 09:59:54,MSFT,104.47,1,BID
2018-12-17 09:59:54,MSFT,104.47,1,ASK
2018-12-17 09:59:55,MSFT,104.43,9,BID
2018-12-17 09:59:54,MSFT,104.45,9,ASK
2018-12-17 09:59:55,MSFT,104.45,1,BID
2018-12-17 09:59:55,MSFT,104.46,12,ASK
2018-12-17 09:59:57,MSFT,104.46,10,BID
2018-12-17 09:59:57,MSFT,104.47,10,ASK
2018-12-17 09:59:59,MSFT,104.42,11,BID
2018-12-17 09:59:59,MSFT,104.43,1,ASK
2018-12-17 09:59:59,MSFT,104.41,7,BID
2018-12-17 09:59:59,MSFT,104.42,11,ASK
2018-12-17 10:00:00,MSFT,104.42,21,BID
2018-12-17 10:00:00,MSFT,104.43,9,ASK
2018-12-17 10:00:00,MSFT,104.4,13,BID
2018-12-17 10:00:00,MSFT,104.41,10,ASK
2018-12-17 09:59:50,MSFT,104.35,8,BID
2018-12-17 10:00:01,MSFT,104.37,9,ASK
2018-12-17 09:59:49,MSFT,104.33,22,BID
2018-12-17 10:00:02,MSFT,104.34,2,ASK
2018-12-17 10:00:02,MSFT,104.35,6,BID
2018-12-17 10:00:02,MSFT,104.36,8,ASK
2018-12-17 10:00:02,MSFT,104.33,15,BID
2018-12-17 10:00:03,MSFT,104.34,11,ASK
2018-12-17 10:00:04,MSFT,104.32,8,BID
2018-12-17 10:00:04,MSFT,104.33,1,ASK
2018-12-17 10:00:05,MSFT,104.33,11,BID
2018-12-17 10:00:05,MSFT,104.35,6,ASK
2018-12-17 10:00:04,MSFT,104.32,9,BID
2018-12-17 10:00:07,MSFT,104.33,8,ASK
2018-12-17 10:00:07,MSFT,104.32,7,BID
2018-12-17 10:00:07,MSFT,104.33,7,ASK
2018-12-17 10:00:08,MSFT,104.37,5,BID
2018-12-17 10:00:08,MSFT,104.38,3,ASK
2018-12-17 10:00:08,MSFT,104.34,7,BID
2018-12-17 10:00:08,MSFT,104.35,1,ASK
2018-12-17 10:00:08,MSFT,104.35,12,BID
2018-12-17 10:00:09,MSFT,104.36,1,ASK
2018-12-17 10:00:10,MSFT,104.32,12,BID
2018-12-17 10:00:10,MSFT,104.33,17,ASK
2018-12-17 10:00:10,MSFT,104.3,20,BID
2018-12-17 10:00:10,MSFT,104.31,9,ASK
2018-12-17 10:00:12,MSFT,104.33,4,BID
2018-12-17 10:00:12,MSFT,104.34,9,ASK
2018-12-17 10:00:14,MSFT,104.31,5,BID
2018-12-17 10:00:13,MSFT,104.32,12,ASK
2018-12-17 10:00:15,MSFT,104.31,10,BID
2018-12-17 10:00:15,MSFT,104.32,14,ASK
2018-12-17 10:00:15,MSFT,104.34,7,BID
2018-12-17 10:00:15,MSFT,104.35,12,ASK
2018-12-17 10:00:17,MSFT,104.33,11,BID
2018-12-17 10:00:17,MSFT,104.34,7,ASK
2018-12-17 10:00:19,MSFT,104.33,3,BID
2018-12-17 10:00:19,MSFT,104.34,8,ASK
2018-12-17 10:00:22,MSFT,104.33,9,BID
2018-12-17 10:00:22,MSFT,104.34,7,ASK
2018-12-17 10:00:23,MSFT,104.32,4,BID
2018-12-17 10:00:23,MSFT,104.33,11,ASK
2018-12-17 10:00:24,MSFT,104.32,5,BID
2018-12-17 10:00:24,MSFT,104.33,7,ASK
2018-12-17 10:00:25,MSFT,104.34,6,BID
2018-12-17 10:00:12,MSFT,104.36,13,ASK
2018-12-17 10:00:26,MSFT,104.33,5,BID
2018-12-17 10:00:26,MSFT,104.34,8,ASK
2018-12-17 10:00:15,MSFT,104.3,8,BID
2018-12-17 10:00:26,MSFT,104.31,9,ASK
2018-12-17 10:00:15,MSFT,104.3,7,BID
2018-12-17 10:00:27,MSFT,104.31,14,ASK
2018-12-17 10:00:28,MSFT,104.29,6,BID
2018-12-17 10:00:28,MSFT,104.3,1,ASK
2018-12-17 10:00:29,MSFT,104.3,6,BID
2018-12-17 10:00:30,MSFT,104.31,7,ASK
2018-12-17 10:00:31,MSFT,104.31,6,BID
2018-12-17 10:00:30,MSFT,104.33,13,ASK
2018-12-17 10:00:32,MSFT,104.32,13,BID
2018-12-17 10:00:30,MSFT,104.33,10,ASK
2018-12-17 10:00:33,MSFT,104.32,22,BID
2018-12-17 10:00:33,MSFT,104.33,12,ASK
2018-12-17 10:00:33,MSFT,104.32,11,BID
2018-12-17 10:00:33,MSFT,104.33,9,ASK
2018-12-17 10:00:35,MSFT,104.31,12,BID
2018-12-17 10:00:35,MSFT,104.32,9,ASK
2018-12-17 10:00:35,MSFT,104.3,10,BID
2018-12-17 10:00:36,MSFT,104.31,10,ASK
2018-12-17 10:00:36,MSFT,104.3,9,BID
2018-12-17 10:00:36,MSFT,104.31,10,ASK
2018-12-17 10:00:37,MSFT,104.3,11,BID
2018-12-17 10:00:37,MSFT,104.31,10,ASK
2018-12-17 10:00:38,MSFT,104.31,5,BID
2018-12-17 10:00:39,MSFT,104.32,17,ASK
2018-12-17 10:00:39,MSFT,104.31,2,BID
2018-12-17 10:00:39,MSFT,104.32,18,ASK
2018-12-17 10:00:40,MSFT,104.31,3,BID
2018-12-17 10:00:40,MSFT,104.32,11,ASK
2018-12-17 10:00:42,MSFT,104.32,14,BID
2018-12-17 10:00:42,MSFT,104.34,7,ASK
2018-12-17 10:00:43,MSFT,104.33,9,BID
2018-12-17 10:00:43,MSFT,104.34,27,ASK
2018-12-17 10:00:37,MSFT,104.3,21,BID
2018-12-17 10:00:44,MSFT,104.31,5,ASK
2018-12-17 10:00:45,MSFT,104.29,12,BID
2018-12-17 10:00:45,MSFT,104.3,6,ASK
2018-12-17 10:00:45,MSFT,104.29,11,BID
2018-12-17 10:00:45,MSFT,104.3,6,ASK
2018-12-17 10:00:47,MSFT,104.29,5,BID
2018-12-17 10:00:46,MSFT,104.3,16,ASK
2018-12-17 10:00:48,MSFT,104.28,7,BID
2018-12-17 10:00:48,MSFT,104.29,7,ASK
2018-12-17 10:00:49,MSFT,104.28,9,BID
2018-12-17 10:00:49,MSFT,104.29,8,ASK
2018-12-17 10:00:49,MSFT,104.28,5,BID
2018-12-17 10:00:50,MSFT,104.29,5,ASK
2018-12-17 10:00:50,MSFT,104.28,18,BID
2018-12-17 10:00:51,MSFT,104.29,3,ASK
2018-12-17 10:00:50,MSFT,104.28,18,BID
2018-12-17 10:00:48,MSFT,104.3,16,ASK
2018-12-17 10:00:52,MSFT,104.3,18,BID
2018-12-17 10:00:53,MSFT,104.31,21,ASK
2018-12-17 10:00:54,MSFT,104.31,10,BID
2018-12-17 10:00:54,MSFT,104.32,10,ASK
2018-12-17 10:00:54,MSFT,104.31,20,BID
2018-12-17 10:00:54,MSFT,104.33,15,ASK
2018-12-17 10:00:55,MSFT,104.31,15,BID
2018-12-17 10:00:55,MSFT,104.32,11,ASK
2018-12-17 10:00:56,MSFT,104.32,1,BID
2018-12-17 10:00:54,MSFT,104.33,19,ASK
2018-12-17 10:00:55,MSFT,104.3,12,BID
2018-12-17 10:00:58,MSFT,104.32,10,ASK
2018-12-17 10:00:58,MSFT,104.32,7,BID
2018-12-17 10:00:54,MSFT,104.33,17,ASK
2018-12-17 10:01:00,MSFT,104.3,15,BID
2018-12-17 10:01:00,MSFT,104.31,6,ASK
2018-12-17 10:01:01,MSFT,104.29,17,BID
2018-12-17 10:01:01,MSFT,104.3,7,ASK
2018-12-17 10:01:02,MSFT,104.28,21,BID
2018-12-17 10:01:01,MSFT,104.3,13,ASK
2018-12-17 10:01:03,MSFT,104.28,11,BID
2018-12-17 10:01:03,MSFT,104.29,9,ASK
2018-12-17 10:01:03,MSFT,104.28,10,BID
2018-12-17 10:01:03,MSFT,104.29,13,ASK
2018-12-17 10:01:05,MSFT,104.27,26,BID
2018-12-17 10:01:05,MSFT,104.28,6,ASK
2018-12-17 10:01:05,MSFT,104.27,28,BID
2018-12-17 10:01:05,MSFT,104.28,6,ASK
2018-12-17 10:01:05,MSFT,104.27,28,BID
2018-12-17 10:01:07,MSFT,104.28,6,ASK
2018-12-17 10:01:05,MSFT,104.27,20,BID
2018-12-17 10:01:08,MSFT,104.28,5,ASK
2018-12-17 10:01:09,MSFT,104.28,18,BID
2018-12-17 10:01:09,MSFT,104.29,7,ASK
2018-12-17 10:01:10,MSFT,104.29,9,BID
2018-12-17 10:01:01,MSFT,104.3,8,ASK
2018-12-17 10:01:11,MSFT,104.31,14,BID
2018-12-17 10:01:11,MSFT,104.32,14,ASK
2018-12-17 10:01:12,MSFT,104.32,12,BID
2018-12-17 10:00:43,MSFT,104.34,20,ASK
2018-12-17 10:01:12,MSFT,104.33,9,BID
2018-12-17 10:01:12,MSFT,104.34,19,ASK
2018-12-17 10:01:14,MSFT,104.33,10,BID
2018-12-17 10:01:12,MSFT,104.34,33,ASK
2018-12-17 10:01:15,MSFT,104.32,8,BID
2018-12-17 10:01:14,MSFT,104.33,10,ASK
2018-12-17 10:01:16,MSFT,104.3,29,BID
2018-12-17 10:01:16,MSFT,104.31,4,ASK
2018-12-17 10:01:17,MSFT,104.31,5,BID
2018-12-17 10:01:16,MSFT,104.32,17,ASK
2018-12-17 10:01:16,MSFT,104.3,27,BID
2018-12-17 10:01:16,MSFT,104.32,19,ASK
2018-12-17 10:01:19,MSFT,104.32,10,BID
2018-12-17 10:01:19,MSFT,104.33,17,ASK
2018-12-17 10:01:20,MSFT,104.31,12,BID
2018-12-17 10:01:20,MSFT,104.32,6,ASK
2018-12-17 10:01:20,MSFT,104.31,20,BID
2018-12-17 10:01:19,MSFT,104.33,20,ASK
2018-12-17 10:01:22,MSFT,104.32,18,BID
2018-12-17 10:01:22,MSFT,104.33,18,ASK
2018-12-17 10:01:23,MSFT,104.34,2,BID
2018-12-17 10:01:23,MSFT,104.35,14,ASK
2018-12-17 10:01:23,MSFT,104.35,8,BID
2018-12-17 10:01:23,MSFT,104.36,15,ASK
2018-12-17 10:01:24,MSFT,104.36,8,BID
2018-12-17 10:01:25,MSFT,104.37,14,ASK
2018-12-17 10:01:26,MSFT,104.35,18,BID
2018-12-17 10:01:25,MSFT,104.36,6,ASK
2018-12-17 10:01:27,MSFT,104.32,7,BID
2018-12-17 10:01:27,MSFT,104.33,5,ASK
2018-12-17 10:01:28,MSFT,104.3,39,BID
2018-12-17 10:01:28,MSFT,104.31,11,ASK
2018-12-17 10:01:29,MSFT,104.33,13,BID
2018-12-17 10:01:29,MSFT,104.34,8,ASK
2018-12-17 10:01:30,MSFT,104.34,19,BID
2018-12-17 10:01:30,MSFT,104.35,5,ASK
2018-12-17 10:01:31,MSFT,104.34,18,BID
2018-12-17 10:01:31,MSFT,104.35,5,ASK
2018-12-17 10:01:32,MSFT,104.37,12,BID
2018-12-17 10:01:32,MSFT,104.38,6,ASK
2018-12-17 10:01:33,MSFT,104.38,15,BID
2018-12-17 10:01:33,MSFT,104.39,24,ASK
2018-12-17 10:01:34,MSFT,104.37,37,BID
2018-12-17 10:01:34,MSFT,104.38,3,ASK
2018-12-17 10:01:34,MSFT,104.39,12,BID
2018-12-17 10:01:34,MSFT,104.4,11,ASK
2018-12-17 10:01:36,MSFT,104.39,18,BID
2018-12-17 10:01:36,MSFT,104.4,13,ASK
2018-12-17 10:01:37,MSFT,104.39,25,BID
2018-12-17 10:01:37,MSFT,104.4,5,ASK
2018-12-17 10:01:37,MSFT,104.4,18,BID
2018-12-17 10:01:37,MSFT,104.41,14,ASK
2018-12-17 10:01:38,MSFT,104.42,13,BID
2018-12-17 10:01:38,MSFT,104.43,16,ASK
2018-12-17 10:01:40,MSFT,104.42,10,BID
2018-12-17 10:01:38,MSFT,104.43,7,ASK
2018-12-17 10:01:41,MSFT,104.42,12,BID
2018-12-17 10:01:41,MSFT,104.43,15,ASK
2018-12-17 10:01:42,MSFT,104.42,12,BID
2018-12-17 10:01:42,MSFT,104.43,15,ASK
2018-12-17 10:01:42,MSFT,104.42,15,BID
2018-12-17 10:01:43,MSFT,104.43,14,ASK
2018-12-17 10:01:43,MSFT,104.42,12,BID
2018-12-17 10:01:43,MSFT,104.43,16,ASK
2018-12-17 10:01:45,MSFT,104.42,13,BID
2018-12-17 10:01:45,MSFT,104.43,21,ASK
2018-12-17 10:01:46,MSFT,104.43,11,BID
2018-12-17 10:01:45,MSFT,104.44,8,ASK
2018-12-17 10:01:47,MSFT,104.44,16,BID
2018-12-17 10:01:46,MSFT,104.45,11,ASK
2018-12-17 10:01:48,MSFT,104.44,15,BID
2018-12-17 10:01:46,MSFT,104.45,10,ASK
2018-12-17 10:01:49,MSFT,104.46,8,BID
2018-12-17 10:01:49,MSFT,104.47,17,ASK
2018-12-17 10:01:50,MSFT,104.46,7,BID
2018-12-17 10:01:50,MSFT,104.46,4,ASK
2018-12-17 10:01:50,MSFT,104.42,20,BID
2018-12-17 10:01:51,MSFT,104.43,6,ASK
2018-12-17 10:01:51,MSFT,104.4,17,BID
2018-12-17 10:01:52,MSFT,104.41,2,ASK
2018-12-17 10:01:51,MSFT,104.4,17,BID
2018-12-17 10:01:53,MSFT,104.41,2,ASK
2018-12-17 10:01:51,MSFT,104.4,22,BID
2018-12-17 10:01:54,MSFT,104.41,7,ASK
2018-12-17 10:01:55,MSFT,104.39,19,BID
2018-12-17 10:01:55,MSFT,104.4,5,ASK
2018-12-17 10:01:55,MSFT,104.42,7,BID
2018-12-17 10:01:55,MSFT,104.43,11,ASK
2018-12-17 10:01:56,MSFT,104.41,16,BID
2018-12-17 10:01:56,MSFT,104.42,7,ASK
2018-12-17 10:01:58,MSFT,104.41,19,BID
2018-12-17 10:01:58,MSFT,104.42,12,ASK
2018-12-17 10:01:59,MSFT,104.4,18,BID
2018-12-17 10:01:59,MSFT,104.41,10,ASK
2018-12-17 10:02:00,MSFT,104.37,30,BID
2018-12-17 10:02:00,MSFT,104.39,17,ASK
2018-12-17 10:02:01,MSFT,104.37,26,BID
2018-12-17 10:02:01,MSFT,104.38,10,ASK
2018-12-17 10:02:01,MSFT,104.4,17,BID
2018-12-17 10:02:01,MSFT,104.41,11,ASK
2018-12-17 10:02:03,MSFT,104.39,9,BID
2018-12-17 10:02:03,MSFT,104.4,9,ASK
2018-12-17 10:02:03,MSFT,104.39,8,BID
2018-12-17 10:02:04,MSFT,104.41,26,ASK
2018-12-17 10:02:05,MSFT,104.41,3,BID
2018-12-17 10:01:58,MSFT,104.42,26,ASK
2018-12-17 10:02:05,MSFT,104.4,22,BID
2018-12-17 10:02:05,MSFT,104.41,17,ASK
2018-12-17 10:02:05,MSFT,104.4,33,BID
2018-12-17 10:02:07,MSFT,104.41,12,ASK
2018-12-17 10:02:08,MSFT,104.41,39,BID
2018-12-17 10:02:08,MSFT,104.43,30,ASK
2018-12-17 10:02:09,MSFT,104.4,20,BID
2018-12-17 10:02:09,MSFT,104.42,30,ASK
2018-12-17 10:02:10,MSFT,104.39,18,BID
2018-12-17 10:02:10,MSFT,104.4,28,ASK
2018-12-17 10:02:10,MSFT,104.38,32,BID
2018-12-17 10:02:11,MSFT,104.39,1,ASK
2018-12-17 10:02:10,MSFT,104.38,16,BID
2018-12-17 10:02:12,MSFT,104.39,14,ASK
2018-12-17 10:02:13,MSFT,104.37,23,BID
2018-12-17 10:02:13,MSFT,104.38,13,ASK
2018-12-17 10:02:14,MSFT,104.37,2,BID
2018-12-17 10:02:14,MSFT,104.38,20,ASK
2018-12-17 10:02:15,MSFT,104.37,5,BID
2018-12-17 10:02:15,MSFT,104.38,22,ASK
2018-12-17 10:02:16,MSFT,104.36,26,BID
2018-12-17 10:02:16,MSFT,104.37,15,ASK
2018-12-17 10:02:17,MSFT,104.39,6,BID
2018-12-17 10:02:17,MSFT,104.4,16,ASK
2018-12-17 10:02:18,MSFT,104.39,19,BID
2018-12-17 10:02:18,MSFT,104.4,15,ASK
2018-12-17 10:02:18,MSFT,104.39,21,BID
2018-12-17 10:02:19,MSFT,104.4,3,ASK
