timestamp,ticker,price,volume,bid_ask
2018-12-17 09:40:20,NKE,70.41,8,BID
2018-12-17 09:40:35,NKE,70.44,1,ASK
2018-12-17 09:40:20,NKE,70.41,8,BID
2018-12-17 09:40:35,NKE,70.44,1,ASK
2018-12-17 09:40:20,NKE,70.41,9,BID
2018-12-17 09:40:37,NKE,70.44,1,ASK
2018-12-17 09:40:20,NKE,70.41,9,BID
2018-12-17 09:40:37,NKE,70.44,1,ASK
2018-12-17 09:40:20,NKE,70.41,9,BID
2018-12-17 09:40:39,NKE,70.44,3,ASK
2018-12-17 09:40:20,NKE,70.41,9,BID
2018-12-17 09:40:39,NKE,70.44,3,ASK
2018-12-17 09:40:20,NKE,70.41,9,BID
2018-12-17 09:40:39,NKE,70.44,3,ASK
2018-12-17 09:40:20,NKE,70.41,9,BID
2018-12-17 09:40:42,NKE,70.44,4,ASK
2018-12-17 09:40:20,NKE,70.41,9,BID
2018-12-17 09:40:42,NKE,70.44,4,ASK
2018-12-17 09:40:20,NKE,70.41,9,BID
2018-12-17 09:40:42,NKE,70.44,4,ASK
2018-12-17 09:40:20,NKE,70.41,9,BID
2018-12-17 09:40:42,NKE,70.44,4,ASK
2018-12-17 09:40:20,NKE,70.41,9,BID
2018-12-17 09:40:42,NKE,70.44,4,ASK
2018-12-17 09:40:20,NKE,70.41,9,BID
2018-12-17 09:40:42,NKE,70.44,4,ASK
2018-12-17 09:40:20,NKE,70.41,9,BID
2018-12-17 09:40:42,NKE,70.44,4,ASK
2018-12-17 09:40:49,NKE,70.43,3,BID
2018-12-17 09:40:49,NKE,70.47,1,ASK
2018-12-17 09:40:50,NKE,70.43,3,BID
2018-12-17 09:40:50,NKE,70.48,11,ASK
2018-12-17 09:40:51,NKE,70.43,7,BID
2018-12-17 09:40:51,NKE,70.48,11,ASK
2018-12-17 09:40:51,NKE,70.43,7,BID
2018-12-17 09:40:51,NKE,70.48,11,ASK
2018-12-17 09:40:53,NKE,70.43,8,BID
2018-12-17 09:40:53,NKE,70.47,3,ASK
2018-12-17 09:40:55,NKE,70.44,3,BID
2018-12-17 09:40:54,NKE,70.48,8,ASK
2018-12-17 09:40:55,NKE,70.44,3,BID
2018-12-17 09:40:54,NKE,70.48,8,ASK
2018-12-17 09:40:55,NKE,70.44,3,BID
2018-12-17 09:40:54,NKE,70.48,8,ASK
2018-12-17 09:40:58,NKE,70.42,1,BID
2018-12-17 09:40:58,NKE,70.47,5,ASK
2018-12-17 09:40:58,NKE,70.42,1,BID
2018-12-17 09:40:58,NKE,70.47,5,ASK
2018-12-17 09:41:00,NKE,70.42,1,BID
2018-12-17 09:41:00,NKE,70.47,5,ASK
2018-12-17 09:41:00,NKE,70.44,1,BID
2018-12-17 09:41:00,NKE,70.47,1,ASK
2018-12-17 09:41:01,NKE,70.44,1,BID
2018-12-17 09:41:01,NKE,70.47,2,ASK
2018-12-17 09:41:01,NKE,70.44,1,BID
2018-12-17 09:41:01,NKE,70.47,2,ASK
2018-12-17 09:41:04,NKE,70.44,1,BID
2018-12-17 09:41:01,NKE,70.47,3,ASK
2018-12-17 09:41:04,NKE,70.41,12,BID
2018-12-17 09:41:04,NKE,70.43,2,ASK
2018-12-17 09:41:05,NKE,70.41,12,BID
2018-12-17 09:41:04,NKE,70.43,4,ASK
2018-12-17 09:41:06,NKE,70.4,9,BID
2018-12-17 09:41:06,NKE,70.42,4,ASK
2018-12-17 09:41:07,NKE,70.38,14,BID
2018-12-17 09:41:08,NKE,70.41,8,ASK
2018-12-17 09:41:08,NKE,70.36,5,BID
2018-12-17 09:41:08,NKE,70.39,2,ASK
2018-12-17 09:41:08,NKE,70.36,5,BID
2018-12-17 09:41:08,NKE,70.39,2,ASK
2018-12-17 09:41:09,NKE,70.36,5,BID
2018-12-17 09:41:09,NKE,70.39,5,ASK
2018-12-17 09:41:09,NKE,70.36,5,BID
2018-12-17 09:41:08,NKE,70.39,5,ASK
2018-12-17 09:41:11,NKE,70.35,4,BID
2018-12-17 09:41:08,NKE,70.39,5,ASK
2018-12-17 09:41:13,NKE,70.36,5,BID
2018-12-17 09:41:13,NKE,70.39,7,ASK
2018-12-17 09:41:13,NKE,70.36,5,BID
2018-12-17 09:41:13,NKE,70.39,7,ASK
2018-12-17 09:41:13,NKE,70.36,5,BID
2018-12-17 09:41:13,NKE,70.39,7,ASK
2018-12-17 09:32:46,NKE,70.34,13,BID
2018-12-17 09:41:16,NKE,70.37,3,ASK
2018-12-17 09:41:16,NKE,70.35,5,BID
2018-12-17 09:41:16,NKE,70.38,5,ASK
2018-12-17 09:32:46,NKE,70.34,13,BID
2018-12-17 09:41:18,NKE,70.37,2,ASK
2018-12-17 09:32:46,NKE,70.34,13,BID
2018-12-17 09:41:18,NKE,70.37,2,ASK
2018-12-17 09:41:21,NKE,70.35,7,BID
2018-12-17 09:41:16,NKE,70.38,5,ASK
2018-12-17 09:32:46,NKE,70.34,13,BID
2018-12-17 09:41:22,NKE,70.37,1,ASK
2018-12-17 09:32:46,NKE,70.34,9,BID
2018-12-17 09:41:22,NKE,70.37,1,ASK
2018-12-17 09:32:46,NKE,70.34,9,BID
2018-12-17 09:41:23,NKE,70.37,3,ASK
2018-12-17 09:32:46,NKE,70.34,9,BID
2018-12-17 09:41:23,NKE,70.37,3,ASK
2018-12-17 09:32:46,NKE,70.34,10,BID
2018-12-17 09:41:26,NKE,70.37,3,ASK
2018-12-17 09:32:46,NKE,70.34,10,BID
2018-12-17 09:41:27,NKE,70.37,3,ASK
2018-12-17 09:32:46,NKE,70.34,10,BID
2018-12-17 09:41:27,NKE,70.37,3,ASK
2018-12-17 09:41:29,NKE,70.37,3,BID
2018-12-17 09:41:07,NKE,70.41,9,ASK
2018-12-17 09:41:30,NKE,70.37,3,BID
2018-12-17 09:41:07,NKE,70.41,10,ASK
2018-12-17 09:41:30,NKE,70.37,4,BID
2018-12-17 09:41:07,NKE,70.41,9,ASK
2018-12-17 09:41:30,NKE,70.37,4,BID
2018-12-17 09:41:07,NKE,70.41,9,ASK
2018-12-17 09:41:30,NKE,70.37,5,BID
2018-12-17 09:41:07,NKE,70.41,9,ASK
2018-12-17 09:41:30,NKE,70.37,5,BID
2018-12-17 09:41:07,NKE,70.41,10,ASK
2018-12-17 09:41:34,NKE,70.35,2,BID
2018-12-17 09:41:34,NKE,70.4,8,ASK
2018-12-17 09:41:36,NKE,70.35,4,BID
2018-12-17 09:41:34,NKE,70.4,8,ASK
2018-12-17 09:41:36,NKE,70.35,4,BID
2018-12-17 09:41:34,NKE,70.4,8,ASK
2018-12-17 09:41:36,NKE,70.35,4,BID
2018-12-17 09:41:34,NKE,70.4,8,ASK
2018-12-17 09:41:38,NKE,70.35,6,BID
2018-12-17 09:41:34,NKE,70.4,7,ASK
2018-12-17 09:41:38,NKE,70.35,6,BID
2018-12-17 09:41:34,NKE,70.4,7,ASK
2018-12-17 09:41:41,NKE,70.35,7,BID
2018-12-17 09:41:41,NKE,70.39,1,ASK
2018-12-17 09:41:41,NKE,70.35,7,BID
2018-12-17 09:41:41,NKE,70.39,2,ASK
2018-12-17 09:41:43,NKE,70.35,7,BID
2018-12-17 09:41:41,NKE,70.39,2,ASK
2018-12-17 09:32:46,NKE,70.34,10,BID
2018-12-17 09:41:43,NKE,70.38,7,ASK
2018-12-17 09:32:46,NKE,70.34,10,BID
2018-12-17 09:41:45,NKE,70.38,6,ASK
2018-12-17 09:32:46,NKE,70.34,9,BID
2018-12-17 09:41:46,NKE,70.38,7,ASK
2018-12-17 09:41:47,NKE,70.35,1,BID
2018-12-17 09:41:47,NKE,70.38,6,ASK
2018-12-17 09:41:48,NKE,70.35,6,BID
2018-12-17 09:41:48,NKE,70.39,6,ASK
2018-12-17 09:41:48,NKE,70.35,6,BID
2018-12-17 09:41:48,NKE,70.39,6,ASK
2018-12-17 09:41:49,NKE,70.36,1,BID
2018-12-17 09:41:49,NKE,70.4,6,ASK
2018-12-17 09:41:50,NKE,70.39,4,BID
2018-12-17 09:41:50,NKE,70.42,7,ASK
2018-12-17 09:41:50,NKE,70.39,4,BID
2018-12-17 09:41:50,NKE,70.42,8,ASK
2018-12-17 09:41:52,NKE,70.41,2,BID
2018-12-17 09:41:52,NKE,70.45,4,ASK
2018-12-17 09:41:52,NKE,70.41,2,BID
2018-12-17 09:41:52,NKE,70.45,4,ASK
2018-12-17 09:41:52,NKE,70.41,2,BID
2018-12-17 09:41:52,NKE,70.45,4,ASK
2018-12-17 09:41:54,NKE,70.42,7,BID
2018-12-17 09:41:54,NKE,70.47,8,ASK
2018-12-17 09:41:55,NKE,70.42,11,BID
2018-12-17 09:41:54,NKE,70.47,9,ASK
2018-12-17 09:41:57,NKE,70.42,11,BID
2018-12-17 09:41:54,NKE,70.47,11,ASK
2018-12-17 09:41:58,NKE,70.41,2,BID
2018-12-17 09:41:58,NKE,70.46,10,ASK
2018-12-17 09:41:58,NKE,70.41,7,BID
2018-12-17 09:41:58,NKE,70.46,10,ASK
2018-12-17 09:42:00,NKE,70.41,6,BID
2018-12-17 09:42:00,NKE,70.45,5,ASK
2018-12-17 09:42:00,NKE,70.41,6,BID
2018-12-17 09:42:01,NKE,70.45,5,ASK
2018-12-17 09:42:03,NKE,70.41,6,BID
2018-12-17 09:42:03,NKE,70.45,5,ASK
2018-12-17 09:42:03,NKE,70.41,6,BID
2018-12-17 09:42:03,NKE,70.45,5,ASK
2018-12-17 09:42:04,NKE,70.41,7,BID
2018-12-17 09:42:04,NKE,70.45,6,ASK
2018-12-17 09:42:06,NKE,70.39,7,BID
2018-12-17 09:42:06,NKE,70.42,5,ASK
2018-12-17 09:42:06,NKE,70.39,7,BID
2018-12-17 09:42:06,NKE,70.42,5,ASK
2018-12-17 09:42:08,NKE,70.39,10,BID
2018-12-17 09:42:08,NKE,70.42,5,ASK
2018-12-17 09:42:09,NKE,70.39,10,BID
2018-12-17 09:42:09,NKE,70.43,6,ASK
2018-12-17 09:42:09,NKE,70.41,1,BID
2018-12-17 09:42:09,NKE,70.45,5,ASK
2018-12-17 09:42:09,NKE,70.41,1,BID
2018-12-17 09:42:09,NKE,70.45,5,ASK
2018-12-17 09:42:11,NKE,70.41,4,BID
2018-12-17 09:42:11,NKE,70.45,5,ASK
2018-12-17 09:42:13,NKE,70.39,8,BID
2018-12-17 09:42:13,NKE,70.42,3,ASK
2018-12-17 09:42:13,NKE,70.39,9,BID
2018-12-17 09:42:13,NKE,70.4,1,ASK
2018-12-17 09:42:13,NKE,70.39,9,BID
2018-12-17 09:42:13,NKE,70.4,1,ASK
2018-12-17 09:42:13,NKE,70.39,9,BID
2018-12-17 09:42:13,NKE,70.4,1,ASK
2018-12-17 09:42:17,NKE,70.37,1,BID
2018-12-17 09:42:17,NKE,70.4,1,ASK
2018-12-17 09:42:18,NKE,70.38,1,BID
2018-12-17 09:42:18,NKE,70.4,1,ASK
2018-12-17 09:42:19,NKE,70.36,2,BID
2018-12-17 09:42:19,NKE,70.4,2,ASK
2018-12-17 09:42:19,NKE,70.37,4,BID
2018-12-17 09:42:19,NKE,70.4,3,ASK
2018-12-17 09:42:20,NKE,70.36,5,BID
2018-12-17 09:42:20,NKE,70.39,1,ASK
2018-12-17 09:42:21,NKE,70.36,5,BID
2018-12-17 09:42:22,NKE,70.39,3,ASK
2018-12-17 09:42:23,NKE,70.34,9,BID
2018-12-17 09:42:23,NKE,70.36,4,ASK
2018-12-17 09:42:23,NKE,70.34,9,BID
2018-12-17 09:42:23,NKE,70.36,4,ASK
2018-12-17 09:42:25,NKE,70.35,1,BID
2018-12-17 09:42:25,NKE,70.37,4,ASK
2018-12-17 09:42:26,NKE,70.32,2,BID
2018-12-17 09:42:26,NKE,70.35,6,ASK
2018-12-17 09:42:26,NKE,70.32,3,BID
2018-12-17 09:42:26,NKE,70.35,7,ASK
2018-12-17 09:42:27,NKE,70.31,2,BID
2018-12-17 09:42:27,NKE,70.34,1,ASK
2018-12-17 09:42:28,NKE,70.32,1,BID
2018-12-17 09:42:26,NKE,70.35,5,ASK
2018-12-17 09:42:30,NKE,70.28,4,BID
2018-12-17 09:42:30,NKE,70.32,1,ASK
2018-12-17 09:42:30,NKE,70.28,6,BID
2018-12-17 09:42:31,NKE,70.32,2,ASK
2018-12-17 09:42:30,NKE,70.28,6,BID
2018-12-17 09:42:31,NKE,70.32,3,ASK
2018-12-17 09:42:33,NKE,70.28,8,BID
2018-12-17 09:42:33,NKE,70.32,4,ASK
2018-12-17 09:42:33,NKE,70.28,7,BID
2018-12-17 09:42:33,NKE,70.32,5,ASK
2018-12-17 09:42:33,NKE,70.28,7,BID
2018-12-17 09:42:33,NKE,70.32,5,ASK
2018-12-17 09:42:33,NKE,70.28,7,BID
2018-12-17 09:42:33,NKE,70.32,5,ASK
2018-12-17 09:42:37,NKE,70.26,6,BID
2018-12-17 09:42:37,NKE,70.32,5,ASK
2018-12-17 09:42:37,NKE,70.26,6,BID
2018-12-17 09:42:37,NKE,70.32,5,ASK
2018-12-17 09:42:37,NKE,70.26,6,BID
2018-12-17 09:42:37,NKE,70.32,6,ASK
2018-12-17 09:42:37,NKE,70.26,6,BID
2018-12-17 09:42:37,NKE,70.32,6,ASK
2018-12-17 09:42:37,NKE,70.26,6,BID
2018-12-17 09:42:37,NKE,70.32,6,ASK
2018-12-17 09:42:42,NKE,70.26,5,BID
2018-12-17 09:42:37,NKE,70.32,6,ASK
2018-12-17 09:42:42,NKE,70.26,5,BID
2018-12-17 09:42:37,NKE,70.32,6,ASK
2018-12-17 09:42:44,NKE,70.27,1,BID
2018-12-17 09:42:37,NKE,70.32,6,ASK
2018-12-17 09:42:44,NKE,70.27,7,BID
2018-12-17 09:42:37,NKE,70.32,6,ASK
2018-12-17 09:42:44,NKE,70.27,7,BID
2018-12-17 09:42:37,NKE,70.32,6,ASK
2018-12-17 09:42:44,NKE,70.27,7,BID
2018-12-17 09:42:37,NKE,70.32,6,ASK
2018-12-17 09:42:44,NKE,70.27,7,BID
2018-12-17 09:42:37,NKE,70.32,6,ASK
2018-12-17 09:42:48,NKE,70.27,6,BID
2018-12-17 09:42:37,NKE,70.32,6,ASK
2018-12-17 09:42:48,NKE,70.27,6,BID
2018-12-17 09:42:37,NKE,70.32,6,ASK
2018-12-17 09:42:48,NKE,70.27,6,BID
2018-12-17 09:42:37,NKE,70.32,6,ASK
2018-12-17 09:42:48,NKE,70.27,6,BID
2018-12-17 09:42:37,NKE,70.32,6,ASK
2018-12-17 09:42:53,NKE,70.27,6,BID
2018-12-17 09:42:37,NKE,70.32,7,ASK
2018-12-17 09:42:53,NKE,70.27,6,BID
2018-12-17 09:42:37,NKE,70.32,7,ASK
2018-12-17 09:42:53,NKE,70.27,6,BID
2018-12-17 09:42:37,NKE,70.32,7,ASK
2018-12-17 09:42:53,NKE,70.27,6,BID
2018-12-17 09:42:37,NKE,70.32,7,ASK
2018-12-17 09:42:53,NKE,70.27,6,BID
2018-12-17 09:42:37,NKE,70.32,7,ASK
2018-12-17 09:42:53,NKE,70.27,6,BID
2018-12-17 09:42:37,NKE,70.32,7,ASK
2018-12-17 09:42:53,NKE,70.27,6,BID
2018-12-17 09:42:37,NKE,70.32,7,ASK
2018-12-17 09:43:00,NKE,70.27,6,BID
2018-12-17 09:42:37,NKE,70.32,7,ASK
2018-12-17 09:43:00,NKE,70.27,6,BID
2018-12-17 09:42:37,NKE,70.32,7,ASK
2018-12-17 09:43:00,NKE,70.27,6,BID
2018-12-17 09:42:37,NKE,70.32,7,ASK
2018-12-17 09:43:00,NKE,70.27,6,BID
2018-12-17 09:42:37,NKE,70.32,7,ASK
2018-12-17 09:43:00,NKE,70.27,6,BID
2018-12-17 09:42:37,NKE,70.32,7,ASK
2018-12-17 09:43:05,NKE,70.2,5,BID
2018-12-17 09:43:05,NKE,70.24,3,ASK
2018-12-17 09:43:05,NKE,70.2,2,BID
2018-12-17 09:43:05,NKE,70.24,3,ASK
2018-12-17 09:43:07,NKE,70.2,4,BID
2018-12-17 09:43:07,NKE,70.24,7,ASK
2018-12-17 09:43:07,NKE,70.2,4,BID
2018-12-17 09:43:07,NKE,70.24,7,ASK
2018-12-17 09:43:09,NKE,70.16,3,BID
2018-12-17 09:43:09,NKE,70.21,1,ASK
2018-12-17 09:43:10,NKE,70.15,2,BID
2018-12-17 09:43:10,NKE,70.18,3,ASK
2018-12-17 09:43:11,NKE,70.15,2,BID
2018-12-17 09:43:11,NKE,70.18,5,ASK
2018-12-17 09:43:12,NKE,70.17,1,BID
2018-12-17 09:43:12,NKE,70.19,1,ASK
2018-12-17 09:43:13,NKE,70.12,1,BID
2018-12-17 09:43:13,NKE,70.15,4,ASK
2018-12-17 09:43:13,NKE,70.11,8,BID
2018-12-17 09:43:13,NKE,70.15,4,ASK
2018-12-17 09:43:13,NKE,70.11,8,BID
2018-12-17 09:43:13,NKE,70.15,4,ASK
2018-12-17 09:43:16,NKE,70.11,8,BID
2018-12-17 09:43:16,NKE,70.14,1,ASK
2018-12-17 09:43:17,NKE,70.11,7,BID
2018-12-17 09:43:17,NKE,70.14,3,ASK
2018-12-17 09:43:18,NKE,70.11,7,BID
2018-12-17 09:43:18,NKE,70.14,4,ASK
2018-12-17 09:43:19,NKE,70.08,3,BID
2018-12-17 09:43:19,NKE,70.1,2,ASK
2018-12-17 09:43:19,NKE,70.05,1,BID
2018-12-17 09:43:19,NKE,70.09,1,ASK
2018-12-17 09:43:19,NKE,70.05,1,BID
2018-12-17 09:43:19,NKE,70.09,1,ASK
2018-12-17 09:43:20,NKE,70.0,31,BID
2018-12-17 09:43:20,NKE,70.04,1,ASK
2018-12-17 09:43:21,NKE,70.03,2,BID
2018-12-17 09:43:21,NKE,70.05,2,ASK
2018-12-17 09:43:21,NKE,70.01,2,BID
2018-12-17 09:43:21,NKE,70.05,3,ASK
2018-12-17 09:43:21,NKE,70.01,2,BID
2018-12-17 09:43:21,NKE,70.05,3,ASK
2018-12-17 09:43:22,NKE,70.02,2,BID
2018-12-17 09:43:22,NKE,70.05,3,ASK
2018-12-17 09:43:22,NKE,70.02,4,BID
2018-12-17 09:43:22,NKE,70.05,3,ASK
2018-12-17 09:43:22,NKE,70.02,4,BID
2018-12-17 09:43:23,NKE,70.05,3,ASK
2018-12-17 09:43:22,NKE,70.02,4,BID
2018-12-17 09:43:23,NKE,70.05,3,ASK
2018-12-17 09:43:22,NKE,70.02,4,BID
2018-12-17 09:43:24,NKE,70.05,4,ASK
2018-12-17 09:43:22,NKE,70.02,4,BID
2018-12-17 09:43:26,NKE,70.05,5,ASK
2018-12-17 09:43:27,NKE,70.0,32,BID
2018-12-17 09:43:27,NKE,70.04,1,ASK
2018-12-17 09:43:29,NKE,70.01,1,BID
2018-12-17 09:43:29,NKE,70.04,2,ASK
2018-12-17 09:43:30,NKE,70.01,1,BID
2018-12-17 09:43:30,NKE,70.04,4,ASK
2018-12-17 09:43:31,NKE,69.97,8,BID
2018-12-17 09:43:31,NKE,70.0,6,ASK
2018-12-17 09:43:32,NKE,69.97,8,BID
2018-12-17 09:43:32,NKE,70.0,4,ASK
2018-12-17 09:43:33,NKE,69.97,8,BID
2018-12-17 09:43:33,NKE,70.0,4,ASK
2018-12-17 09:43:36,NKE,69.99,2,BID
2018-12-17 09:43:36,NKE,70.02,5,ASK
2018-12-17 09:43:36,NKE,70.0,7,BID
2018-12-17 09:43:36,NKE,70.03,1,ASK
2018-12-17 09:43:33,NKE,69.97,6,BID
2018-12-17 09:43:38,NKE,70.02,2,ASK
2018-12-17 09:43:33,NKE,69.97,6,BID
2018-12-17 09:43:38,NKE,70.02,2,ASK
2018-12-17 09:43:33,NKE,69.97,6,BID
2018-12-17 09:43:38,NKE,70.02,2,ASK
2018-12-17 09:43:39,NKE,69.92,7,BID
2018-12-17 09:43:41,NKE,69.94,2,ASK
2018-12-17 09:43:42,NKE,69.91,4,BID
2018-12-17 09:43:42,NKE,69.94,4,ASK
2018-12-17 09:43:43,NKE,69.93,6,BID
2018-12-17 09:43:42,NKE,69.99,3,ASK
2018-12-17 09:43:46,NKE,69.94,9,BID
2018-12-17 09:43:42,NKE,69.99,5,ASK
2018-12-17 09:43:47,NKE,69.96,1,BID
2018-12-17 09:43:47,NKE,70.0,3,ASK
2018-12-17 09:43:48,NKE,69.99,1,BID
2018-12-17 09:43:48,NKE,70.04,4,ASK
2018-12-17 09:43:49,NKE,69.99,3,BID
2018-12-17 09:43:48,NKE,70.04,4,ASK
2018-12-17 09:43:50,NKE,69.99,4,BID
2018-12-17 09:43:48,NKE,70.04,4,ASK
2018-12-17 09:43:51,NKE,69.99,4,BID
2018-12-17 09:43:48,NKE,70.04,5,ASK
2018-12-17 09:43:52,NKE,69.99,4,BID
2018-12-17 09:43:52,NKE,70.02,1,ASK
2018-12-17 09:43:52,NKE,69.99,4,BID
2018-12-17 09:43:52,NKE,70.02,1,ASK
2018-12-17 09:43:54,NKE,69.99,5,BID
2018-12-17 09:43:54,NKE,70.02,3,ASK
2018-12-17 09:43:54,NKE,69.99,4,BID
2018-12-17 09:43:55,NKE,70.02,5,ASK
2018-12-17 09:43:56,NKE,70.01,2,BID
2018-12-17 09:43:56,NKE,70.05,5,ASK
2018-12-17 09:43:57,NKE,70.01,3,BID
2018-12-17 09:43:57,NKE,70.04,1,ASK
2018-12-17 09:43:57,NKE,70.01,3,BID
2018-12-17 09:43:57,NKE,70.04,1,ASK
2018-12-17 09:43:57,NKE,70.01,3,BID
2018-12-17 09:43:57,NKE,70.04,1,ASK
2018-12-17 09:44:00,NKE,70.01,4,BID
2018-12-17 09:44:00,NKE,70.04,1,ASK
2018-12-17 09:44:01,NKE,70.02,1,BID
2018-12-17 09:43:56,NKE,70.05,7,ASK
2018-12-17 09:44:02,NKE,70.02,1,BID
2018-12-17 09:43:56,NKE,70.05,8,ASK
2018-12-17 09:44:04,NKE,70.01,6,BID
2018-12-17 09:44:04,NKE,70.04,1,ASK
2018-12-17 09:44:04,NKE,70.01,6,BID
2018-12-17 09:44:04,NKE,70.04,2,ASK
2018-12-17 09:44:05,NKE,70.06,2,BID
2018-12-17 09:44:05,NKE,70.1,2,ASK
2018-12-17 09:44:05,NKE,70.07,3,BID
2018-12-17 09:44:05,NKE,70.1,2,ASK
2018-12-17 09:44:05,NKE,70.07,3,BID
2018-12-17 09:44:06,NKE,70.1,2,ASK
2018-12-17 09:44:05,NKE,70.07,3,BID
2018-12-17 09:44:07,NKE,70.1,3,ASK
2018-12-17 09:44:05,NKE,70.07,3,BID
2018-12-17 09:44:09,NKE,70.1,4,ASK
2018-12-17 09:44:10,NKE,70.08,2,BID
2018-12-17 09:44:09,NKE,70.13,3,ASK
2018-12-17 09:44:10,NKE,70.08,3,BID
2018-12-17 09:44:10,NKE,70.13,4,ASK
2018-12-17 09:44:11,NKE,70.11,2,BID
2018-12-17 09:43:16,NKE,70.15,4,ASK
2018-12-17 09:44:12,NKE,70.11,2,BID
2018-12-17 09:44:12,NKE,70.15,7,ASK
2018-12-17 09:44:12,NKE,70.11,2,BID
2018-12-17 09:44:12,NKE,70.15,7,ASK
2018-12-17 09:44:12,NKE,70.11,2,BID
2018-12-17 09:44:12,NKE,70.15,7,ASK
2018-12-17 09:44:12,NKE,70.11,2,BID
2018-12-17 09:44:12,NKE,70.15,7,ASK
2018-12-17 09:44:12,NKE,70.11,2,BID
2018-12-17 09:44:12,NKE,70.15,7,ASK
2018-12-17 09:44:12,NKE,70.11,2,BID
2018-12-17 09:44:12,NKE,70.15,7,ASK
2018-12-17 09:44:19,NKE,70.11,4,BID
2018-12-17 09:44:19,NKE,70.15,7,ASK
2018-12-17 09:44:19,NKE,70.11,4,BID
2018-12-17 09:44:19,NKE,70.15,7,ASK
2018-12-17 09:44:19,NKE,70.11,4,BID
2018-12-17 09:44:19,NKE,70.15,7,ASK
2018-12-17 09:44:22,NKE,70.17,2,BID
2018-12-17 09:44:22,NKE,70.21,8,ASK
2018-12-17 09:44:23,NKE,70.16,10,BID
2018-12-17 09:44:23,NKE,70.21,10,ASK
2018-12-17 09:44:24,NKE,70.06,5,BID
2018-12-17 09:44:24,NKE,70.17,12,ASK
2018-12-17 09:44:25,NKE,70.06,7,BID
2018-12-17 09:44:25,NKE,70.17,12,ASK
2018-12-17 09:44:26,NKE,70.06,9,BID
2018-12-17 09:44:26,NKE,70.16,4,ASK
2018-12-17 09:44:27,NKE,70.07,1,BID
2018-12-17 09:44:27,NKE,70.16,4,ASK
2018-12-17 09:44:29,NKE,70.07,2,BID
2018-12-17 09:44:29,NKE,70.16,5,ASK
2018-12-17 09:44:30,NKE,70.07,4,BID
2018-12-17 09:44:30,NKE,70.16,5,ASK
2018-12-17 09:44:30,NKE,70.07,4,BID
2018-12-17 09:44:30,NKE,70.16,5,ASK
2018-12-17 09:44:30,NKE,70.07,4,BID
2018-12-17 09:44:30,NKE,70.16,5,ASK
2018-12-17 09:44:32,NKE,70.07,5,BID
2018-12-17 09:44:32,NKE,70.16,6,ASK
2018-12-17 09:44:32,NKE,70.07,5,BID
2018-12-17 09:44:32,NKE,70.16,6,ASK
2018-12-17 09:44:32,NKE,70.07,5,BID
2018-12-17 09:44:32,NKE,70.16,6,ASK
2018-12-17 09:44:35,NKE,70.08,1,BID
2018-12-17 09:44:35,NKE,70.16,6,ASK
2018-12-17 09:44:36,NKE,70.08,1,BID
2018-12-17 09:44:36,NKE,70.16,6,ASK
2018-12-17 09:44:37,NKE,70.08,4,BID
2018-12-17 09:44:37,NKE,70.16,6,ASK
2018-12-17 09:44:37,NKE,70.08,4,BID
2018-12-17 09:44:37,NKE,70.16,6,ASK
2018-12-17 09:44:37,NKE,70.08,4,BID
2018-12-17 09:44:37,NKE,70.16,6,ASK
2018-12-17 09:44:37,NKE,70.08,4,BID
2018-12-17 09:44:37,NKE,70.16,6,ASK
2018-12-17 09:44:37,NKE,70.08,4,BID
2018-12-17 09:44:37,NKE,70.16,6,ASK
2018-12-17 09:44:37,NKE,70.08,4,BID
2018-12-17 09:44:37,NKE,70.16,6,ASK
2018-12-17 09:44:37,NKE,70.08,4,BID
2018-12-17 09:44:37,NKE,70.16,6,ASK
2018-12-17 09:44:37,NKE,70.08,4,BID
2018-12-17 09:44:37,NKE,70.16,6,ASK
2018-12-17 09:44:45,NKE,70.08,4,BID
2018-12-17 09:44:45,NKE,70.16,6,ASK
2018-12-17 09:44:46,NKE,70.08,4,BID
2018-12-17 09:44:46,NKE,70.16,6,ASK
2018-12-17 09:44:46,NKE,70.08,4,BID
2018-12-17 09:44:46,NKE,70.16,6,ASK
2018-12-17 09:44:46,NKE,70.08,4,BID
2018-12-17 09:44:46,NKE,70.16,6,ASK
2018-12-17 09:44:46,NKE,70.08,4,BID
2018-12-17 09:44:46,NKE,70.16,6,ASK
2018-12-17 09:44:50,NKE,70.08,4,BID
2018-12-17 09:44:50,NKE,70.16,6,ASK
2018-12-17 09:44:51,NKE,70.08,4,BID
2018-12-17 09:44:51,NKE,70.15,3,ASK
2018-12-17 09:44:51,NKE,70.08,4,BID
2018-12-17 09:44:51,NKE,70.15,3,ASK
2018-12-17 09:44:53,NKE,70.08,4,BID
2018-12-17 09:44:53,NKE,70.15,3,ASK
2018-12-17 09:44:54,NKE,70.08,4,BID
2018-12-17 09:44:54,NKE,70.15,3,ASK
2018-12-17 09:44:54,NKE,70.08,4,BID
2018-12-17 09:44:54,NKE,70.15,3,ASK
2018-12-17 09:44:56,NKE,70.08,4,BID
2018-12-17 09:44:57,NKE,70.14,2,ASK
2018-12-17 09:44:57,NKE,70.08,4,BID
2018-12-17 09:44:57,NKE,70.14,3,ASK
2018-12-17 09:44:58,NKE,70.08,4,BID
2018-12-17 09:44:58,NKE,70.14,5,ASK
2018-12-17 09:45:00,NKE,70.08,8,BID
2018-12-17 09:45:00,NKE,70.14,6,ASK
2018-12-17 09:45:00,NKE,70.08,10,BID
2018-12-17 09:45:00,NKE,70.14,6,ASK
2018-12-17 09:45:01,NKE,70.08,10,BID
2018-12-17 09:45:01,NKE,70.14,7,ASK
2018-12-17 09:45:02,NKE,70.08,10,BID
2018-12-17 09:45:02,NKE,70.14,9,ASK
2018-12-17 09:45:02,NKE,70.08,10,BID
2018-12-17 09:45:02,NKE,70.14,9,ASK
2018-12-17 09:45:04,NKE,70.05,3,BID
2018-12-17 09:45:04,NKE,70.09,5,ASK
2018-12-17 09:45:05,NKE,70.06,3,BID
2018-12-17 09:45:05,NKE,70.1,4,ASK
2018-12-17 09:45:07,NKE,70.02,3,BID
2018-12-17 09:45:07,NKE,70.06,3,ASK
2018-12-17 09:45:07,NKE,69.99,8,BID
2018-12-17 09:45:07,NKE,70.04,8,ASK
2018-12-17 09:45:08,NKE,69.98,1,BID
2018-12-17 09:45:08,NKE,70.03,2,ASK
2018-12-17 09:45:09,NKE,69.98,2,BID
2018-12-17 09:45:09,NKE,70.02,1,ASK
2018-12-17 09:45:10,NKE,69.98,2,BID
2018-12-17 09:45:11,NKE,70.02,2,ASK
2018-12-17 09:45:10,NKE,69.98,2,BID
2018-12-17 09:45:11,NKE,70.02,2,ASK
2018-12-17 09:45:12,NKE,69.98,5,BID
2018-12-17 09:45:12,NKE,70.02,2,ASK
2018-12-17 09:45:12,NKE,69.98,5,BID
2018-12-17 09:45:12,NKE,70.02,2,ASK
2018-12-17 09:45:12,NKE,69.98,5,BID
2018-12-17 09:45:12,NKE,70.02,2,ASK
2018-12-17 09:45:16,NKE,69.97,5,BID
2018-12-17 09:45:16,NKE,70.02,6,ASK
2018-12-17 09:45:16,NKE,69.97,5,BID
2018-12-17 09:45:16,NKE,70.02,9,ASK
2018-12-17 09:45:17,NKE,69.97,10,BID
2018-12-17 09:45:16,NKE,70.02,9,ASK
2018-12-17 09:45:18,NKE,69.97,7,BID
2018-12-17 09:45:17,NKE,70.02,10,ASK
2018-12-17 09:45:18,NKE,69.97,7,BID
2018-12-17 09:45:17,NKE,70.02,10,ASK
2018-12-17 09:45:20,NKE,69.97,7,BID
2018-12-17 09:45:17,NKE,70.02,11,ASK
2018-12-17 09:45:21,NKE,69.97,7,BID
2018-12-17 09:45:17,NKE,70.02,10,ASK
2018-12-17 09:45:21,NKE,70.04,5,BID
2018-12-17 09:45:21,NKE,70.07,3,ASK
2018-12-17 09:45:22,NKE,69.99,8,BID
2018-12-17 09:45:22,NKE,70.07,7,ASK
2018-12-17 09:45:22,NKE,69.99,8,BID
2018-12-17 09:45:22,NKE,70.07,7,ASK
2018-12-17 09:45:22,NKE,69.99,8,BID
2018-12-17 09:45:22,NKE,70.07,7,ASK
2018-12-17 09:45:22,NKE,69.99,8,BID
2018-12-17 09:45:22,NKE,70.07,7,ASK
2018-12-17 09:45:22,NKE,69.99,8,BID
2018-12-17 09:45:22,NKE,70.07,8,ASK
2018-12-17 09:45:28,NKE,70.01,1,BID
2018-12-17 09:45:22,NKE,70.07,8,ASK
2018-12-17 09:45:30,NKE,70.01,1,BID
2018-12-17 09:45:22,NKE,70.07,8,ASK
2018-12-17 09:45:30,NKE,70.01,1,BID
2018-12-17 09:45:22,NKE,70.07,8,ASK
2018-12-17 09:45:30,NKE,70.01,1,BID
2018-12-17 09:45:22,NKE,70.07,8,ASK
2018-12-17 09:45:33,NKE,70.01,1,BID
2018-12-17 09:45:22,NKE,70.07,9,ASK
2018-12-17 09:45:33,NKE,70.01,1,BID
2018-12-17 09:45:22,NKE,70.07,9,ASK
2018-12-17 09:45:34,NKE,70.01,2,BID
2018-12-17 09:45:22,NKE,70.07,8,ASK
2018-12-17 09:45:35,NKE,70.07,5,BID
2018-12-17 09:45:35,NKE,70.11,5,ASK
2018-12-17 09:45:35,NKE,70.07,3,BID
2018-12-17 09:45:35,NKE,70.11,5,ASK
2018-12-17 09:45:37,NKE,70.06,4,BID
2018-12-17 09:45:37,NKE,70.1,1,ASK
2018-12-17 09:45:38,NKE,70.06,4,BID
2018-12-17 09:45:38,NKE,70.11,7,ASK
2018-12-17 09:45:38,NKE,70.06,4,BID
2018-12-17 09:45:38,NKE,70.11,7,ASK
2018-12-17 09:45:41,NKE,70.06,5,BID
2018-12-17 09:45:41,NKE,70.1,1,ASK
2018-12-17 09:45:41,NKE,70.06,5,BID
2018-12-17 09:45:42,NKE,70.1,3,ASK
2018-12-17 09:45:41,NKE,70.06,5,BID
2018-12-17 09:45:42,NKE,70.1,4,ASK
2018-12-17 09:45:41,NKE,70.06,5,BID
2018-12-17 09:45:42,NKE,70.1,4,ASK
2018-12-17 09:45:41,NKE,70.06,5,BID
2018-12-17 09:45:42,NKE,70.1,4,ASK
2018-12-17 09:45:41,NKE,70.06,5,BID
2018-12-17 09:45:46,NKE,70.09,1,ASK
2018-12-17 09:45:47,NKE,70.02,1,BID
2018-12-17 09:45:47,NKE,70.07,2,ASK
2018-12-17 09:45:48,NKE,70.02,2,BID
2018-12-17 09:45:48,NKE,70.1,6,ASK
2018-12-17 09:45:49,NKE,70.02,2,BID
2018-12-17 09:45:49,NKE,70.09,1,ASK
2018-12-17 09:45:49,NKE,70.02,2,BID
2018-12-17 09:45:49,NKE,70.07,1,ASK
2018-12-17 09:45:49,NKE,70.02,2,BID
2018-12-17 09:45:49,NKE,70.07,1,ASK
2018-12-17 09:45:49,NKE,70.02,2,BID
2018-12-17 09:45:49,NKE,70.07,1,ASK
2018-12-17 09:45:49,NKE,70.02,2,BID
2018-12-17 09:45:49,NKE,70.07,1,ASK
2018-12-17 09:45:49,NKE,70.02,2,BID
2018-12-17 09:45:49,NKE,70.07,1,ASK
2018-12-17 09:45:54,NKE,70.02,2,BID
2018-12-17 09:45:54,NKE,70.07,3,ASK
2018-12-17 09:45:55,NKE,70.01,6,BID
2018-12-17 09:45:55,NKE,70.04,4,ASK
2018-12-17 09:45:55,NKE,70.01,6,BID
2018-12-17 09:45:55,NKE,70.04,7,ASK
2018-12-17 09:45:55,NKE,70.01,6,BID
2018-12-17 09:45:55,NKE,70.04,9,ASK
2018-12-17 09:45:55,NKE,70.01,6,BID
2018-12-17 09:45:55,NKE,70.04,9,ASK
2018-12-17 09:45:55,NKE,70.01,6,BID
2018-12-17 09:45:55,NKE,70.04,9,ASK
2018-12-17 09:46:01,NKE,69.99,10,BID
2018-12-17 09:46:01,NKE,70.01,7,ASK
2018-12-17 09:46:01,NKE,70.0,3,BID
2018-12-17 09:46:01,NKE,70.02,8,ASK
2018-12-17 09:46:02,NKE,70.0,2,BID
2018-12-17 09:46:02,NKE,70.02,8,ASK
2018-12-17 09:46:04,NKE,70.01,5,BID
2018-12-17 09:46:04,NKE,70.04,12,ASK
2018-12-17 09:46:04,NKE,70.01,5,BID
2018-12-17 09:46:04,NKE,70.04,12,ASK
2018-12-17 09:46:06,NKE,70.0,4,BID
2018-12-17 09:46:06,NKE,70.04,7,ASK
2018-12-17 09:46:07,NKE,70.0,6,BID
2018-12-17 09:46:07,NKE,70.04,7,ASK
2018-12-17 09:46:07,NKE,70.0,6,BID
2018-12-17 09:46:07,NKE,70.04,7,ASK
2018-12-17 09:46:08,NKE,69.98,6,BID
2018-12-17 09:46:09,NKE,70.02,3,ASK
2018-12-17 09:46:10,NKE,70.0,1,BID
2018-12-17 09:46:10,NKE,70.02,3,ASK
2018-12-17 09:46:10,NKE,70.0,1,BID
2018-12-17 09:46:10,NKE,70.02,3,ASK
2018-12-17 09:46:10,NKE,70.0,1,BID
2018-12-17 09:46:10,NKE,70.02,3,ASK
2018-12-17 09:46:13,NKE,70.0,2,BID
2018-12-17 09:46:10,NKE,70.02,4,ASK
2018-12-17 09:46:13,NKE,70.0,2,BID
2018-12-17 09:46:10,NKE,70.02,4,ASK
2018-12-17 09:46:15,NKE,70.01,3,BID
2018-12-17 09:45:55,NKE,70.04,7,ASK
2018-12-17 09:46:16,NKE,70.01,3,BID
2018-12-17 09:45:55,NKE,70.04,8,ASK
2018-12-17 09:46:16,NKE,70.01,2,BID
2018-12-17 09:46:17,NKE,70.03,6,ASK
2018-12-17 09:46:16,NKE,70.01,2,BID
2018-12-17 09:46:17,NKE,70.03,6,ASK
2018-12-17 09:46:19,NKE,70.01,4,BID
2018-12-17 09:46:19,NKE,70.03,6,ASK
2018-12-17 09:46:19,NKE,70.01,4,BID
2018-12-17 09:46:19,NKE,70.03,5,ASK
2018-12-17 09:46:21,NKE,70.01,4,BID
2018-12-17 09:46:21,NKE,70.02,1,ASK
2018-12-17 09:46:10,NKE,69.99,4,BID
2018-12-17 09:46:22,NKE,70.01,1,ASK
2018-12-17 09:46:22,NKE,70.0,3,BID
2018-12-17 09:46:22,NKE,70.03,2,ASK
2018-12-17 09:46:23,NKE,70.0,3,BID
2018-12-17 09:46:23,NKE,70.03,3,ASK
2018-12-17 09:46:25,NKE,70.0,6,BID
2018-12-17 09:46:25,NKE,70.03,7,ASK
2018-12-17 09:46:26,NKE,70.0,3,BID
2018-12-17 09:46:26,NKE,70.02,5,ASK
2018-12-17 09:46:27,NKE,70.02,4,BID
2018-12-17 09:46:27,NKE,70.03,1,ASK
2018-12-17 09:46:28,NKE,70.02,3,BID
2018-12-17 09:45:55,NKE,70.04,7,ASK
2018-12-17 09:46:28,NKE,70.02,3,BID
2018-12-17 09:45:55,NKE,70.04,7,ASK
2018-12-17 09:46:30,NKE,70.0,3,BID
2018-12-17 09:45:55,NKE,70.04,7,ASK
2018-12-17 09:46:31,NKE,70.02,5,BID
2018-12-17 09:46:31,NKE,70.05,3,ASK
2018-12-17 09:46:31,NKE,70.04,1,BID
2018-12-17 09:46:31,NKE,70.09,3,ASK
2018-12-17 09:46:32,NKE,70.03,1,BID
2018-12-17 09:46:32,NKE,70.08,2,ASK
2018-12-17 09:46:32,NKE,70.04,2,BID
2018-12-17 09:46:32,NKE,70.07,1,ASK
2018-12-17 09:46:33,NKE,70.04,1,BID
2018-12-17 09:46:33,NKE,70.07,1,ASK
2018-12-17 09:46:34,NKE,70.05,3,BID
2018-12-17 09:46:34,NKE,70.08,1,ASK
2018-12-17 09:46:36,NKE,70.07,5,BID
2018-12-17 09:46:36,NKE,70.1,5,ASK
2018-12-17 09:46:37,NKE,70.05,4,BID
2018-12-17 09:46:37,NKE,70.09,6,ASK
2018-12-17 09:46:37,NKE,70.05,4,BID
2018-12-17 09:46:37,NKE,70.09,6,ASK
2018-12-17 09:46:40,NKE,70.05,4,BID
2018-12-17 09:46:40,NKE,70.09,7,ASK
2018-12-17 09:46:41,NKE,70.04,1,BID
2018-12-17 09:46:41,NKE,70.08,1,ASK
2018-12-17 09:46:42,NKE,70.04,2,BID
2018-12-17 09:46:42,NKE,70.07,3,ASK
2018-12-17 09:46:43,NKE,70.05,4,BID
2018-12-17 09:46:43,NKE,70.08,3,ASK
2018-12-17 09:46:44,NKE,70.04,5,BID
2018-12-17 09:46:44,NKE,70.07,2,ASK
2018-12-17 09:46:44,NKE,70.04,5,BID
2018-12-17 09:46:45,NKE,70.07,2,ASK
2018-12-17 09:46:44,NKE,70.04,5,BID
2018-12-17 09:46:45,NKE,70.07,2,ASK
2018-12-17 09:46:44,NKE,70.04,5,BID
2018-12-17 09:46:45,NKE,70.07,2,ASK
2018-12-17 09:46:48,NKE,70.03,7,BID
2018-12-17 09:46:48,NKE,70.07,5,ASK
2018-12-17 09:46:48,NKE,70.03,7,BID
2018-12-17 09:46:48,NKE,70.07,5,ASK
2018-12-17 09:46:48,NKE,70.03,7,BID
2018-12-17 09:46:48,NKE,70.07,5,ASK
2018-12-17 09:46:48,NKE,70.03,7,BID
2018-12-17 09:46:51,NKE,70.06,1,ASK
2018-12-17 09:46:52,NKE,70.02,5,BID
2018-12-17 09:46:52,NKE,70.04,1,ASK
2018-12-17 09:46:52,NKE,70.02,5,BID
2018-12-17 09:46:53,NKE,70.04,1,ASK
2018-12-17 09:46:54,NKE,70.04,4,BID
2018-12-17 09:46:54,NKE,70.07,6,ASK
2018-12-17 09:46:55,NKE,70.04,4,BID
2018-12-17 09:46:54,NKE,70.07,6,ASK
2018-12-17 09:46:56,NKE,70.06,5,BID
2018-12-17 09:46:41,NKE,70.09,8,ASK
2018-12-17 09:46:57,NKE,70.07,1,BID
2018-12-17 09:46:36,NKE,70.1,6,ASK
2018-12-17 09:46:58,NKE,70.07,2,BID
2018-12-17 09:45:04,NKE,70.11,8,ASK
2018-12-17 09:46:59,NKE,70.07,3,BID
2018-12-17 09:45:04,NKE,70.11,8,ASK
2018-12-17 09:47:00,NKE,70.07,3,BID
2018-12-17 09:45:04,NKE,70.11,8,ASK
2018-12-17 09:47:01,NKE,70.06,5,BID
2018-12-17 09:47:01,NKE,70.09,1,ASK
2018-12-17 09:47:02,NKE,70.07,4,BID
2018-12-17 09:47:02,NKE,70.1,1,ASK
2018-12-17 09:47:03,NKE,70.07,1,BID
2018-12-17 09:45:04,NKE,70.11,9,ASK
2018-12-17 09:47:03,NKE,70.07,1,BID
2018-12-17 09:45:04,NKE,70.11,9,ASK
2018-12-17 09:47:05,NKE,70.1,3,BID
2018-12-17 09:47:05,NKE,70.13,3,ASK
2018-12-17 09:47:06,NKE,70.11,1,BID
2018-12-17 09:47:06,NKE,70.14,2,ASK
2018-12-17 09:47:07,NKE,70.1,5,BID
2018-12-17 09:47:07,NKE,70.15,10,ASK
2018-12-17 09:47:08,NKE,70.1,5,BID
2018-12-17 09:47:08,NKE,70.15,11,ASK
2018-12-17 09:47:09,NKE,70.09,5,BID
2018-12-17 09:47:09,NKE,70.12,1,ASK
2018-12-17 09:47:10,NKE,70.06,5,BID
2018-12-17 09:47:10,NKE,70.1,6,ASK
2018-12-17 09:47:10,NKE,70.06,5,BID
2018-12-17 09:47:10,NKE,70.1,6,ASK
2018-12-17 09:47:10,NKE,70.06,5,BID
2018-12-17 09:47:10,NKE,70.1,6,ASK
2018-12-17 09:46:56,NKE,70.06,5,BID
2018-12-17 09:47:10,NKE,70.1,6,ASK
2018-12-17 09:46:56,NKE,70.06,5,BID
2018-12-17 09:47:10,NKE,70.1,6,ASK
2018-12-17 09:46:56,NKE,70.06,5,BID
2018-12-17 09:47:10,NKE,70.1,6,ASK
2018-12-17 09:46:56,NKE,70.06,5,BID
2018-12-17 09:47:10,NKE,70.1,6,ASK
2018-12-17 09:46:56,NKE,70.06,5,BID
2018-12-17 09:47:10,NKE,70.1,6,ASK
2018-12-17 09:47:18,NKE,70.03,5,BID
2018-12-17 09:47:18,NKE,70.07,3,ASK
2018-12-17 09:47:18,NKE,70.03,5,BID
2018-12-17 09:47:18,NKE,70.07,3,ASK
2018-12-17 09:47:20,NKE,70.03,5,BID
2018-12-17 09:47:20,NKE,70.07,5,ASK
2018-12-17 09:47:21,NKE,70.0,6,BID
2018-12-17 09:47:21,NKE,70.04,1,ASK
2018-12-17 09:47:21,NKE,70.0,6,BID
2018-12-17 09:47:22,NKE,70.04,3,ASK
2018-12-17 09:47:21,NKE,70.0,6,BID
2018-12-17 09:47:22,NKE,70.04,3,ASK
2018-12-17 09:47:21,NKE,70.0,6,BID
2018-12-17 09:47:24,NKE,70.04,3,ASK
2018-12-17 09:47:25,NKE,70.0,6,BID
2018-12-17 09:47:25,NKE,70.04,5,ASK
2018-12-17 09:46:08,NKE,69.98,6,BID
2018-12-17 09:47:26,NKE,70.0,1,ASK
2018-12-17 09:47:27,NKE,69.97,2,BID
2018-12-17 09:47:27,NKE,70.02,8,ASK
2018-12-17 09:47:28,NKE,69.97,3,BID
2018-12-17 09:47:28,NKE,70.01,3,ASK
2018-12-17 09:47:28,NKE,69.97,4,BID
2018-12-17 09:47:29,NKE,70.0,3,ASK
2018-12-17 09:47:30,NKE,69.97,4,BID
2018-12-17 09:47:30,NKE,70.0,3,ASK
2018-12-17 09:47:31,NKE,69.94,7,BID
2018-12-17 09:47:31,NKE,69.98,3,ASK
2018-12-17 09:47:32,NKE,69.94,8,BID
2018-12-17 09:47:32,NKE,69.98,2,ASK
2018-12-17 09:47:32,NKE,69.94,8,BID
2018-12-17 09:47:32,NKE,69.98,2,ASK
2018-12-17 09:47:32,NKE,69.94,8,BID
2018-12-17 09:47:32,NKE,69.98,2,ASK
2018-12-17 09:47:35,NKE,69.95,1,BID
2018-12-17 09:47:35,NKE,69.98,3,ASK
2018-12-17 09:47:35,NKE,69.95,1,BID
2018-12-17 09:47:35,NKE,69.98,3,ASK
2018-12-17 09:47:37,NKE,69.95,4,BID
2018-12-17 09:47:37,NKE,69.98,2,ASK
2018-12-17 09:47:37,NKE,69.95,4,BID
2018-12-17 09:47:37,NKE,69.98,2,ASK
2018-12-17 09:47:39,NKE,69.96,2,BID
2018-12-17 09:47:39,NKE,69.98,2,ASK
2018-12-17 09:47:40,NKE,69.95,4,BID
2018-12-17 09:47:40,NKE,69.98,3,ASK
2018-12-17 09:47:41,NKE,69.95,4,BID
2018-12-17 09:47:41,NKE,69.97,1,ASK
2018-12-17 09:47:41,NKE,69.95,4,BID
2018-12-17 09:47:41,NKE,69.97,1,ASK
2018-12-17 09:47:43,NKE,69.93,5,BID
2018-12-17 09:47:43,NKE,69.96,4,ASK
2018-12-17 09:47:43,NKE,69.93,5,BID
2018-12-17 09:47:43,NKE,69.96,4,ASK
2018-12-17 09:47:43,NKE,69.93,5,BID
2018-12-17 09:47:43,NKE,69.96,4,ASK
2018-12-17 09:47:43,NKE,69.93,5,BID
2018-12-17 09:47:43,NKE,69.96,4,ASK
2018-12-17 09:47:47,NKE,69.95,4,BID
2018-12-17 09:47:47,NKE,69.99,1,ASK
2018-12-17 09:47:48,NKE,69.96,1,BID
2018-12-17 09:47:47,NKE,70.0,7,ASK
2018-12-17 09:47:49,NKE,69.93,1,BID
2018-12-17 09:47:49,NKE,69.99,2,ASK
2018-12-17 09:47:50,NKE,69.95,1,BID
2018-12-17 09:47:50,NKE,70.0,2,ASK
2018-12-17 09:47:51,NKE,69.95,3,BID
2018-12-17 09:47:51,NKE,70.0,2,ASK
2018-12-17 09:47:53,NKE,69.95,3,BID
2018-12-17 09:47:53,NKE,70.0,3,ASK
2018-12-17 09:47:53,NKE,69.95,3,BID
2018-12-17 09:47:53,NKE,69.98,1,ASK
2018-12-17 09:47:54,NKE,69.94,1,BID
2018-12-17 09:47:54,NKE,69.98,3,ASK
2018-12-17 09:47:55,NKE,69.94,1,BID
2018-12-17 09:47:55,NKE,69.98,5,ASK
2018-12-17 09:47:57,NKE,69.94,6,BID
2018-12-17 09:47:55,NKE,69.98,5,ASK
2018-12-17 09:47:57,NKE,69.94,6,BID
2018-12-17 09:47:55,NKE,69.98,5,ASK
2018-12-17 09:47:57,NKE,69.94,6,BID
2018-12-17 09:47:55,NKE,69.98,5,ASK
2018-12-17 09:47:59,NKE,69.94,6,BID
2018-12-17 09:47:55,NKE,69.98,5,ASK
2018-12-17 09:48:00,NKE,69.94,5,BID
2018-12-17 09:48:00,NKE,69.97,1,ASK
2018-12-17 09:48:00,NKE,69.94,5,BID
2018-12-17 09:48:00,NKE,69.97,1,ASK
2018-12-17 09:48:00,NKE,69.94,5,BID
2018-12-17 09:48:00,NKE,69.97,1,ASK
2018-12-17 09:48:00,NKE,69.94,5,BID
2018-12-17 09:48:00,NKE,69.97,1,ASK
2018-12-17 09:48:00,NKE,69.94,5,BID
2018-12-17 09:48:00,NKE,69.97,1,ASK
2018-12-17 09:48:05,NKE,69.92,3,BID
2018-12-17 09:48:05,NKE,69.96,1,ASK
2018-12-17 09:48:07,NKE,69.92,4,BID
2018-12-17 09:48:07,NKE,69.97,5,ASK
2018-12-17 09:48:07,NKE,69.92,4,BID
2018-12-17 09:48:07,NKE,69.97,5,ASK
2018-12-17 09:48:07,NKE,69.92,4,BID
2018-12-17 09:48:07,NKE,69.97,5,ASK
2018-12-17 09:48:09,NKE,69.92,5,BID
2018-12-17 09:48:09,NKE,69.96,2,ASK
2018-12-17 09:48:09,NKE,69.92,5,BID
2018-12-17 09:48:09,NKE,69.96,2,ASK
2018-12-17 09:48:11,NKE,69.92,5,BID
2018-12-17 09:48:11,NKE,69.96,3,ASK
2018-12-17 09:48:12,NKE,69.92,5,BID
2018-12-17 09:48:12,NKE,69.95,1,ASK
2018-12-17 09:48:14,NKE,69.93,6,BID
2018-12-17 09:48:14,NKE,69.96,3,ASK
2018-12-17 09:48:14,NKE,69.91,5,BID
2018-12-17 09:48:15,NKE,69.93,3,ASK
2018-12-17 09:48:15,NKE,69.9,5,BID
2018-12-17 09:48:15,NKE,69.93,2,ASK
2018-12-17 09:48:17,NKE,69.88,2,BID
2018-12-17 09:48:17,NKE,69.92,2,ASK
2018-12-17 09:48:17,NKE,69.88,2,BID
2018-12-17 09:48:17,NKE,69.92,2,ASK
2018-12-17 09:48:19,NKE,69.9,2,BID
2018-12-17 09:48:19,NKE,69.92,2,ASK
2018-12-17 09:48:19,NKE,69.9,4,BID
2018-12-17 09:48:19,NKE,69.92,1,ASK
2018-12-17 09:48:19,NKE,69.9,4,BID
2018-12-17 09:48:19,NKE,69.92,1,ASK
2018-12-17 09:48:21,NKE,69.9,4,BID
2018-12-17 09:48:21,NKE,69.92,2,ASK
2018-12-17 09:48:21,NKE,69.9,4,BID
2018-12-17 09:48:21,NKE,69.92,2,ASK
2018-12-17 09:48:24,NKE,69.9,4,BID
2018-12-17 09:48:24,NKE,69.92,2,ASK
2018-12-17 09:48:24,NKE,69.94,2,BID
2018-12-17 09:48:24,NKE,69.96,1,ASK
2018-12-17 09:48:24,NKE,69.94,2,BID
2018-12-17 09:48:24,NKE,69.96,1,ASK
2018-12-17 09:48:26,NKE,69.91,3,BID
2018-12-17 09:48:26,NKE,69.95,3,ASK
2018-12-17 09:48:28,NKE,69.86,1,BID
2018-12-17 09:48:28,NKE,69.9,7,ASK
2018-12-17 09:48:28,NKE,69.83,2,BID
2018-12-17 09:48:28,NKE,69.89,1,ASK
2018-12-17 09:48:29,NKE,69.83,3,BID
2018-12-17 09:48:30,NKE,69.89,3,ASK
2018-12-17 09:48:30,NKE,69.82,1,BID
2018-12-17 09:48:30,NKE,69.86,2,ASK
2018-12-17 09:48:32,NKE,69.86,2,BID
2018-12-17 09:48:32,NKE,69.89,3,ASK
2018-12-17 09:48:32,NKE,69.86,2,BID
2018-12-17 09:48:32,NKE,69.89,3,ASK
2018-12-17 09:48:33,NKE,69.86,4,BID
2018-12-17 09:48:33,NKE,69.89,4,ASK
2018-12-17 09:48:33,NKE,69.86,4,BID
2018-12-17 09:48:33,NKE,69.89,4,ASK
2018-12-17 09:48:33,NKE,69.86,4,BID
2018-12-17 09:48:33,NKE,69.89,4,ASK
2018-12-17 09:48:36,NKE,69.88,2,BID
2018-12-17 09:48:37,NKE,69.92,2,ASK
2018-12-17 09:48:37,NKE,69.88,2,BID
2018-12-17 09:48:37,NKE,69.92,5,ASK
2018-12-17 09:48:38,NKE,69.84,3,BID
2018-12-17 09:48:39,NKE,69.89,3,ASK
2018-12-17 09:48:38,NKE,69.84,3,BID
2018-12-17 09:48:39,NKE,69.89,3,ASK
2018-12-17 09:48:41,NKE,69.81,3,BID
2018-12-17 09:48:41,NKE,69.84,1,ASK
2018-12-17 09:48:42,NKE,69.81,1,BID
2018-12-17 09:48:42,NKE,69.85,3,ASK
2018-12-17 09:48:43,NKE,69.85,5,BID
2018-12-17 09:48:43,NKE,69.89,6,ASK
2018-12-17 09:48:43,NKE,69.85,5,BID
2018-12-17 09:48:43,NKE,69.89,6,ASK
2018-12-17 09:48:43,NKE,69.85,5,BID
2018-12-17 09:48:43,NKE,69.89,6,ASK
2018-12-17 09:48:45,NKE,69.85,5,BID
2018-12-17 09:48:43,NKE,69.89,7,ASK
2018-12-17 09:48:45,NKE,69.85,5,BID
2018-12-17 09:48:43,NKE,69.89,7,ASK
2018-12-17 09:48:47,NKE,69.85,5,BID
2018-12-17 09:48:43,NKE,69.89,7,ASK
2018-12-17 09:48:47,NKE,69.85,5,BID
2018-12-17 09:48:43,NKE,69.89,7,ASK
2018-12-17 09:48:50,NKE,69.81,4,BID
2018-12-17 09:48:50,NKE,69.87,1,ASK
2018-12-17 09:48:50,NKE,69.81,4,BID
2018-12-17 09:48:50,NKE,69.87,1,ASK
2018-12-17 09:48:52,NKE,69.81,4,BID
2018-12-17 09:48:52,NKE,69.87,3,ASK
2018-12-17 09:48:52,NKE,69.81,4,BID
2018-12-17 09:48:52,NKE,69.87,3,ASK
2018-12-17 09:48:54,NKE,69.81,7,BID
2018-12-17 09:48:53,NKE,69.87,4,ASK
2018-12-17 09:48:54,NKE,69.81,7,BID
2018-12-17 09:48:53,NKE,69.87,4,ASK
2018-12-17 09:48:54,NKE,69.81,7,BID
2018-12-17 09:48:53,NKE,69.87,4,ASK
2018-12-17 09:48:54,NKE,69.81,7,BID
2018-12-17 09:48:53,NKE,69.87,4,ASK
2018-12-17 09:48:57,NKE,69.81,7,BID
2018-12-17 09:48:53,NKE,69.87,4,ASK
2018-12-17 09:48:57,NKE,69.81,7,BID
2018-12-17 09:48:53,NKE,69.87,4,ASK
2018-12-17 09:49:00,NKE,69.82,5,BID
2018-12-17 09:49:00,NKE,69.87,2,ASK
2018-12-17 09:49:00,NKE,69.82,5,BID
2018-12-17 09:49:00,NKE,69.87,2,ASK
2018-12-17 09:49:01,NKE,69.82,5,BID
2018-12-17 09:49:01,NKE,69.87,3,ASK
2018-12-17 09:49:02,NKE,69.88,2,BID
2018-12-17 09:49:02,NKE,69.89,4,ASK
2018-12-17 09:49:03,NKE,69.85,2,BID
2018-12-17 09:49:03,NKE,69.89,4,ASK
2018-12-17 09:49:03,NKE,69.85,4,BID
2018-12-17 09:49:03,NKE,69.89,4,ASK
2018-12-17 09:49:04,NKE,69.85,4,BID
2018-12-17 09:49:02,NKE,69.92,9,ASK
2018-12-17 09:49:04,NKE,69.85,4,BID
2018-12-17 09:49:02,NKE,69.92,9,ASK
2018-12-17 09:49:05,NKE,69.85,7,BID
2018-12-17 09:49:02,NKE,69.92,9,ASK
2018-12-17 09:49:06,NKE,69.85,9,BID
2018-12-17 09:49:06,NKE,69.91,1,ASK
2018-12-17 09:49:08,NKE,69.88,2,BID
2018-12-17 09:49:02,NKE,69.92,8,ASK
2018-12-17 09:49:09,NKE,69.88,2,BID
2018-12-17 09:49:09,NKE,69.91,1,ASK
2018-12-17 09:49:09,NKE,69.88,2,BID
2018-12-17 09:49:09,NKE,69.91,1,ASK
2018-12-17 09:49:10,NKE,69.88,2,BID
2018-12-17 09:49:10,NKE,69.91,1,ASK
2018-12-17 09:49:12,NKE,69.85,8,BID
2018-12-17 09:49:12,NKE,69.88,1,ASK
2018-12-17 09:49:13,NKE,69.85,8,BID
2018-12-17 09:49:13,NKE,69.89,3,ASK
2018-12-17 09:49:15,NKE,69.85,8,BID
2018-12-17 09:49:15,NKE,69.88,1,ASK
2018-12-17 09:49:16,NKE,69.85,9,BID
2018-12-17 09:49:16,NKE,69.88,4,ASK
2018-12-17 09:49:17,NKE,69.83,1,BID
2018-12-17 09:49:17,NKE,69.88,4,ASK
2018-12-17 09:49:17,NKE,69.83,1,BID
2018-12-17 09:49:17,NKE,69.88,4,ASK
2018-12-17 09:49:19,NKE,69.83,6,BID
2018-12-17 09:49:19,NKE,69.88,4,ASK
2018-12-17 09:49:20,NKE,69.83,6,BID
2018-12-17 09:49:20,NKE,69.88,4,ASK
2018-12-17 09:49:20,NKE,69.83,11,BID
2018-12-17 09:49:20,NKE,69.86,3,ASK
2018-12-17 09:49:20,NKE,69.83,11,BID
2018-12-17 09:49:21,NKE,69.86,3,ASK
2018-12-17 09:49:20,NKE,69.83,11,BID
2018-12-17 09:49:21,NKE,69.86,3,ASK
2018-12-17 09:49:20,NKE,69.83,9,BID
2018-12-17 09:49:22,NKE,69.86,3,ASK
2018-12-17 09:49:23,NKE,69.8,379,BID
2018-12-17 09:49:23,NKE,69.84,1,ASK
2018-12-17 09:49:24,NKE,69.8,332,BID
2018-12-17 09:49:24,NKE,69.84,9,ASK
2018-12-17 09:49:24,NKE,69.8,278,BID
2018-12-17 09:49:24,NKE,69.84,12,ASK
2018-12-17 09:49:25,NKE,69.8,279,BID
2018-12-17 09:49:25,NKE,69.87,4,ASK
2018-12-17 09:49:26,NKE,69.83,1,BID
2018-12-17 09:49:15,NKE,69.89,4,ASK
2018-12-17 09:49:26,NKE,69.83,3,BID
2018-12-17 09:49:15,NKE,69.89,4,ASK
2018-12-17 09:49:27,NKE,69.83,2,BID
2018-12-17 09:49:15,NKE,69.89,4,ASK
2018-12-17 09:49:27,NKE,69.83,2,BID
2018-12-17 09:49:27,NKE,69.88,1,ASK
2018-12-17 09:49:28,NKE,69.83,4,BID
2018-12-17 09:49:28,NKE,69.89,8,ASK
2018-12-17 09:49:28,NKE,69.83,4,BID
2018-12-17 09:49:28,NKE,69.89,8,ASK
2018-12-17 09:49:28,NKE,69.83,4,BID
2018-12-17 09:49:28,NKE,69.89,8,ASK
2018-12-17 09:49:28,NKE,69.83,4,BID
2018-12-17 09:49:29,NKE,69.89,8,ASK
2018-12-17 09:49:28,NKE,69.83,4,BID
2018-12-17 09:49:30,NKE,69.88,1,ASK
2018-12-17 09:49:31,NKE,69.83,3,BID
2018-12-17 09:49:31,NKE,69.88,1,ASK
2018-12-17 09:49:33,NKE,69.83,5,BID
2018-12-17 09:49:33,NKE,69.88,1,ASK
2018-12-17 09:49:33,NKE,69.83,5,BID
2018-12-17 09:49:33,NKE,69.88,1,ASK
2018-12-17 09:49:33,NKE,69.83,5,BID
2018-12-17 09:49:34,NKE,69.88,3,ASK
2018-12-17 09:49:35,NKE,69.83,5,BID
2018-12-17 09:49:35,NKE,69.88,3,ASK
2018-12-17 09:49:35,NKE,69.83,5,BID
2018-12-17 09:49:36,NKE,69.88,5,ASK
2018-12-17 09:49:35,NKE,69.83,5,BID
2018-12-17 09:49:36,NKE,69.88,5,ASK
2018-12-17 09:49:40,NKE,69.81,4,BID
2018-12-17 09:49:41,NKE,69.85,2,ASK
2018-12-17 09:49:42,NKE,69.8,278,BID
2018-12-17 09:49:42,NKE,69.84,3,ASK
2018-12-17 09:49:44,NKE,69.8,278,BID
2018-12-17 09:49:44,NKE,69.84,4,ASK
2018-12-17 09:49:46,NKE,69.69,11,BID
2018-12-17 09:49:46,NKE,69.72,2,ASK
2018-12-17 09:49:47,NKE,69.66,4,BID
2018-12-17 09:49:47,NKE,69.73,7,ASK
2018-12-17 09:49:49,NKE,69.67,1,BID
2018-12-17 09:49:49,NKE,69.73,7,ASK
2018-12-17 09:49:51,NKE,69.67,3,BID
2018-12-17 09:49:51,NKE,69.73,7,ASK
2018-12-17 09:49:52,NKE,69.73,2,BID
2018-12-17 09:49:52,NKE,69.77,2,ASK
2018-12-17 09:49:53,NKE,69.74,7,BID
2018-12-17 09:49:53,NKE,69.78,5,ASK
2018-12-17 09:49:55,NKE,69.76,1,BID
2018-12-17 09:49:55,NKE,69.8,5,ASK
2018-12-17 09:49:55,NKE,69.76,1,BID
2018-12-17 09:49:55,NKE,69.8,5,ASK
2018-12-17 09:49:57,NKE,69.78,6,BID
2018-12-17 09:49:57,NKE,69.83,1,ASK
2018-12-17 09:49:58,NKE,69.81,5,BID
2018-12-17 09:49:58,NKE,69.84,8,ASK
2018-12-17 09:49:58,NKE,69.81,5,BID
2018-12-17 09:49:58,NKE,69.83,2,ASK
2018-12-17 09:50:00,NKE,69.76,2,BID
2018-12-17 09:50:00,NKE,69.8,1,ASK
2018-12-17 09:50:00,NKE,69.76,3,BID
2018-12-17 09:50:00,NKE,69.8,3,ASK
2018-12-17 09:50:02,NKE,69.71,5,BID
2018-12-17 09:50:02,NKE,69.77,4,ASK
2018-12-17 09:50:03,NKE,69.72,2,BID
2018-12-17 09:50:03,NKE,69.77,4,ASK
2018-12-17 09:50:03,NKE,69.72,5,BID
2018-12-17 09:50:03,NKE,69.76,2,ASK
2018-12-17 09:50:05,NKE,69.72,5,BID
2018-12-17 09:50:04,NKE,69.77,6,ASK
2018-12-17 09:50:06,NKE,69.72,6,BID
2018-12-17 09:50:06,NKE,69.76,2,ASK
2018-12-17 09:50:06,NKE,69.67,5,BID
2018-12-17 09:50:06,NKE,69.73,4,ASK
2018-12-17 09:50:08,NKE,69.69,4,BID
2018-12-17 09:50:08,NKE,69.73,3,ASK
2018-12-17 09:50:09,NKE,69.69,5,BID
2018-12-17 09:50:09,NKE,69.73,4,ASK
2018-12-17 09:50:10,NKE,69.71,3,BID
2018-12-17 09:50:10,NKE,69.74,4,ASK
2018-12-17 09:50:10,NKE,69.71,3,BID
2018-12-17 09:50:11,NKE,69.75,8,ASK
2018-12-17 09:50:12,NKE,69.71,3,BID
2018-12-17 09:50:12,NKE,69.75,10,ASK
2018-12-17 09:50:12,NKE,69.71,3,BID
2018-12-17 09:50:11,NKE,69.75,10,ASK
2018-12-17 09:50:12,NKE,69.71,3,BID
2018-12-17 09:50:11,NKE,69.75,10,ASK
2018-12-17 09:50:12,NKE,69.71,3,BID
2018-12-17 09:50:11,NKE,69.75,10,ASK
2018-12-17 09:50:12,NKE,69.71,3,BID
2018-12-17 09:50:11,NKE,69.75,10,ASK
2018-12-17 09:50:17,NKE,69.66,1,BID
2018-12-17 09:50:17,NKE,69.73,4,ASK
2018-12-17 09:50:18,NKE,69.69,1,BID
2018-12-17 09:50:18,NKE,69.73,6,ASK
2018-12-17 09:50:19,NKE,69.69,1,BID
2018-12-17 09:50:19,NKE,69.73,7,ASK
2018-12-17 09:50:19,NKE,69.69,4,BID
2018-12-17 09:50:19,NKE,69.73,7,ASK
2018-12-17 09:50:19,NKE,69.69,4,BID
2018-12-17 09:50:19,NKE,69.73,7,ASK
2018-12-17 09:50:21,NKE,69.69,2,BID
2018-12-17 09:50:21,NKE,69.73,7,ASK
2018-12-17 09:50:22,NKE,69.69,3,BID
2018-12-17 09:50:21,NKE,69.73,8,ASK
2018-12-17 09:50:22,NKE,69.69,3,BID
2018-12-17 09:50:21,NKE,69.73,8,ASK
2018-12-17 09:50:25,NKE,69.65,2,BID
2018-12-17 09:50:25,NKE,69.69,2,ASK
2018-12-17 09:50:26,NKE,69.65,2,BID
2018-12-17 09:50:25,NKE,69.69,4,ASK
2018-12-17 09:50:26,NKE,69.65,2,BID
2018-12-17 09:50:25,NKE,69.69,4,ASK
2018-12-17 09:50:28,NKE,69.65,2,BID
2018-12-17 09:50:28,NKE,69.68,1,ASK
2018-12-17 09:50:28,NKE,69.65,2,BID
2018-12-17 09:50:28,NKE,69.68,1,ASK
2018-12-17 09:50:30,NKE,69.66,2,BID
2018-12-17 09:50:30,NKE,69.72,5,ASK
2018-12-17 09:50:31,NKE,69.68,3,BID
2018-12-17 09:50:31,NKE,69.72,6,ASK
2018-12-17 09:50:31,NKE,69.65,2,BID
2018-12-17 09:50:31,NKE,69.69,1,ASK
2018-12-17 09:50:33,NKE,69.66,1,BID
2018-12-17 09:50:33,NKE,69.71,2,ASK
2018-12-17 09:50:33,NKE,69.66,3,BID
2018-12-17 09:50:33,NKE,69.71,6,ASK
2018-12-17 09:50:35,NKE,69.67,7,BID
2018-12-17 09:50:35,NKE,69.71,5,ASK
2018-12-17 09:50:36,NKE,69.69,1,BID
2018-12-17 09:50:31,NKE,69.72,8,ASK
2018-12-17 09:50:37,NKE,69.68,9,BID
2018-12-17 09:50:31,NKE,69.72,6,ASK
2018-12-17 09:50:37,NKE,69.68,9,BID
2018-12-17 09:50:37,NKE,69.71,1,ASK
2018-12-17 09:50:39,NKE,69.73,2,BID
2018-12-17 09:50:39,NKE,69.76,3,ASK
2018-12-17 09:50:39,NKE,69.71,4,BID
2018-12-17 09:50:40,NKE,69.76,2,ASK
2018-12-17 09:50:41,NKE,69.71,5,BID
2018-12-17 09:50:41,NKE,69.76,2,ASK
2018-12-17 09:50:42,NKE,69.71,5,BID
2018-12-17 09:50:42,NKE,69.76,1,ASK
2018-12-17 09:50:43,NKE,69.71,5,BID
2018-12-17 09:50:43,NKE,69.75,2,ASK
2018-12-17 09:50:44,NKE,69.71,5,BID
2018-12-17 09:50:44,NKE,69.76,3,ASK
2018-12-17 09:50:45,NKE,69.71,7,BID
2018-12-17 09:50:45,NKE,69.75,1,ASK
2018-12-17 09:50:45,NKE,69.71,7,BID
2018-12-17 09:50:45,NKE,69.75,1,ASK
2018-12-17 09:50:46,NKE,69.71,12,BID
2018-12-17 09:50:47,NKE,69.76,3,ASK
2018-12-17 09:50:47,NKE,69.75,2,BID
2018-12-17 09:50:47,NKE,69.8,6,ASK
2018-12-17 09:50:48,NKE,69.75,4,BID
2018-12-17 09:50:47,NKE,69.8,5,ASK
2018-12-17 09:50:49,NKE,69.75,5,BID
2018-12-17 09:50:49,NKE,69.79,2,ASK
2018-12-17 09:50:51,NKE,69.77,9,BID
2018-12-17 09:50:51,NKE,69.82,3,ASK
2018-12-17 09:50:51,NKE,69.77,9,BID
2018-12-17 09:50:51,NKE,69.82,6,ASK
2018-12-17 09:50:53,NKE,69.77,10,BID
2018-12-17 09:50:52,NKE,69.82,4,ASK
2018-12-17 09:50:54,NKE,69.77,10,BID
2018-12-17 09:50:54,NKE,69.81,1,ASK
2018-12-17 09:50:54,NKE,69.77,10,BID
2018-12-17 09:50:54,NKE,69.81,1,ASK
2018-12-17 09:50:54,NKE,69.77,10,BID
2018-12-17 09:50:54,NKE,69.81,1,ASK
2018-12-17 09:50:54,NKE,69.77,10,BID
2018-12-17 09:50:54,NKE,69.81,1,ASK
2018-12-17 09:50:58,NKE,69.8,3,BID
2018-12-17 09:50:58,NKE,69.83,1,ASK
2018-12-17 09:50:58,NKE,69.8,3,BID
2018-12-17 09:50:59,NKE,69.83,4,ASK
2018-12-17 09:51:00,NKE,69.8,5,BID
2018-12-17 09:49:44,NKE,69.84,9,ASK
2018-12-17 09:51:01,NKE,69.8,5,BID
2018-12-17 09:51:01,NKE,69.84,10,ASK
2018-12-17 09:51:01,NKE,69.8,5,BID
2018-12-17 09:51:01,NKE,69.84,10,ASK
2018-12-17 09:51:03,NKE,69.8,5,BID
2018-12-17 09:51:03,NKE,69.84,11,ASK
2018-12-17 09:51:04,NKE,69.8,5,BID
2018-12-17 09:51:04,NKE,69.83,1,ASK
2018-12-17 09:51:05,NKE,69.78,4,BID
2018-12-17 09:51:05,NKE,69.81,2,ASK
2018-12-17 09:51:05,NKE,69.78,4,BID
2018-12-17 09:51:05,NKE,69.81,2,ASK
2018-12-17 09:51:07,NKE,69.75,8,BID
2018-12-17 09:51:07,NKE,69.79,3,ASK
2018-12-17 09:50:47,NKE,69.71,14,BID
2018-12-17 09:51:08,NKE,69.75,1,ASK
2018-12-17 09:51:09,NKE,69.71,15,BID
2018-12-17 09:51:09,NKE,69.75,5,ASK
2018-12-17 09:51:09,NKE,69.71,14,BID
2018-12-17 09:51:10,NKE,69.75,5,ASK
2018-12-17 09:51:11,NKE,69.69,2,BID
2018-12-17 09:51:11,NKE,69.74,6,ASK
2018-12-17 09:51:12,NKE,69.67,8,BID
2018-12-17 09:51:12,NKE,69.73,5,ASK
2018-12-17 09:50:35,NKE,69.67,8,BID
2018-12-17 09:51:11,NKE,69.73,5,ASK
2018-12-17 09:51:14,NKE,69.68,1,BID
2018-12-17 09:51:14,NKE,69.72,3,ASK
2018-12-17 09:51:14,NKE,69.68,1,BID
2018-12-17 09:51:14,NKE,69.72,3,ASK
2018-12-17 09:51:15,NKE,69.68,4,BID
2018-12-17 09:51:15,NKE,69.72,3,ASK
2018-12-17 09:51:15,NKE,69.68,4,BID
2018-12-17 09:51:16,NKE,69.72,4,ASK
2018-12-17 09:51:16,NKE,69.68,1,BID
2018-12-17 09:51:16,NKE,69.72,5,ASK
2018-12-17 09:51:18,NKE,69.73,1,BID
2018-12-17 09:51:18,NKE,69.76,1,ASK
2018-12-17 09:51:19,NKE,69.72,3,BID
2018-12-17 09:51:19,NKE,69.77,3,ASK
2018-12-17 09:51:20,NKE,69.72,3,BID
2018-12-17 09:51:20,NKE,69.77,5,ASK
2018-12-17 09:51:21,NKE,69.72,5,BID
2018-12-17 09:51:21,NKE,69.76,2,ASK
2018-12-17 09:51:22,NKE,69.72,5,BID
2018-12-17 09:51:22,NKE,69.76,2,ASK
2018-12-17 09:51:22,NKE,69.72,5,BID
2018-12-17 09:51:22,NKE,69.76,2,ASK
2018-12-17 09:51:25,NKE,69.72,5,BID
2018-12-17 09:51:22,NKE,69.76,2,ASK
2018-12-17 09:51:25,NKE,69.72,5,BID
2018-12-17 09:51:22,NKE,69.76,2,ASK
2018-12-17 09:51:27,NKE,69.72,5,BID
2018-12-17 09:51:27,NKE,69.76,3,ASK
2018-12-17 09:51:28,NKE,69.73,3,BID
2018-12-17 09:51:28,NKE,69.76,3,ASK
2018-12-17 09:51:18,NKE,69.7,4,BID
2018-12-17 09:51:29,NKE,69.75,2,ASK
2018-12-17 09:51:30,NKE,69.7,9,BID
2018-12-17 09:51:30,NKE,69.76,3,ASK
2018-12-17 09:51:31,NKE,69.76,5,BID
2018-12-17 09:51:31,NKE,69.79,7,ASK
2018-12-17 09:51:31,NKE,69.77,3,BID
2018-12-17 09:51:31,NKE,69.81,9,ASK
2018-12-17 09:51:31,NKE,69.77,3,BID
2018-12-17 09:51:31,NKE,69.81,9,ASK
2018-12-17 09:51:33,NKE,69.77,7,BID
2018-12-17 09:51:33,NKE,69.82,1,ASK
2018-12-17 09:51:34,NKE,69.77,10,BID
2018-12-17 09:51:34,NKE,69.82,3,ASK
2018-12-17 09:51:36,NKE,69.77,10,BID
2018-12-17 09:51:36,NKE,69.81,3,ASK
2018-12-17 09:51:37,NKE,69.78,4,BID
2018-12-17 09:51:37,NKE,69.81,5,ASK
2018-12-17 09:51:38,NKE,69.77,8,BID
2018-12-17 09:51:38,NKE,69.79,1,ASK
2018-12-17 09:51:39,NKE,69.77,9,BID
2018-12-17 09:51:39,NKE,69.79,1,ASK
2018-12-17 09:51:39,NKE,69.77,9,BID
2018-12-17 09:51:40,NKE,69.79,2,ASK
2018-12-17 09:51:42,NKE,69.78,3,BID
2018-12-17 09:51:42,NKE,69.81,2,ASK
2018-12-17 09:51:42,NKE,69.78,5,BID
2018-12-17 09:51:42,NKE,69.83,7,ASK
2018-12-17 09:51:42,NKE,69.78,5,BID
2018-12-17 09:51:43,NKE,69.83,8,ASK
2018-12-17 09:51:44,NKE,69.78,7,BID
2018-12-17 09:51:43,NKE,69.83,7,ASK
2018-12-17 09:51:45,NKE,69.78,7,BID
2018-12-17 09:51:45,NKE,69.82,1,ASK
2018-12-17 09:51:39,NKE,69.77,11,BID
2018-12-17 09:51:46,NKE,69.82,2,ASK
2018-12-17 09:51:39,NKE,69.77,11,BID
2018-12-17 09:51:46,NKE,69.82,2,ASK
2018-12-17 09:51:39,NKE,69.77,11,BID
2018-12-17 09:51:48,NKE,69.81,2,ASK
2018-12-17 09:51:39,NKE,69.77,11,BID
2018-12-17 09:51:49,NKE,69.81,2,ASK
2018-12-17 09:51:50,NKE,69.81,1,BID
2018-12-17 09:51:50,NKE,69.84,7,ASK
2018-12-17 09:51:50,NKE,69.81,1,BID
2018-12-17 09:51:50,NKE,69.84,7,ASK
2018-12-17 09:51:39,NKE,69.77,11,BID
2018-12-17 09:51:52,NKE,69.83,2,ASK
2018-12-17 09:51:39,NKE,69.77,11,BID
2018-12-17 09:51:52,NKE,69.83,2,ASK
2018-12-17 09:51:54,NKE,69.78,2,BID
2018-12-17 09:51:54,NKE,69.83,3,ASK
2018-12-17 09:51:39,NKE,69.77,11,BID
2018-12-17 09:51:55,NKE,69.83,3,ASK
2018-12-17 09:51:39,NKE,69.77,11,BID
2018-12-17 09:51:56,NKE,69.83,4,ASK
2018-12-17 09:51:57,NKE,69.77,10,BID
2018-12-17 09:51:57,NKE,69.82,3,ASK
2018-12-17 09:51:57,NKE,69.77,10,BID
2018-12-17 09:51:57,NKE,69.82,4,ASK
2018-12-17 09:51:57,NKE,69.77,10,BID
2018-12-17 09:51:57,NKE,69.82,4,ASK
2018-12-17 09:52:00,NKE,69.81,1,BID
2018-12-17 09:52:00,NKE,69.84,5,ASK
2018-12-17 09:52:00,NKE,69.81,3,BID
2018-12-17 09:52:00,NKE,69.85,2,ASK
2018-12-17 09:52:01,NKE,69.81,4,BID
2018-12-17 09:52:00,NKE,69.85,2,ASK
2018-12-17 09:52:03,NKE,69.84,4,BID
2018-12-17 09:52:02,NKE,69.89,8,ASK
2018-12-17 09:52:03,NKE,69.84,4,BID
2018-12-17 09:52:02,NKE,69.89,8,ASK
2018-12-17 09:52:03,NKE,69.84,4,BID
2018-12-17 09:52:02,NKE,69.89,8,ASK
2018-12-17 09:52:03,NKE,69.84,4,BID
2018-12-17 09:52:06,NKE,69.89,8,ASK
2018-12-17 09:52:07,NKE,69.84,5,BID
2018-12-17 09:52:07,NKE,69.88,1,ASK
2018-12-17 09:52:07,NKE,69.84,5,BID
2018-12-17 09:52:07,NKE,69.88,1,ASK
2018-12-17 09:52:07,NKE,69.84,5,BID
2018-12-17 09:52:07,NKE,69.88,1,ASK
2018-12-17 09:52:07,NKE,69.84,5,BID
2018-12-17 09:52:07,NKE,69.88,1,ASK
2018-12-17 09:52:07,NKE,69.84,5,BID
2018-12-17 09:52:11,NKE,69.88,1,ASK
2018-12-17 09:52:12,NKE,69.85,5,BID
2018-12-17 09:52:12,NKE,69.89,9,ASK
2018-12-17 09:52:12,NKE,69.85,5,BID
2018-12-17 09:52:13,NKE,69.88,1,ASK
2018-12-17 09:52:12,NKE,69.85,4,BID
2018-12-17 09:52:14,NKE,69.88,1,ASK
2018-12-17 09:52:16,NKE,69.81,4,BID
2018-12-17 09:52:16,NKE,69.86,1,ASK
2018-12-17 09:52:16,NKE,69.81,4,BID
2018-12-17 09:52:16,NKE,69.86,1,ASK
2018-12-17 09:52:16,NKE,69.81,4,BID
2018-12-17 09:52:16,NKE,69.86,1,ASK
2018-12-17 09:52:16,NKE,69.81,5,BID
2018-12-17 09:52:18,NKE,69.86,2,ASK
2018-12-17 09:52:16,NKE,69.81,5,BID
2018-12-17 09:52:18,NKE,69.86,2,ASK
2018-12-17 09:52:16,NKE,69.81,5,BID
2018-12-17 09:52:20,NKE,69.86,3,ASK
2018-12-17 09:52:21,NKE,69.83,1,BID
2018-12-17 09:52:21,NKE,69.86,3,ASK
2018-12-17 09:52:21,NKE,69.83,1,BID
2018-12-17 09:52:21,NKE,69.86,3,ASK
2018-12-17 09:52:23,NKE,69.84,6,BID
2018-12-17 09:52:12,NKE,69.89,9,ASK
2018-12-17 09:52:23,NKE,69.84,5,BID
2018-12-17 09:52:12,NKE,69.89,9,ASK
2018-12-17 09:52:23,NKE,69.84,5,BID
2018-12-17 09:52:12,NKE,69.89,9,ASK
2018-12-17 09:52:23,NKE,69.84,5,BID
2018-12-17 09:52:12,NKE,69.89,10,ASK
2018-12-17 09:52:23,NKE,69.84,5,BID
2018-12-17 09:52:12,NKE,69.89,10,ASK
2018-12-17 09:52:28,NKE,69.84,6,BID
2018-12-17 09:52:12,NKE,69.89,10,ASK
2018-12-17 09:52:30,NKE,69.87,5,BID
2018-12-17 09:52:30,NKE,69.9,1,ASK
2018-12-17 09:52:28,NKE,69.84,8,BID
2018-12-17 09:52:31,NKE,69.88,2,ASK
2018-12-17 09:52:28,NKE,69.84,8,BID
2018-12-17 09:52:31,NKE,69.88,3,ASK
2018-12-17 09:52:28,NKE,69.84,8,BID
2018-12-17 09:52:33,NKE,69.88,5,ASK
2018-12-17 09:52:28,NKE,69.84,8,BID
2018-12-17 09:52:33,NKE,69.88,5,ASK
2018-12-17 09:52:28,NKE,69.84,8,BID
2018-12-17 09:52:33,NKE,69.88,6,ASK
2018-12-17 09:52:28,NKE,69.84,8,BID
2018-12-17 09:52:33,NKE,69.88,6,ASK
2018-12-17 09:52:28,NKE,69.84,8,BID
2018-12-17 09:52:33,NKE,69.88,6,ASK
2018-12-17 09:52:37,NKE,69.79,7,BID
2018-12-17 09:52:37,NKE,69.84,3,ASK
2018-12-17 09:52:39,NKE,69.79,7,BID
2018-12-17 09:52:39,NKE,69.84,6,ASK
2018-12-17 09:52:39,NKE,69.79,7,BID
2018-12-17 09:52:39,NKE,69.84,6,ASK
2018-12-17 09:52:39,NKE,69.79,7,BID
2018-12-17 09:52:39,NKE,69.84,6,ASK
2018-12-17 09:52:41,NKE,69.79,7,BID
2018-12-17 09:52:41,NKE,69.83,5,ASK
2018-12-17 09:52:42,NKE,69.84,1,BID
2018-12-17 09:52:42,NKE,69.87,6,ASK
2018-12-17 09:52:43,NKE,69.83,4,BID
2018-12-17 09:52:43,NKE,69.87,6,ASK
2018-12-17 09:52:44,NKE,69.84,5,BID
2018-12-17 09:52:44,NKE,69.87,6,ASK
2018-12-17 09:52:44,NKE,69.84,5,BID
2018-12-17 09:52:44,NKE,69.87,6,ASK
2018-12-17 09:52:42,NKE,69.79,8,BID
2018-12-17 09:52:47,NKE,69.86,4,ASK
2018-12-17 09:52:42,NKE,69.79,13,BID
2018-12-17 09:52:47,NKE,69.86,4,ASK
2018-12-17 09:52:48,NKE,69.8,2,BID
2018-12-17 09:52:47,NKE,69.86,4,ASK
2018-12-17 09:52:50,NKE,69.81,2,BID
2018-12-17 09:52:47,NKE,69.86,4,ASK
2018-12-17 09:52:50,NKE,69.82,4,BID
2018-12-17 09:52:50,NKE,69.87,6,ASK
2018-12-17 09:52:50,NKE,69.82,4,BID
2018-12-17 09:52:50,NKE,69.87,6,ASK
2018-12-17 09:52:50,NKE,69.82,4,BID
2018-12-17 09:52:50,NKE,69.87,6,ASK
2018-12-17 09:52:54,NKE,69.82,8,BID
2018-12-17 09:52:50,NKE,69.87,6,ASK
2018-12-17 09:52:55,NKE,69.84,1,BID
2018-12-17 09:52:50,NKE,69.87,6,ASK
2018-12-17 09:52:56,NKE,69.82,9,BID
2018-12-17 09:52:50,NKE,69.87,4,ASK
2018-12-17 09:52:56,NKE,69.82,11,BID
2018-12-17 09:52:50,NKE,69.87,4,ASK
2018-12-17 09:52:56,NKE,69.82,11,BID
2018-12-17 09:52:50,NKE,69.87,4,ASK
2018-12-17 09:52:58,NKE,69.82,11,BID
2018-12-17 09:52:58,NKE,69.86,1,ASK
2018-12-17 09:52:58,NKE,69.82,11,BID
2018-12-17 09:52:59,NKE,69.86,2,ASK
2018-12-17 09:52:58,NKE,69.82,11,BID
2018-12-17 09:53:00,NKE,69.86,3,ASK
2018-12-17 09:52:58,NKE,69.82,11,BID
2018-12-17 09:53:00,NKE,69.86,3,ASK
2018-12-17 09:52:58,NKE,69.82,11,BID
2018-12-17 09:53:02,NKE,69.86,3,ASK
2018-12-17 09:53:03,NKE,69.82,11,BID
2018-12-17 09:53:03,NKE,69.86,3,ASK
2018-12-17 09:53:03,NKE,69.82,11,BID
2018-12-17 09:53:05,NKE,69.86,3,ASK
2018-12-17 09:53:03,NKE,69.82,11,BID
2018-12-17 09:53:05,NKE,69.86,3,ASK
2018-12-17 09:53:03,NKE,69.82,12,BID
2018-12-17 09:53:06,NKE,69.86,3,ASK
2018-12-17 09:52:42,NKE,69.79,13,BID
2018-12-17 09:53:08,NKE,69.84,3,ASK
2018-12-17 09:52:42,NKE,69.79,13,BID
2018-12-17 09:53:08,NKE,69.84,5,ASK
2018-12-17 09:52:42,NKE,69.79,15,BID
2018-12-17 09:53:10,NKE,69.84,5,ASK
2018-12-17 09:53:11,NKE,69.8,3,BID
2018-12-17 09:53:11,NKE,69.83,4,ASK
2018-12-17 09:53:11,NKE,69.8,3,BID
2018-12-17 09:53:11,NKE,69.82,1,ASK
2018-12-17 09:53:13,NKE,69.8,1,BID
2018-12-17 09:53:13,NKE,69.83,5,ASK
2018-12-17 09:53:13,NKE,69.8,5,BID
2018-12-17 09:53:11,NKE,69.83,5,ASK
2018-12-17 09:53:15,NKE,69.81,3,BID
2018-12-17 09:53:15,NKE,69.85,4,ASK
2018-12-17 09:53:15,NKE,69.81,4,BID
2018-12-17 09:53:15,NKE,69.85,4,ASK
2018-12-17 09:53:15,NKE,69.81,4,BID
2018-12-17 09:53:17,NKE,69.85,5,ASK
2018-12-17 09:53:17,NKE,69.83,5,BID
2018-12-17 09:52:50,NKE,69.87,6,ASK
2018-12-17 09:53:18,NKE,69.86,1,BID
2018-12-17 09:53:18,NKE,69.89,2,ASK
2018-12-17 09:53:18,NKE,69.85,7,BID
2018-12-17 09:53:18,NKE,69.89,1,ASK
2018-12-17 09:53:18,NKE,69.85,7,BID
2018-12-17 09:53:18,NKE,69.89,1,ASK
2018-12-17 09:53:19,NKE,69.85,8,BID
2018-12-17 09:53:19,NKE,69.89,1,ASK
2018-12-17 09:53:21,NKE,69.83,9,BID
2018-12-17 09:53:21,NKE,69.87,2,ASK
2018-12-17 09:53:23,NKE,69.83,9,BID
2018-12-17 09:53:23,NKE,69.87,4,ASK
2018-12-17 09:53:23,NKE,69.83,9,BID
2018-12-17 09:53:23,NKE,69.87,4,ASK
2018-12-17 09:53:23,NKE,69.83,9,BID
2018-12-17 09:53:23,NKE,69.87,4,ASK
2018-12-17 09:53:23,NKE,69.83,9,BID
2018-12-17 09:53:23,NKE,69.87,4,ASK
2018-12-17 09:52:47,NKE,69.79,17,BID
2018-12-17 09:53:28,NKE,69.85,4,ASK
2018-12-17 09:53:29,NKE,69.8,2,BID
2018-12-17 09:53:29,NKE,69.83,1,ASK
2018-12-17 09:53:30,NKE,69.79,21,BID
2018-12-17 09:53:30,NKE,69.83,4,ASK
2018-12-17 09:53:30,NKE,69.79,21,BID
2018-12-17 09:53:30,NKE,69.83,6,ASK
2018-12-17 09:53:30,NKE,69.79,21,BID
2018-12-17 09:53:30,NKE,69.83,6,ASK
2018-12-17 09:53:30,NKE,69.79,21,BID
2018-12-17 09:53:30,NKE,69.83,6,ASK
2018-12-17 09:53:30,NKE,69.79,21,BID
2018-12-17 09:53:30,NKE,69.83,6,ASK
2018-12-17 09:53:30,NKE,69.79,21,BID
2018-12-17 09:53:30,NKE,69.83,6,ASK
2018-12-17 09:53:35,NKE,69.76,5,BID
2018-12-17 09:53:35,NKE,69.81,4,ASK
2018-12-17 09:53:35,NKE,69.76,10,BID
2018-12-17 09:53:35,NKE,69.81,7,ASK
2018-12-17 09:53:36,NKE,69.78,1,BID
2018-12-17 09:53:35,NKE,69.8,6,ASK
2018-12-17 09:53:36,NKE,69.78,3,BID
2018-12-17 09:53:37,NKE,69.81,10,ASK
2018-12-17 09:53:38,NKE,69.78,6,BID
2018-12-17 09:53:38,NKE,69.81,10,ASK
2018-12-17 09:53:40,NKE,69.78,5,BID
2018-12-17 09:53:40,NKE,69.82,1,ASK
2018-12-17 09:53:40,NKE,69.78,5,BID
2018-12-17 09:53:42,NKE,69.82,2,ASK
2018-12-17 09:53:43,NKE,69.78,5,BID
2018-12-17 09:53:43,NKE,69.82,4,ASK
2018-12-17 09:53:43,NKE,69.78,6,BID
2018-12-17 09:53:44,NKE,69.82,5,ASK
2018-12-17 09:53:43,NKE,69.78,6,BID
2018-12-17 09:53:44,NKE,69.82,5,ASK
2018-12-17 09:53:43,NKE,69.78,6,BID
2018-12-17 09:53:44,NKE,69.82,5,ASK
2018-12-17 09:53:43,NKE,69.78,6,BID
2018-12-17 09:53:44,NKE,69.82,5,ASK
2018-12-17 09:53:43,NKE,69.78,6,BID
2018-12-17 09:53:44,NKE,69.82,5,ASK
2018-12-17 09:53:43,NKE,69.78,6,BID
2018-12-17 09:53:44,NKE,69.82,5,ASK
2018-12-17 09:53:43,NKE,69.78,6,BID
2018-12-17 09:53:44,NKE,69.82,5,ASK
2018-12-17 09:53:43,NKE,69.78,6,BID
2018-12-17 09:53:44,NKE,69.82,5,ASK
2018-12-17 09:53:43,NKE,69.78,6,BID
2018-12-17 09:53:44,NKE,69.82,5,ASK
2018-12-17 09:53:52,NKE,69.79,3,BID
2018-12-17 09:53:52,NKE,69.83,7,ASK
2018-12-17 09:53:53,NKE,69.84,1,BID
2018-12-17 09:53:53,NKE,69.88,5,ASK
2018-12-17 09:53:54,NKE,69.85,4,BID
2018-12-17 09:53:54,NKE,69.88,5,ASK
2018-12-17 09:53:55,NKE,69.79,7,BID
2018-12-17 09:53:55,NKE,69.85,5,ASK
2018-12-17 09:53:55,NKE,69.79,7,BID
2018-12-17 09:53:57,NKE,69.84,2,ASK
2018-12-17 09:53:55,NKE,69.79,7,BID
2018-12-17 09:53:55,NKE,69.85,8,ASK
2018-12-17 09:53:55,NKE,69.79,7,BID
2018-12-17 09:53:55,NKE,69.85,8,ASK
2018-12-17 09:54:00,NKE,69.79,9,BID
2018-12-17 09:54:00,NKE,69.85,17,ASK
2018-12-17 09:54:00,NKE,69.79,9,BID
2018-12-17 09:54:00,NKE,69.85,17,ASK
2018-12-17 09:54:00,NKE,69.79,9,BID
2018-12-17 09:54:00,NKE,69.85,17,ASK
2018-12-17 09:54:00,NKE,69.79,9,BID
2018-12-17 09:54:00,NKE,69.85,17,ASK
2018-12-17 09:54:04,NKE,69.8,2,BID
2018-12-17 09:54:00,NKE,69.85,17,ASK
2018-12-17 09:54:05,NKE,69.79,9,BID
2018-12-17 09:54:05,NKE,69.84,4,ASK
2018-12-17 09:54:06,NKE,69.8,1,BID
2018-12-17 09:54:06,NKE,69.84,4,ASK
2018-12-17 09:54:06,NKE,69.8,2,BID
2018-12-17 09:54:00,NKE,69.85,16,ASK
2018-12-17 09:54:06,NKE,69.8,2,BID
2018-12-17 09:54:00,NKE,69.85,16,ASK
2018-12-17 09:54:08,NKE,69.8,7,BID
2018-12-17 09:54:00,NKE,69.85,16,ASK
2018-12-17 09:54:08,NKE,69.81,2,BID
2018-12-17 09:54:00,NKE,69.85,15,ASK
2018-12-17 09:54:08,NKE,69.81,2,BID
2018-12-17 09:54:00,NKE,69.85,15,ASK
2018-12-17 09:54:08,NKE,69.81,2,BID
2018-12-17 09:54:00,NKE,69.85,15,ASK
2018-12-17 09:54:11,NKE,69.81,7,BID
2018-12-17 09:54:00,NKE,69.85,15,ASK
2018-12-17 09:54:11,NKE,69.81,7,BID
2018-12-17 09:54:00,NKE,69.85,15,ASK
2018-12-17 09:54:11,NKE,69.81,7,BID
2018-12-17 09:54:00,NKE,69.85,16,ASK
2018-12-17 09:54:11,NKE,69.81,7,BID
2018-12-17 09:54:00,NKE,69.85,17,ASK
2018-12-17 09:54:11,NKE,69.81,7,BID
2018-12-17 09:54:00,NKE,69.85,17,ASK
2018-12-17 09:54:11,NKE,69.81,7,BID
2018-12-17 09:54:00,NKE,69.85,17,ASK
2018-12-17 09:54:11,NKE,69.81,7,BID
2018-12-17 09:54:00,NKE,69.85,17,ASK
2018-12-17 09:54:11,NKE,69.81,7,BID
2018-12-17 09:54:00,NKE,69.85,17,ASK
2018-12-17 09:54:11,NKE,69.81,7,BID
2018-12-17 09:54:00,NKE,69.85,17,ASK
2018-12-17 09:54:11,NKE,69.81,7,BID
2018-12-17 09:54:00,NKE,69.85,17,ASK
2018-12-17 09:54:11,NKE,69.81,7,BID
2018-12-17 09:54:00,NKE,69.85,17,ASK
2018-12-17 09:54:11,NKE,69.81,7,BID
2018-12-17 09:54:00,NKE,69.85,17,ASK
2018-12-17 09:54:11,NKE,69.81,7,BID
2018-12-17 09:54:00,NKE,69.85,17,ASK
2018-12-17 09:54:11,NKE,69.81,7,BID
2018-12-17 09:54:00,NKE,69.85,17,ASK
2018-12-17 09:54:27,NKE,69.81,2,BID
2018-12-17 09:54:27,NKE,69.82,2,ASK
2018-12-17 09:54:27,NKE,69.78,5,BID
2018-12-17 09:54:27,NKE,69.84,3,ASK
2018-12-17 09:54:29,NKE,69.8,1,BID
2018-12-17 09:54:27,NKE,69.85,12,ASK
2018-12-17 09:54:30,NKE,69.85,1,BID
2018-12-17 09:54:30,NKE,69.89,14,ASK
2018-12-17 09:54:30,NKE,69.83,2,BID
2018-12-17 09:54:30,NKE,69.89,14,ASK
2018-12-17 09:54:32,NKE,69.84,1,BID
2018-12-17 09:54:32,NKE,69.88,1,ASK
2018-12-17 09:54:32,NKE,69.84,1,BID
2018-12-17 09:54:32,NKE,69.88,1,ASK
2018-12-17 09:54:34,NKE,69.84,4,BID
2018-12-17 09:54:34,NKE,69.88,1,ASK
2018-12-17 09:54:35,NKE,69.88,2,BID
2018-12-17 09:49:09,NKE,69.92,12,ASK
2018-12-17 09:54:36,NKE,69.88,4,BID
2018-12-17 09:54:36,NKE,69.92,10,ASK
2018-12-17 09:54:37,NKE,69.91,2,BID
2018-12-17 09:54:37,NKE,69.94,3,ASK
2018-12-17 09:54:38,NKE,69.92,2,BID
2018-12-17 09:54:38,NKE,69.95,5,ASK
2018-12-17 09:54:39,NKE,69.92,2,BID
2018-12-17 09:54:39,NKE,69.95,8,ASK
2018-12-17 09:54:40,NKE,69.93,2,BID
2018-12-17 09:54:40,NKE,69.96,3,ASK
2018-12-17 09:54:41,NKE,69.92,6,BID
2018-12-17 09:54:41,NKE,69.96,3,ASK
2018-12-17 09:54:42,NKE,69.92,6,BID
2018-12-17 09:54:41,NKE,69.96,4,ASK
2018-12-17 09:54:42,NKE,69.92,6,BID
2018-12-17 09:54:41,NKE,69.96,4,ASK
2018-12-17 09:54:44,NKE,69.93,1,BID
2018-12-17 09:54:41,NKE,69.96,5,ASK
2018-12-17 09:54:45,NKE,69.93,1,BID
2018-12-17 09:54:41,NKE,69.96,5,ASK
2018-12-17 09:54:46,NKE,69.92,6,BID
2018-12-17 09:54:41,NKE,69.96,5,ASK
2018-12-17 09:54:47,NKE,69.95,3,BID
2018-12-17 09:54:47,NKE,69.98,7,ASK
2018-12-17 09:54:48,NKE,69.95,5,BID
2018-12-17 09:54:47,NKE,69.98,7,ASK
2018-12-17 09:54:49,NKE,69.95,4,BID
2018-12-17 09:54:49,NKE,69.98,7,ASK
2018-12-17 09:54:50,NKE,69.95,4,BID
2018-12-17 09:54:50,NKE,69.98,1,ASK
2018-12-17 09:54:47,NKE,69.93,5,BID
2018-12-17 09:54:51,NKE,69.98,2,ASK
2018-12-17 09:54:47,NKE,69.93,5,BID
2018-12-17 09:54:52,NKE,69.96,1,ASK
2018-12-17 09:54:47,NKE,69.93,4,BID
2018-12-17 09:54:53,NKE,69.96,3,ASK
2018-12-17 09:54:47,NKE,69.93,6,BID
2018-12-17 09:54:54,NKE,69.96,3,ASK
2018-12-17 09:54:47,NKE,69.93,4,BID
2018-12-17 09:54:54,NKE,69.96,7,ASK
2018-12-17 09:54:47,NKE,69.93,4,BID
2018-12-17 09:54:54,NKE,69.96,8,ASK
2018-12-17 09:54:57,NKE,69.93,7,BID
2018-12-17 09:54:54,NKE,69.96,11,ASK
2018-12-17 09:54:57,NKE,69.93,9,BID
2018-12-17 09:54:54,NKE,69.96,11,ASK
2018-12-17 09:54:57,NKE,69.93,9,BID
2018-12-17 09:54:54,NKE,69.96,11,ASK
2018-12-17 09:54:57,NKE,69.93,9,BID
2018-12-17 09:54:54,NKE,69.96,11,ASK
2018-12-17 09:55:01,NKE,69.97,2,BID
2018-12-17 09:55:01,NKE,70.0,4,ASK
2018-12-17 09:55:01,NKE,69.97,2,BID
2018-12-17 09:55:01,NKE,70.0,5,ASK
2018-12-17 09:55:01,NKE,69.97,2,BID
2018-12-17 09:55:01,NKE,70.01,8,ASK
2018-12-17 09:55:02,NKE,69.97,3,BID
2018-12-17 09:55:02,NKE,70.01,5,ASK
2018-12-17 09:55:03,NKE,69.97,4,BID
2018-12-17 09:55:03,NKE,70.01,5,ASK
2018-12-17 09:55:03,NKE,69.97,4,BID
2018-12-17 09:55:03,NKE,70.01,5,ASK
2018-12-17 09:55:03,NKE,69.97,4,BID
2018-12-17 09:55:03,NKE,70.01,5,ASK
2018-12-17 09:55:04,NKE,69.98,2,BID
2018-12-17 09:47:50,NKE,70.03,4,ASK
2018-12-17 09:55:04,NKE,69.98,2,BID
2018-12-17 09:55:05,NKE,70.03,5,ASK
2018-12-17 09:55:07,NKE,69.98,5,BID
2018-12-17 09:55:07,NKE,70.01,1,ASK
2018-12-17 09:55:07,NKE,69.98,5,BID
2018-12-17 09:55:07,NKE,70.01,1,ASK
2018-12-17 09:55:10,NKE,70.0,1,BID
2018-12-17 09:55:10,NKE,70.03,4,ASK
2018-12-17 09:55:11,NKE,70.0,2,BID
2018-12-17 09:55:12,NKE,70.05,2,ASK
2018-12-17 09:55:13,NKE,70.01,1,BID
2018-12-17 09:55:13,NKE,70.05,2,ASK
2018-12-17 09:55:14,NKE,70.03,1,BID
2018-12-17 09:55:14,NKE,70.07,1,ASK
2018-12-17 09:55:16,NKE,70.04,2,BID
2018-12-17 09:55:16,NKE,70.08,4,ASK
2018-12-17 09:55:17,NKE,70.03,4,BID
2018-12-17 09:55:17,NKE,70.07,3,ASK
2018-12-17 09:55:18,NKE,70.03,5,BID
2018-12-17 09:55:18,NKE,70.07,3,ASK
2018-12-17 09:55:18,NKE,70.03,5,BID
2018-12-17 09:55:18,NKE,70.07,3,ASK
2018-12-17 09:55:18,NKE,70.03,5,BID
2018-12-17 09:55:18,NKE,70.07,3,ASK
2018-12-17 09:55:21,NKE,70.03,8,BID
2018-12-17 09:55:21,NKE,70.07,4,ASK
2018-12-17 09:55:22,NKE,70.03,6,BID
2018-12-17 09:55:22,NKE,70.07,1,ASK
2018-12-17 09:55:22,NKE,70.03,6,BID
2018-12-17 09:55:22,NKE,70.07,1,ASK
2018-12-17 09:55:24,NKE,70.01,6,BID
2018-12-17 09:55:24,NKE,70.05,6,ASK
2018-12-17 09:55:25,NKE,70.01,6,BID
2018-12-17 09:55:25,NKE,70.04,1,ASK
2018-12-17 09:55:25,NKE,70.01,6,BID
2018-12-17 09:55:25,NKE,70.04,1,ASK
2018-12-17 09:55:27,NKE,70.0,5,BID
2018-12-17 09:55:27,NKE,70.04,1,ASK
2018-12-17 09:55:27,NKE,70.0,5,BID
2018-12-17 09:55:27,NKE,70.04,1,ASK
2018-12-17 09:55:30,NKE,70.0,3,BID
2018-12-17 09:55:30,NKE,70.04,3,ASK
2018-12-17 09:55:30,NKE,69.98,6,BID
2018-12-17 09:55:30,NKE,70.03,3,ASK
2018-12-17 09:55:30,NKE,69.98,6,BID
2018-12-17 09:55:30,NKE,70.03,3,ASK
2018-12-17 09:55:30,NKE,69.98,6,BID
2018-12-17 09:55:30,NKE,70.03,3,ASK
2018-12-17 09:55:30,NKE,69.98,6,BID
2018-12-17 09:55:33,NKE,70.02,1,ASK
2018-12-17 09:55:30,NKE,69.98,6,BID
2018-12-17 09:55:33,NKE,70.02,1,ASK
2018-12-17 09:55:30,NKE,69.98,6,BID
2018-12-17 09:55:33,NKE,70.02,1,ASK
2018-12-17 09:55:30,NKE,69.98,6,BID
2018-12-17 09:55:33,NKE,70.02,1,ASK
2018-12-17 09:55:37,NKE,69.96,7,BID
2018-12-17 09:55:37,NKE,70.0,4,ASK
2018-12-17 09:55:37,NKE,69.96,7,BID
2018-12-17 09:55:37,NKE,70.0,4,ASK
2018-12-17 09:55:39,NKE,69.96,7,BID
2018-12-17 09:55:39,NKE,70.0,4,ASK
2018-12-17 09:55:40,NKE,69.96,8,BID
2018-12-17 09:55:40,NKE,70.0,4,ASK
2018-12-17 09:55:41,NKE,69.96,9,BID
2018-12-17 09:55:41,NKE,70.0,5,ASK
2018-12-17 09:55:41,NKE,69.96,9,BID
2018-12-17 09:55:41,NKE,69.99,1,ASK
2018-12-17 09:55:43,NKE,69.95,1,BID
2018-12-17 09:55:43,NKE,69.97,3,ASK
2018-12-17 09:55:44,NKE,69.96,1,BID
2018-12-17 09:55:44,NKE,69.98,2,ASK
2018-12-17 09:55:45,NKE,69.96,3,BID
2018-12-17 09:55:45,NKE,69.98,2,ASK
2018-12-17 09:55:45,NKE,69.96,3,BID
2018-12-17 09:55:45,NKE,69.98,2,ASK
2018-12-17 09:55:47,NKE,69.96,3,BID
2018-12-17 09:55:47,NKE,69.98,4,ASK
2018-12-17 09:55:47,NKE,69.96,3,BID
2018-12-17 09:55:47,NKE,69.98,4,ASK
2018-12-17 09:55:49,NKE,69.96,3,BID
2018-12-17 09:55:49,NKE,69.99,7,ASK
2018-12-17 09:55:49,NKE,69.96,3,BID
2018-12-17 09:55:49,NKE,69.99,7,ASK
2018-12-17 09:55:49,NKE,69.96,3,BID
2018-12-17 09:55:49,NKE,69.99,7,ASK
2018-12-17 09:55:52,NKE,69.96,3,BID
2018-12-17 09:55:49,NKE,69.99,7,ASK
2018-12-17 09:55:53,NKE,69.96,3,BID
2018-12-17 09:55:53,NKE,69.99,9,ASK
2018-12-17 09:55:53,NKE,69.96,3,BID
2018-12-17 09:55:53,NKE,69.99,9,ASK
2018-12-17 09:55:53,NKE,69.96,3,BID
2018-12-17 09:55:53,NKE,69.99,9,ASK
2018-12-17 09:55:53,NKE,69.96,3,BID
2018-12-17 09:55:53,NKE,69.99,9,ASK
2018-12-17 09:55:53,NKE,69.96,3,BID
2018-12-17 09:55:53,NKE,69.99,9,ASK
2018-12-17 09:55:53,NKE,69.96,3,BID
2018-12-17 09:55:53,NKE,69.99,9,ASK
2018-12-17 09:56:00,NKE,69.93,12,BID
2018-12-17 09:56:00,NKE,69.96,2,ASK
2018-12-17 09:56:00,NKE,69.93,12,BID
2018-12-17 09:56:00,NKE,69.96,2,ASK
2018-12-17 09:56:00,NKE,69.93,12,BID
2018-12-17 09:56:00,NKE,69.96,2,ASK
2018-12-17 09:56:00,NKE,69.93,12,BID
2018-12-17 09:56:00,NKE,69.96,2,ASK
2018-12-17 09:56:00,NKE,69.93,12,BID
2018-12-17 09:56:00,NKE,69.96,2,ASK
2018-12-17 09:56:00,NKE,69.93,12,BID
2018-12-17 09:56:00,NKE,69.96,2,ASK
2018-12-17 09:56:00,NKE,69.93,12,BID
2018-12-17 09:56:00,NKE,69.96,2,ASK
2018-12-17 09:56:07,NKE,69.93,11,BID
2018-12-17 09:56:07,NKE,69.96,6,ASK
2018-12-17 09:56:07,NKE,69.93,11,BID
2018-12-17 09:56:07,NKE,69.96,6,ASK
2018-12-17 09:56:07,NKE,69.93,11,BID
2018-12-17 09:56:07,NKE,69.96,6,ASK
2018-12-17 09:56:07,NKE,69.93,11,BID
2018-12-17 09:56:07,NKE,69.96,6,ASK
2018-12-17 09:56:11,NKE,69.93,11,BID
2018-12-17 09:56:11,NKE,69.96,17,ASK
2018-12-17 09:56:11,NKE,69.93,11,BID
2018-12-17 09:56:11,NKE,69.96,17,ASK
2018-12-17 09:56:11,NKE,69.93,11,BID
2018-12-17 09:56:11,NKE,69.96,17,ASK
2018-12-17 09:56:11,NKE,69.93,11,BID
2018-12-17 09:56:11,NKE,69.96,17,ASK
2018-12-17 09:54:54,NKE,69.93,11,BID
2018-12-17 09:55:59,NKE,69.96,17,ASK
2018-12-17 09:54:54,NKE,69.93,11,BID
2018-12-17 09:55:59,NKE,69.96,17,ASK
2018-12-17 09:54:54,NKE,69.93,11,BID
2018-12-17 09:55:59,NKE,69.96,17,ASK
2018-12-17 09:56:17,NKE,69.94,1,BID
2018-12-17 09:56:17,NKE,69.98,1,ASK
2018-12-17 09:56:18,NKE,69.96,1,BID
2018-12-17 09:56:18,NKE,69.99,10,ASK
2018-12-17 09:56:19,NKE,69.94,4,BID
2018-12-17 09:56:18,NKE,69.99,12,ASK
2018-12-17 09:56:20,NKE,69.95,1,BID
2018-12-17 09:56:18,NKE,69.99,12,ASK
2018-12-17 09:56:22,NKE,69.97,1,BID
2018-12-17 09:56:22,NKE,70.0,5,ASK
2018-12-17 09:56:22,NKE,69.97,1,BID
2018-12-17 09:56:22,NKE,70.0,5,ASK
2018-12-17 09:56:24,NKE,69.96,2,BID
2018-12-17 09:56:24,NKE,69.99,1,ASK
2018-12-17 09:56:24,NKE,69.96,2,BID
2018-12-17 09:56:24,NKE,69.99,1,ASK
2018-12-17 09:56:26,NKE,69.96,2,BID
2018-12-17 09:56:26,NKE,70.0,5,ASK
2018-12-17 09:56:26,NKE,69.96,2,BID
2018-12-17 09:56:26,NKE,70.0,5,ASK
2018-12-17 09:56:27,NKE,70.01,1,BID
2018-12-17 09:55:24,NKE,70.05,6,ASK
2018-12-17 09:56:27,NKE,70.0,3,BID
2018-12-17 09:56:27,NKE,70.04,2,ASK
2018-12-17 09:56:29,NKE,70.0,3,BID
2018-12-17 09:56:29,NKE,70.04,6,ASK
2018-12-17 09:56:31,NKE,70.02,2,BID
2018-12-17 09:55:24,NKE,70.05,6,ASK
2018-12-17 09:56:31,NKE,70.02,2,BID
2018-12-17 09:55:24,NKE,70.05,6,ASK
2018-12-17 09:56:32,NKE,70.02,6,BID
2018-12-17 09:55:24,NKE,70.05,6,ASK
2018-12-17 09:56:34,NKE,70.05,1,BID
2018-12-17 09:56:34,NKE,70.08,8,ASK
2018-12-17 09:56:34,NKE,70.05,1,BID
2018-12-17 09:56:34,NKE,70.08,8,ASK
2018-12-17 09:56:36,NKE,70.06,1,BID
2018-12-17 09:56:36,NKE,70.1,5,ASK
2018-12-17 09:56:36,NKE,70.06,1,BID
2018-12-17 09:56:36,NKE,70.1,5,ASK
2018-12-17 09:56:36,NKE,70.06,1,BID
2018-12-17 09:56:36,NKE,70.1,5,ASK
2018-12-17 09:56:38,NKE,70.06,3,BID
2018-12-17 09:56:36,NKE,70.1,5,ASK
2018-12-17 09:56:39,NKE,70.07,1,BID
2018-12-17 09:56:39,NKE,70.12,7,ASK
2018-12-17 09:56:40,NKE,70.07,1,BID
2018-12-17 09:56:40,NKE,70.12,9,ASK
2018-12-17 09:56:42,NKE,70.07,2,BID
2018-12-17 09:56:42,NKE,70.12,9,ASK
2018-12-17 09:56:42,NKE,70.07,2,BID
2018-12-17 09:56:42,NKE,70.12,9,ASK
2018-12-17 09:56:44,NKE,70.07,5,BID
2018-12-17 09:56:44,NKE,70.12,9,ASK
2018-12-17 09:56:45,NKE,70.07,5,BID
2018-12-17 09:56:45,NKE,70.12,10,ASK
2018-12-17 09:56:45,NKE,70.07,5,BID
2018-12-17 09:56:45,NKE,70.12,10,ASK
2018-12-17 09:56:45,NKE,70.07,5,BID
2018-12-17 09:56:45,NKE,70.12,10,ASK
2018-12-17 09:56:47,NKE,70.07,5,BID
2018-12-17 09:56:47,NKE,70.11,5,ASK
2018-12-17 09:56:47,NKE,70.07,5,BID
2018-12-17 09:56:47,NKE,70.11,5,ASK
2018-12-17 09:56:49,NKE,70.07,8,BID
2018-12-17 09:56:49,NKE,70.11,5,ASK
2018-12-17 09:56:49,NKE,70.07,8,BID
2018-12-17 09:56:49,NKE,70.11,5,ASK
2018-12-17 09:56:49,NKE,70.07,8,BID
2018-12-17 09:56:49,NKE,70.11,5,ASK
2018-12-17 09:56:53,NKE,70.07,13,BID
2018-12-17 09:56:53,NKE,70.12,10,ASK
2018-12-17 09:56:53,NKE,70.07,13,BID
2018-12-17 09:56:53,NKE,70.12,10,ASK
2018-12-17 09:56:54,NKE,70.07,13,BID
2018-12-17 09:56:54,NKE,70.12,10,ASK
2018-12-17 09:56:54,NKE,70.07,13,BID
2018-12-17 09:56:54,NKE,70.12,10,ASK
2018-12-17 09:56:57,NKE,70.07,13,BID
2018-12-17 09:56:57,NKE,70.12,10,ASK
2018-12-17 09:56:58,NKE,70.08,3,BID
2018-12-17 09:56:58,NKE,70.12,11,ASK
2018-12-17 09:56:59,NKE,70.09,2,BID
2018-12-17 09:56:59,NKE,70.12,11,ASK
2018-12-17 09:56:59,NKE,70.09,2,BID
2018-12-17 09:56:59,NKE,70.12,11,ASK
2018-12-17 09:57:01,NKE,70.09,8,BID
2018-12-17 09:57:00,NKE,70.12,12,ASK
2018-12-17 09:57:01,NKE,70.09,8,BID
2018-12-17 09:57:00,NKE,70.12,12,ASK
2018-12-17 09:57:02,NKE,70.09,7,BID
2018-12-17 09:57:02,NKE,70.12,12,ASK
2018-12-17 09:57:02,NKE,70.09,7,BID
2018-12-17 09:57:02,NKE,70.12,12,ASK
2018-12-17 09:57:04,NKE,70.07,12,BID
2018-12-17 09:57:04,NKE,70.09,2,ASK
2018-12-17 09:57:05,NKE,70.08,2,BID
2018-12-17 09:57:04,NKE,70.11,3,ASK
2018-12-17 09:57:07,NKE,70.08,5,BID
2018-12-17 09:57:02,NKE,70.12,11,ASK
2018-12-17 09:57:07,NKE,70.08,5,BID
2018-12-17 09:57:02,NKE,70.12,11,ASK
2018-12-17 09:57:07,NKE,70.08,6,BID
2018-12-17 09:57:02,NKE,70.12,10,ASK
2018-12-17 09:57:07,NKE,70.08,6,BID
2018-12-17 09:57:02,NKE,70.12,10,ASK
2018-12-17 09:57:07,NKE,70.08,6,BID
2018-12-17 09:57:02,NKE,70.12,10,ASK
2018-12-17 09:57:12,NKE,70.08,6,BID
2018-12-17 09:57:02,NKE,70.12,11,ASK
2018-12-17 09:57:12,NKE,70.08,6,BID
2018-12-17 09:57:02,NKE,70.12,12,ASK
2018-12-17 09:57:14,NKE,70.08,4,BID
2018-12-17 09:57:14,NKE,70.11,2,ASK
2018-12-17 09:56:52,NKE,70.07,12,BID
2018-12-17 09:57:14,NKE,70.09,5,ASK
2018-12-17 09:57:16,NKE,70.07,13,BID
2018-12-17 09:57:16,NKE,70.1,2,ASK
2018-12-17 09:57:17,NKE,70.07,13,BID
2018-12-17 09:57:17,NKE,70.1,3,ASK
2018-12-17 09:57:17,NKE,70.07,13,BID
2018-12-17 09:57:17,NKE,70.1,3,ASK
2018-12-17 09:57:18,NKE,70.07,15,BID
2018-12-17 09:57:18,NKE,70.1,2,ASK
2018-12-17 09:57:18,NKE,70.07,15,BID
2018-12-17 09:57:18,NKE,70.1,2,ASK
2018-12-17 09:57:21,NKE,70.07,15,BID
2018-12-17 09:57:21,NKE,70.1,3,ASK
2018-12-17 09:57:22,NKE,70.07,15,BID
2018-12-17 09:57:22,NKE,70.1,2,ASK
2018-12-17 09:57:23,NKE,70.07,14,BID
2018-12-17 09:57:23,NKE,70.1,3,ASK
2018-12-17 09:57:23,NKE,70.07,15,BID
2018-12-17 09:57:23,NKE,70.1,3,ASK
2018-12-17 09:57:25,NKE,70.08,3,BID
2018-12-17 09:57:25,NKE,70.1,2,ASK
2018-12-17 09:57:23,NKE,70.07,13,BID
2018-12-17 09:57:25,NKE,70.1,2,ASK
2018-12-17 09:57:27,NKE,70.09,1,BID
2018-12-17 09:57:18,NKE,70.12,10,ASK
2018-12-17 09:57:27,NKE,70.09,5,BID
2018-12-17 09:57:27,NKE,70.14,4,ASK
2018-12-17 09:57:29,NKE,70.12,3,BID
2018-12-17 09:57:29,NKE,70.16,1,ASK
2018-12-17 09:57:30,NKE,70.12,6,BID
2018-12-17 09:57:30,NKE,70.16,1,ASK
2018-12-17 09:57:30,NKE,70.12,6,BID
2018-12-17 09:57:30,NKE,70.16,1,ASK
2018-12-17 09:57:30,NKE,70.12,6,BID
2018-12-17 09:57:32,NKE,70.16,1,ASK
2018-12-17 09:57:30,NKE,70.12,6,BID
2018-12-17 09:57:32,NKE,70.16,1,ASK
2018-12-17 09:57:30,NKE,70.12,6,BID
2018-12-17 09:57:34,NKE,70.16,2,ASK
2018-12-17 09:57:35,NKE,70.12,8,BID
2018-12-17 09:57:34,NKE,70.16,2,ASK
2018-12-17 09:57:35,NKE,70.12,8,BID
2018-12-17 09:57:34,NKE,70.16,2,ASK
2018-12-17 09:57:37,NKE,70.14,4,BID
2018-12-17 09:57:37,NKE,70.18,1,ASK
2018-12-17 09:57:37,NKE,70.14,4,BID
2018-12-17 09:57:37,NKE,70.18,1,ASK
2018-12-17 09:57:37,NKE,70.14,4,BID
2018-12-17 09:57:37,NKE,70.18,1,ASK
2018-12-17 09:57:40,NKE,70.15,3,BID
2018-12-17 09:57:40,NKE,70.18,3,ASK
2018-12-17 09:57:40,NKE,70.14,7,BID
2018-12-17 09:57:40,NKE,70.19,1,ASK
2018-12-17 09:57:42,NKE,70.14,7,BID
2018-12-17 09:57:42,NKE,70.19,4,ASK
2018-12-17 09:57:42,NKE,70.14,7,BID
2018-12-17 09:57:42,NKE,70.19,6,ASK
2018-12-17 09:57:44,NKE,70.14,8,BID
2018-12-17 09:57:44,NKE,70.19,7,ASK
2018-12-17 09:57:44,NKE,70.14,8,BID
2018-12-17 09:57:44,NKE,70.18,1,ASK
2018-12-17 09:57:44,NKE,70.14,8,BID
2018-12-17 09:57:44,NKE,70.18,1,ASK
2018-12-17 09:57:47,NKE,70.14,8,BID
2018-12-17 09:57:47,NKE,70.19,8,ASK
2018-12-17 09:57:47,NKE,70.14,8,BID
2018-12-17 09:57:47,NKE,70.19,8,ASK
2018-12-17 09:57:49,NKE,70.14,8,BID
2018-12-17 09:57:49,NKE,70.17,3,ASK
2018-12-17 09:57:49,NKE,70.14,9,BID
2018-12-17 09:57:49,NKE,70.16,2,ASK
2018-12-17 09:57:50,NKE,70.14,9,BID
2018-12-17 09:57:50,NKE,70.16,3,ASK
2018-12-17 09:57:51,NKE,70.14,6,BID
2018-12-17 09:57:51,NKE,70.16,1,ASK
2018-12-17 09:57:53,NKE,70.13,3,BID
2018-12-17 09:57:53,NKE,70.16,6,ASK
2018-12-17 09:57:54,NKE,70.13,1,BID
2018-12-17 09:57:54,NKE,70.16,6,ASK
2018-12-17 09:57:55,NKE,70.13,3,BID
2018-12-17 09:57:55,NKE,70.16,6,ASK
2018-12-17 09:57:55,NKE,70.13,3,BID
2018-12-17 09:57:55,NKE,70.16,6,ASK
2018-12-17 09:57:57,NKE,70.14,4,BID
2018-12-17 09:57:57,NKE,70.18,4,ASK
2018-12-17 09:57:57,NKE,70.14,5,BID
2018-12-17 09:57:58,NKE,70.18,4,ASK
2018-12-17 09:57:57,NKE,70.14,5,BID
2018-12-17 09:57:58,NKE,70.18,4,ASK
2018-12-17 09:58:00,NKE,70.17,2,BID
2018-12-17 09:58:00,NKE,70.2,2,ASK
2018-12-17 09:58:00,NKE,70.17,4,BID
2018-12-17 09:58:01,NKE,70.2,5,ASK
2018-12-17 09:58:00,NKE,70.17,4,BID
2018-12-17 09:58:01,NKE,70.2,5,ASK
2018-12-17 09:58:00,NKE,70.17,4,BID
2018-12-17 09:58:01,NKE,70.2,5,ASK
2018-12-17 09:58:03,NKE,70.17,6,BID
2018-12-17 09:58:03,NKE,70.2,5,ASK
2018-12-17 09:58:04,NKE,70.17,6,BID
2018-12-17 09:58:04,NKE,70.2,6,ASK
2018-12-17 09:58:04,NKE,70.17,6,BID
2018-12-17 09:58:04,NKE,70.2,6,ASK
2018-12-17 09:58:07,NKE,70.2,3,BID
2018-12-17 09:58:06,NKE,70.23,5,ASK
2018-12-17 09:58:08,NKE,70.2,4,BID
2018-12-17 09:58:08,NKE,70.23,6,ASK
2018-12-17 09:58:08,NKE,70.2,4,BID
2018-12-17 09:58:08,NKE,70.23,6,ASK
2018-12-17 09:58:08,NKE,70.2,4,BID
2018-12-17 09:58:10,NKE,70.23,6,ASK
2018-12-17 09:58:08,NKE,70.2,4,BID
2018-12-17 09:58:10,NKE,70.23,6,ASK
2018-12-17 09:58:08,NKE,70.2,4,BID
2018-12-17 09:58:10,NKE,70.23,6,ASK
2018-12-17 09:58:12,NKE,70.19,2,BID
2018-12-17 09:58:12,NKE,70.23,6,ASK
2018-12-17 09:58:13,NKE,70.19,3,BID
2018-12-17 09:58:14,NKE,70.22,1,ASK
2018-12-17 09:58:13,NKE,70.19,3,BID
2018-12-17 09:58:14,NKE,70.22,1,ASK
2018-12-17 09:58:13,NKE,70.19,3,BID
2018-12-17 09:58:16,NKE,70.22,3,ASK
2018-12-17 09:58:13,NKE,70.19,3,BID
2018-12-17 09:58:16,NKE,70.22,3,ASK
2018-12-17 09:58:13,NKE,70.19,3,BID
2018-12-17 09:58:16,NKE,70.22,3,ASK
2018-12-17 09:58:19,NKE,70.19,4,BID
2018-12-17 09:58:16,NKE,70.22,3,ASK
2018-12-17 09:58:20,NKE,70.19,2,BID
2018-12-17 09:58:20,NKE,70.22,3,ASK
2018-12-17 09:58:20,NKE,70.19,2,BID
2018-12-17 09:58:20,NKE,70.22,3,ASK
2018-12-17 09:58:21,NKE,70.19,4,BID
2018-12-17 09:58:13,NKE,70.23,9,ASK
2018-12-17 09:58:21,NKE,70.19,4,BID
2018-12-17 09:58:13,NKE,70.23,11,ASK
2018-12-17 09:58:21,NKE,70.19,4,BID
2018-12-17 09:58:24,NKE,70.22,1,ASK
2018-12-17 09:58:25,NKE,70.2,2,BID
2018-12-17 09:58:13,NKE,70.23,9,ASK
2018-12-17 09:58:25,NKE,70.2,2,BID
2018-12-17 09:58:13,NKE,70.23,9,ASK
2018-12-17 09:58:27,NKE,70.22,2,BID
2018-12-17 09:58:27,NKE,70.25,5,ASK
2018-12-17 09:58:27,NKE,70.22,2,BID
2018-12-17 09:58:27,NKE,70.25,5,ASK
2018-12-17 09:58:29,NKE,70.22,5,BID
2018-12-17 09:58:29,NKE,70.26,2,ASK
2018-12-17 09:58:30,NKE,70.22,5,BID
2018-12-17 09:58:30,NKE,70.26,3,ASK
2018-12-17 09:58:30,NKE,70.23,3,BID
2018-12-17 09:58:30,NKE,70.26,3,ASK
2018-12-17 09:58:32,NKE,70.23,5,BID
2018-12-17 09:58:32,NKE,70.26,3,ASK
2018-12-17 09:58:33,NKE,70.24,2,BID
2018-12-17 09:58:33,NKE,70.26,3,ASK
2018-12-17 09:58:34,NKE,70.23,6,BID
2018-12-17 09:58:33,NKE,70.26,5,ASK
2018-12-17 09:58:34,NKE,70.23,6,BID
2018-12-17 09:58:33,NKE,70.26,5,ASK
2018-12-17 09:58:35,NKE,70.24,1,BID
2018-12-17 09:58:33,NKE,70.26,5,ASK
2018-12-17 09:58:37,NKE,70.24,1,BID
2018-12-17 09:58:37,NKE,70.27,7,ASK
2018-12-17 09:58:37,NKE,70.24,1,BID
2018-12-17 09:58:37,NKE,70.27,7,ASK
2018-12-17 09:58:39,NKE,70.24,1,BID
2018-12-17 09:58:37,NKE,70.27,7,ASK
2018-12-17 09:58:39,NKE,70.24,1,BID
2018-12-17 09:58:37,NKE,70.27,7,ASK
2018-12-17 09:58:39,NKE,70.24,1,BID
2018-12-17 09:58:37,NKE,70.27,7,ASK
2018-12-17 09:58:39,NKE,70.24,1,BID
2018-12-17 09:58:37,NKE,70.27,7,ASK
2018-12-17 09:58:39,NKE,70.24,1,BID
2018-12-17 09:58:37,NKE,70.27,7,ASK
2018-12-17 09:58:39,NKE,70.24,1,BID
2018-12-17 09:58:37,NKE,70.27,7,ASK
2018-12-17 09:58:44,NKE,70.24,6,BID
2018-12-17 09:58:45,NKE,70.3,2,ASK
2018-12-17 09:58:46,NKE,70.24,6,BID
2018-12-17 09:58:46,NKE,70.28,3,ASK
2018-12-17 09:58:47,NKE,70.25,3,BID
2018-12-17 09:58:47,NKE,70.3,4,ASK
2018-12-17 09:58:48,NKE,70.26,2,BID
2018-12-17 09:58:48,NKE,70.3,5,ASK
2018-12-17 09:58:49,NKE,70.27,1,BID
2018-12-17 09:58:49,NKE,70.3,5,ASK
2018-12-17 09:58:49,NKE,70.27,1,BID
2018-12-17 09:58:49,NKE,70.3,5,ASK
2018-12-17 09:58:51,NKE,70.27,6,BID
2018-12-17 09:58:51,NKE,70.3,8,ASK
2018-12-17 09:58:51,NKE,70.27,6,BID
2018-12-17 09:58:51,NKE,70.3,8,ASK
2018-12-17 09:58:53,NKE,70.27,6,BID
2018-12-17 09:58:51,NKE,70.3,8,ASK
2018-12-17 09:58:54,NKE,70.27,6,BID
2018-12-17 09:58:54,NKE,70.29,1,ASK
2018-12-17 09:58:55,NKE,70.25,5,BID
2018-12-17 09:58:55,NKE,70.27,2,ASK
2018-12-17 09:58:55,NKE,70.25,5,BID
2018-12-17 09:58:55,NKE,70.27,3,ASK
2018-12-17 09:58:55,NKE,70.25,5,BID
2018-12-17 09:58:55,NKE,70.27,3,ASK
2018-12-17 09:58:57,NKE,70.27,2,BID
2018-12-17 09:58:57,NKE,70.29,5,ASK
2018-12-17 09:58:57,NKE,70.25,5,BID
2018-12-17 09:58:59,NKE,70.29,7,ASK
2018-12-17 09:58:57,NKE,70.25,5,BID
2018-12-17 09:59:00,NKE,70.29,7,ASK
2018-12-17 09:58:57,NKE,70.25,5,BID
2018-12-17 09:59:00,NKE,70.29,7,ASK
2018-12-17 09:58:57,NKE,70.25,5,BID
2018-12-17 09:59:00,NKE,70.29,7,ASK
2018-12-17 09:59:03,NKE,70.21,2,BID
2018-12-17 09:59:03,NKE,70.26,4,ASK
2018-12-17 09:59:04,NKE,70.21,4,BID
2018-12-17 09:59:04,NKE,70.26,6,ASK
2018-12-17 09:59:04,NKE,70.21,4,BID
2018-12-17 09:59:04,NKE,70.26,6,ASK
2018-12-17 09:59:04,NKE,70.21,4,BID
2018-12-17 09:59:04,NKE,70.26,6,ASK
2018-12-17 09:59:04,NKE,70.21,4,BID
2018-12-17 09:59:07,NKE,70.26,6,ASK
2018-12-17 09:59:04,NKE,70.21,4,BID
2018-12-17 09:59:07,NKE,70.26,6,ASK
2018-12-17 09:59:08,NKE,70.22,3,BID
2018-12-17 09:59:08,NKE,70.26,6,ASK
2018-12-17 09:59:10,NKE,70.22,3,BID
2018-12-17 09:59:10,NKE,70.26,9,ASK
2018-12-17 09:59:11,NKE,70.22,8,BID
2018-12-17 09:59:11,NKE,70.26,9,ASK
2018-12-17 09:59:12,NKE,70.25,2,BID
2018-12-17 09:59:12,NKE,70.29,8,ASK
2018-12-17 09:59:13,NKE,70.26,3,BID
2018-12-17 09:59:13,NKE,70.3,7,ASK
2018-12-17 09:59:14,NKE,70.26,3,BID
2018-12-17 09:58:49,NKE,70.3,8,ASK
2018-12-17 09:59:14,NKE,70.26,5,BID
2018-12-17 09:58:49,NKE,70.3,8,ASK
2018-12-17 09:59:16,NKE,70.29,5,BID
2018-12-17 09:59:16,NKE,70.33,4,ASK
2018-12-17 09:59:16,NKE,70.29,5,BID
2018-12-17 09:59:16,NKE,70.33,4,ASK
2018-12-17 09:59:16,NKE,70.29,5,BID
2018-12-17 09:59:16,NKE,70.33,4,ASK
2018-12-17 09:59:19,NKE,70.29,5,BID
2018-12-17 09:59:16,NKE,70.33,8,ASK
2018-12-17 09:59:19,NKE,70.29,5,BID
2018-12-17 09:59:16,NKE,70.33,9,ASK
2018-12-17 09:59:19,NKE,70.29,5,BID
2018-12-17 09:59:16,NKE,70.33,9,ASK
2018-12-17 09:59:22,NKE,70.31,2,BID
2018-12-17 09:59:16,NKE,70.33,8,ASK
2018-12-17 09:59:23,NKE,70.29,1,BID
2018-12-17 09:59:23,NKE,70.32,4,ASK
2018-12-17 09:59:24,NKE,70.27,1,BID
2018-12-17 09:59:24,NKE,70.29,1,ASK
2018-12-17 09:59:25,NKE,70.27,2,BID
2018-12-17 09:59:25,NKE,70.31,4,ASK
2018-12-17 09:59:26,NKE,70.27,5,BID
2018-12-17 09:59:26,NKE,70.31,4,ASK
2018-12-17 09:59:26,NKE,70.27,5,BID
2018-12-17 09:59:26,NKE,70.31,4,ASK
2018-12-17 09:59:26,NKE,70.27,5,BID
2018-12-17 09:59:26,NKE,70.31,4,ASK
2018-12-17 09:59:26,NKE,70.27,5,BID
2018-12-17 09:59:26,NKE,70.31,4,ASK
2018-12-17 09:59:30,NKE,70.27,5,BID
2018-12-17 09:59:30,NKE,70.31,5,ASK
2018-12-17 09:59:31,NKE,70.29,6,BID
2018-12-17 09:59:31,NKE,70.31,5,ASK
2018-12-17 09:59:31,NKE,70.29,6,BID
2018-12-17 09:59:31,NKE,70.31,5,ASK
2018-12-17 09:59:33,NKE,70.3,5,BID
2018-12-17 09:59:16,NKE,70.33,8,ASK
2018-12-17 09:59:34,NKE,70.3,7,BID
2018-12-17 09:59:16,NKE,70.33,9,ASK
2018-12-17 09:59:34,NKE,70.3,7,BID
2018-12-17 09:59:16,NKE,70.33,9,ASK
2018-12-17 09:59:36,NKE,70.32,2,BID
2018-12-17 09:59:36,NKE,70.35,6,ASK
2018-12-17 09:59:36,NKE,70.32,2,BID
2018-12-17 09:59:36,NKE,70.35,7,ASK
2018-12-17 09:59:37,NKE,70.34,5,BID
2018-12-17 09:59:37,NKE,70.36,1,ASK
2018-12-17 09:59:38,NKE,70.34,4,BID
2018-12-17 09:42:24,NKE,70.37,4,ASK
2018-12-17 09:59:38,NKE,70.36,1,BID
2018-12-17 09:59:38,NKE,70.38,4,ASK
2018-12-17 09:59:41,NKE,70.34,7,BID
2018-12-17 09:59:41,NKE,70.38,4,ASK
2018-12-17 09:59:41,NKE,70.34,7,BID
2018-12-17 09:59:41,NKE,70.38,4,ASK
2018-12-17 09:59:41,NKE,70.34,7,BID
2018-12-17 09:59:41,NKE,70.38,4,ASK
2018-12-17 09:59:41,NKE,70.34,7,BID
2018-12-17 09:59:41,NKE,70.38,4,ASK
2018-12-17 09:59:41,NKE,70.34,7,BID
2018-12-17 09:59:45,NKE,70.37,1,ASK
2018-12-17 09:59:41,NKE,70.34,7,BID
2018-12-17 09:59:46,NKE,70.37,3,ASK
2018-12-17 09:59:47,NKE,70.36,5,BID
2018-12-17 09:59:47,NKE,70.38,7,ASK
2018-12-17 09:59:48,NKE,70.37,2,BID
2018-12-17 09:59:48,NKE,70.39,4,ASK
2018-12-17 09:59:49,NKE,70.37,2,BID
2018-12-17 09:59:48,NKE,70.39,5,ASK
2018-12-17 09:59:50,NKE,70.39,1,BID
2018-12-17 09:59:50,NKE,70.42,1,ASK
2018-12-17 09:59:51,NKE,70.38,2,BID
2018-12-17 09:59:51,NKE,70.42,2,ASK
2018-12-17 09:59:52,NKE,70.38,2,BID
2018-12-17 09:59:51,NKE,70.42,4,ASK
2018-12-17 09:59:52,NKE,70.38,4,BID
2018-12-17 09:59:52,NKE,70.41,1,ASK
2018-12-17 09:59:54,NKE,70.41,3,BID
2018-12-17 09:59:54,NKE,70.45,1,ASK
2018-12-17 09:59:55,NKE,70.41,3,BID
2018-12-17 09:59:55,NKE,70.49,5,ASK
2018-12-17 09:59:55,NKE,70.41,4,BID
2018-12-17 09:59:55,NKE,70.49,5,ASK
2018-12-17 09:59:55,NKE,70.41,4,BID
2018-12-17 09:59:57,NKE,70.49,5,ASK
2018-12-17 09:59:55,NKE,70.41,4,BID
2018-12-17 09:59:58,NKE,70.49,9,ASK
2018-12-17 09:59:55,NKE,70.41,5,BID
2018-12-17 09:59:59,NKE,70.47,3,ASK
2018-12-17 10:00:00,NKE,70.41,6,BID
2018-12-17 10:00:00,NKE,70.47,7,ASK
2018-12-17 10:00:00,NKE,70.38,2,BID
2018-12-17 10:00:00,NKE,70.42,3,ASK
2018-12-17 09:59:41,NKE,70.34,7,BID
2018-12-17 10:00:01,NKE,70.39,2,ASK
2018-12-17 10:00:01,NKE,70.38,2,BID
2018-12-17 10:00:01,NKE,70.42,6,ASK
2018-12-17 10:00:02,NKE,70.38,2,BID
2018-12-17 10:00:02,NKE,70.42,6,ASK
2018-12-17 10:00:02,NKE,70.38,2,BID
2018-12-17 10:00:02,NKE,70.42,6,ASK
2018-12-17 10:00:04,NKE,70.38,6,BID
2018-12-17 10:00:02,NKE,70.42,6,ASK
2018-12-17 10:00:04,NKE,70.38,6,BID
2018-12-17 10:00:02,NKE,70.42,6,ASK
2018-12-17 10:00:07,NKE,70.35,3,BID
2018-12-17 10:00:07,NKE,70.4,1,ASK
2018-12-17 10:00:07,NKE,70.35,5,BID
2018-12-17 10:00:07,NKE,70.4,2,ASK
2018-12-17 10:00:07,NKE,70.36,3,BID
2018-12-17 10:00:07,NKE,70.42,9,ASK
2018-12-17 10:00:07,NKE,70.36,3,BID
2018-12-17 10:00:07,NKE,70.42,9,ASK
2018-12-17 10:00:07,NKE,70.36,3,BID
2018-12-17 10:00:07,NKE,70.42,9,ASK
2018-12-17 10:00:09,NKE,70.36,2,BID
2018-12-17 10:00:09,NKE,70.42,7,ASK
2018-12-17 10:00:09,NKE,70.36,2,BID
2018-12-17 10:00:01,NKE,70.42,7,ASK
2018-12-17 10:00:12,NKE,70.36,2,BID
2018-12-17 10:00:12,NKE,70.41,5,ASK
2018-12-17 10:00:13,NKE,70.39,6,BID
2018-12-17 10:00:13,NKE,70.43,4,ASK
2018-12-17 10:00:15,NKE,70.38,4,BID
2018-12-17 10:00:15,NKE,70.44,3,ASK
2018-12-17 10:00:15,NKE,70.38,4,BID
2018-12-17 10:00:15,NKE,70.44,3,ASK
2018-12-17 10:00:17,NKE,70.39,5,BID
2018-12-17 10:00:17,NKE,70.44,7,ASK
2018-12-17 10:00:17,NKE,70.39,5,BID
2018-12-17 10:00:17,NKE,70.44,7,ASK
2018-12-17 10:00:22,NKE,70.36,4,BID
2018-12-17 10:00:21,NKE,70.41,13,ASK
2018-12-17 10:00:22,NKE,70.36,7,BID
2018-12-17 10:00:21,NKE,70.41,13,ASK
2018-12-17 10:00:22,NKE,70.36,7,BID
2018-12-17 10:00:21,NKE,70.41,13,ASK
2018-12-17 10:00:22,NKE,70.36,7,BID
2018-12-17 10:00:21,NKE,70.41,13,ASK
2018-12-17 10:00:22,NKE,70.36,7,BID
2018-12-17 10:00:21,NKE,70.41,13,ASK
2018-12-17 10:00:26,NKE,70.38,6,BID
2018-12-17 10:00:26,NKE,70.42,5,ASK
2018-12-17 10:00:27,NKE,70.41,3,BID
2018-12-17 10:00:27,NKE,70.41,3,ASK
2018-12-17 10:00:28,NKE,70.37,7,BID
2018-12-17 10:00:28,NKE,70.42,3,ASK
2018-12-17 10:00:28,NKE,70.37,7,BID
2018-12-17 10:00:30,NKE,70.42,3,ASK
2018-12-17 10:00:30,NKE,70.45,2,BID
2018-12-17 10:00:30,NKE,70.47,2,ASK
2018-12-17 10:00:30,NKE,70.43,2,BID
2018-12-17 10:00:31,NKE,70.45,1,ASK
2018-12-17 10:00:32,NKE,70.42,4,BID
2018-12-17 10:00:32,NKE,70.45,1,ASK
2018-12-17 10:00:34,NKE,70.42,4,BID
2018-12-17 10:00:34,NKE,70.45,3,ASK
2018-12-17 10:00:35,NKE,70.41,6,BID
2018-12-17 10:00:35,NKE,70.45,6,ASK
2018-12-17 10:00:35,NKE,70.41,7,BID
2018-12-17 10:00:35,NKE,70.44,2,ASK
2018-12-17 10:00:35,NKE,70.41,7,BID
2018-12-17 10:00:35,NKE,70.44,2,ASK
2018-12-17 10:00:37,NKE,70.42,1,BID
2018-12-17 10:00:37,NKE,70.44,3,ASK
2018-12-17 10:00:37,NKE,70.42,1,BID
2018-12-17 10:00:37,NKE,70.44,3,ASK
2018-12-17 10:00:40,NKE,70.42,2,BID
2018-12-17 10:00:40,NKE,70.44,7,ASK
2018-12-17 10:00:41,NKE,70.42,2,BID
2018-12-17 10:00:41,NKE,70.44,6,ASK
2018-12-17 10:00:41,NKE,70.44,1,BID
2018-12-17 10:00:41,NKE,70.47,4,ASK
2018-12-17 10:00:42,NKE,70.45,1,BID
2018-12-17 10:00:41,NKE,70.47,4,ASK
2018-12-17 10:00:41,NKE,70.43,4,BID
2018-12-17 10:00:41,NKE,70.47,4,ASK
2018-12-17 10:00:44,NKE,70.43,5,BID
2018-12-17 10:00:41,NKE,70.47,4,ASK
2018-12-17 10:00:44,NKE,70.43,5,BID
2018-12-17 10:00:41,NKE,70.47,4,ASK
2018-12-17 10:00:47,NKE,70.43,6,BID
2018-12-17 10:00:47,NKE,70.47,5,ASK
2018-12-17 10:00:47,NKE,70.43,6,BID
2018-12-17 10:00:47,NKE,70.47,5,ASK
2018-12-17 10:00:49,NKE,70.44,5,BID
2018-12-17 10:00:49,NKE,70.47,6,ASK
2018-12-17 10:00:49,NKE,70.44,5,BID
2018-12-17 10:00:49,NKE,70.47,6,ASK
2018-12-17 10:00:50,NKE,70.44,5,BID
2018-12-17 10:00:49,NKE,70.47,7,ASK
2018-12-17 10:00:50,NKE,70.44,5,BID
2018-12-17 10:00:49,NKE,70.47,7,ASK
2018-12-17 10:00:53,NKE,70.44,2,BID
2018-12-17 10:00:49,NKE,70.47,7,ASK
2018-12-17 10:00:54,NKE,70.46,1,BID
2018-12-17 09:59:58,NKE,70.49,6,ASK
2018-12-17 10:00:54,NKE,70.44,7,BID
2018-12-17 10:00:54,NKE,70.48,1,ASK
2018-12-17 10:00:54,NKE,70.44,7,BID
2018-12-17 10:00:54,NKE,70.48,1,ASK
2018-12-17 10:00:54,NKE,70.44,7,BID
2018-12-17 10:00:56,NKE,70.48,3,ASK
2018-12-17 10:00:57,NKE,70.44,7,BID
2018-12-17 10:00:57,NKE,70.48,4,ASK
2018-12-17 10:00:57,NKE,70.44,7,BID
2018-12-17 10:00:57,NKE,70.48,4,ASK
2018-12-17 10:00:57,NKE,70.44,7,BID
2018-12-17 10:01:00,NKE,70.48,4,ASK
2018-12-17 10:01:00,NKE,70.44,7,BID
2018-12-17 10:01:00,NKE,70.48,5,ASK
2018-12-17 10:01:00,NKE,70.44,7,BID
2018-12-17 10:01:00,NKE,70.48,5,ASK
2018-12-17 10:01:00,NKE,70.44,7,BID
2018-12-17 10:01:00,NKE,70.48,5,ASK
2018-12-17 10:01:03,NKE,70.45,1,BID
2018-12-17 10:01:03,NKE,70.48,7,ASK
2018-12-17 10:01:03,NKE,70.45,1,BID
2018-12-17 10:01:03,NKE,70.48,7,ASK
2018-12-17 10:01:06,NKE,70.45,9,BID
2018-12-17 10:01:06,NKE,70.46,1,ASK
2018-12-17 10:01:06,NKE,70.45,9,BID
2018-12-17 10:01:06,NKE,70.46,2,ASK
2018-12-17 10:01:08,NKE,70.46,1,BID
2018-12-17 10:01:08,NKE,70.47,1,ASK
2018-12-17 10:01:06,NKE,70.45,8,BID
2018-12-17 10:01:09,NKE,70.47,1,ASK
2018-12-17 10:01:06,NKE,70.45,8,BID
2018-12-17 10:01:09,NKE,70.47,2,ASK
2018-12-17 10:01:10,NKE,70.46,1,BID
2018-12-17 10:01:10,NKE,70.48,7,ASK
2018-12-17 10:01:11,NKE,70.46,1,BID
2018-12-17 10:01:10,NKE,70.48,8,ASK
2018-12-17 10:01:12,NKE,70.46,6,BID
2018-12-17 10:01:10,NKE,70.48,8,ASK
2018-12-17 10:01:13,NKE,70.46,8,BID
2018-12-17 10:01:10,NKE,70.48,8,ASK
2018-12-17 10:01:14,NKE,70.46,11,BID
2018-12-17 10:01:14,NKE,70.5,4,ASK
2018-12-17 10:01:16,NKE,70.5,3,BID
2018-12-17 10:01:16,NKE,70.53,4,ASK
2018-12-17 10:01:17,NKE,70.5,3,BID
2018-12-17 10:01:16,NKE,70.53,4,ASK
2018-12-17 10:01:18,NKE,70.5,4,BID
2018-12-17 10:01:16,NKE,70.53,5,ASK
2018-12-17 10:01:18,NKE,70.5,5,BID
2018-12-17 10:01:16,NKE,70.53,5,ASK
2018-12-17 10:01:20,NKE,70.5,5,BID
2018-12-17 10:01:16,NKE,70.53,5,ASK
2018-12-17 10:01:20,NKE,70.5,5,BID
2018-12-17 10:01:16,NKE,70.53,5,ASK
2018-12-17 10:01:21,NKE,70.49,5,BID
2018-12-17 10:01:22,NKE,70.52,1,ASK
2018-12-17 10:01:21,NKE,70.49,5,BID
2018-12-17 10:01:22,NKE,70.52,1,ASK
2018-12-17 10:01:23,NKE,70.5,1,BID
2018-12-17 10:01:23,NKE,70.53,6,ASK
2018-12-17 10:01:24,NKE,70.52,1,BID
2018-12-17 10:01:24,NKE,70.54,6,ASK
2018-12-17 10:01:25,NKE,70.52,8,BID
2018-12-17 10:01:25,NKE,70.55,2,ASK
2018-12-17 10:01:27,NKE,70.5,3,BID
2018-12-17 10:01:27,NKE,70.54,5,ASK
2018-12-17 10:01:28,NKE,70.48,4,BID
2018-12-17 10:01:28,NKE,70.54,5,ASK
2018-12-17 10:01:29,NKE,70.49,1,BID
2018-12-17 10:01:29,NKE,70.53,2,ASK
2018-12-17 10:01:30,NKE,70.48,4,BID
2018-12-17 10:01:30,NKE,70.53,2,ASK
2018-12-17 10:01:30,NKE,70.48,4,BID
2018-12-17 10:01:30,NKE,70.53,2,ASK
2018-12-17 10:01:30,NKE,70.48,4,BID
2018-12-17 10:01:30,NKE,70.53,2,ASK
2018-12-17 10:01:32,NKE,70.48,6,BID
2018-12-17 10:01:32,NKE,70.53,2,ASK
2018-12-17 10:01:34,NKE,70.48,6,BID
2018-12-17 10:01:34,NKE,70.53,4,ASK
2018-12-17 10:01:34,NKE,70.48,6,BID
2018-12-17 10:01:34,NKE,70.53,4,ASK
2018-12-17 10:01:35,NKE,70.48,6,BID
2018-12-17 10:01:34,NKE,70.53,4,ASK
2018-12-17 10:01:35,NKE,70.48,6,BID
2018-12-17 10:01:34,NKE,70.53,4,ASK
2018-12-17 10:01:37,NKE,70.48,7,BID
2018-12-17 10:01:34,NKE,70.53,4,ASK
2018-12-17 10:01:38,NKE,70.48,7,BID
2018-12-17 10:01:38,NKE,70.53,6,ASK
2018-12-17 10:01:38,NKE,70.48,7,BID
2018-12-17 10:01:38,NKE,70.53,6,ASK
2018-12-17 10:01:38,NKE,70.48,7,BID
2018-12-17 10:01:40,NKE,70.53,6,ASK
2018-12-17 10:01:38,NKE,70.48,7,BID
2018-12-17 10:01:40,NKE,70.53,6,ASK
2018-12-17 10:01:38,NKE,70.48,7,BID
2018-12-17 10:01:40,NKE,70.53,6,ASK
2018-12-17 10:01:38,NKE,70.48,7,BID
2018-12-17 10:01:43,NKE,70.53,6,ASK
2018-12-17 10:01:38,NKE,70.48,7,BID
2018-12-17 10:01:45,NKE,70.53,6,ASK
2018-12-17 10:01:46,NKE,70.5,1,BID
2018-12-17 10:01:45,NKE,70.53,6,ASK
2018-12-17 10:01:47,NKE,70.5,1,BID
2018-12-17 10:01:47,NKE,70.53,6,ASK
2018-12-17 10:01:48,NKE,70.5,6,BID
2018-12-17 10:01:47,NKE,70.53,6,ASK
2018-12-17 10:01:48,NKE,70.5,6,BID
2018-12-17 10:01:47,NKE,70.53,6,ASK
2018-12-17 10:01:48,NKE,70.5,6,BID
2018-12-17 10:01:47,NKE,70.53,6,ASK
2018-12-17 10:01:48,NKE,70.5,6,BID
2018-12-17 10:01:47,NKE,70.53,6,ASK
2018-12-17 10:01:52,NKE,70.5,6,BID
2018-12-17 10:01:47,NKE,70.53,6,ASK
2018-12-17 10:01:52,NKE,70.5,6,BID
2018-12-17 10:01:47,NKE,70.53,6,ASK
2018-12-17 10:01:54,NKE,70.5,6,BID
2018-12-17 10:01:54,NKE,70.52,1,ASK
2018-12-17 10:01:54,NKE,70.5,6,BID
2018-12-17 10:01:54,NKE,70.52,1,ASK
2018-12-17 10:01:55,NKE,70.56,2,BID
2018-12-17 10:01:55,NKE,70.59,9,ASK
2018-12-17 10:01:56,NKE,70.56,1,BID
2018-12-17 10:01:56,NKE,70.58,1,ASK
2018-12-17 10:01:57,NKE,70.56,2,BID
2018-12-17 10:01:57,NKE,70.59,10,ASK
2018-12-17 10:01:57,NKE,70.56,2,BID
2018-12-17 10:01:57,NKE,70.59,10,ASK
2018-12-17 10:02:00,NKE,70.56,2,BID
2018-12-17 10:02:00,NKE,70.58,1,ASK
2018-12-17 10:02:01,NKE,70.53,6,BID
2018-12-17 10:02:01,NKE,70.57,9,ASK
2018-12-17 10:02:01,NKE,70.53,6,BID
2018-12-17 10:02:01,NKE,70.57,9,ASK
2018-12-17 10:02:03,NKE,70.53,9,BID
2018-12-17 10:02:01,NKE,70.57,9,ASK
2018-12-17 10:02:03,NKE,70.53,9,BID
2018-12-17 10:02:01,NKE,70.57,9,ASK
2018-12-17 10:02:05,NKE,70.53,9,BID
2018-12-17 10:02:05,NKE,70.56,1,ASK
2018-12-17 10:02:05,NKE,70.53,9,BID
2018-12-17 10:02:05,NKE,70.56,1,ASK
2018-12-17 10:02:05,NKE,70.53,9,BID
2018-12-17 10:02:05,NKE,70.56,1,ASK
2018-12-17 10:02:05,NKE,70.53,9,BID
2018-12-17 10:02:05,NKE,70.56,1,ASK
2018-12-17 10:02:09,NKE,70.53,9,BID
2018-12-17 10:02:09,NKE,70.57,10,ASK
2018-12-17 10:02:09,NKE,70.53,9,BID
2018-12-17 10:02:09,NKE,70.57,10,ASK
2018-12-17 10:02:10,NKE,70.53,9,BID
2018-12-17 10:02:09,NKE,70.57,11,ASK
2018-12-17 10:02:10,NKE,70.53,9,BID
2018-12-17 10:02:09,NKE,70.57,11,ASK
2018-12-17 10:02:10,NKE,70.53,9,BID
2018-12-17 10:02:09,NKE,70.57,11,ASK
2018-12-17 10:02:14,NKE,70.53,8,BID
2018-12-17 10:02:14,NKE,70.56,1,ASK
2018-12-17 10:02:01,NKE,70.53,8,BID
2018-12-17 10:02:00,NKE,70.57,12,ASK
2018-12-17 10:02:01,NKE,70.53,8,BID
2018-12-17 10:02:00,NKE,70.57,14,ASK
2018-12-17 10:02:01,NKE,70.53,8,BID
2018-12-17 10:02:00,NKE,70.57,14,ASK
2018-12-17 10:02:01,NKE,70.53,8,BID
2018-12-17 10:02:00,NKE,70.57,14,ASK
2018-12-17 10:02:01,NKE,70.53,8,BID
2018-12-17 10:02:00,NKE,70.57,14,ASK
2018-12-17 10:02:01,NKE,70.53,8,BID
2018-12-17 10:02:00,NKE,70.57,14,ASK
2018-12-17 10:02:01,NKE,70.53,8,BID
2018-12-17 10:02:00,NKE,70.57,14,ASK
2018-12-17 10:02:22,NKE,70.53,10,BID
2018-12-17 10:02:00,NKE,70.57,14,ASK
2018-12-17 10:02:22,NKE,70.53,10,BID
2018-12-17 10:02:00,NKE,70.57,14,ASK
2018-12-17 10:02:22,NKE,70.53,10,BID
2018-12-17 10:02:00,NKE,70.57,14,ASK
2018-12-17 10:02:22,NKE,70.53,11,BID
2018-12-17 10:02:00,NKE,70.57,14,ASK
2018-12-17 10:02:22,NKE,70.53,11,BID
2018-12-17 10:02:00,NKE,70.57,14,ASK
2018-12-17 10:02:22,NKE,70.53,11,BID
2018-12-17 10:02:00,NKE,70.57,14,ASK
2018-12-17 10:02:22,NKE,70.53,11,BID
2018-12-17 10:02:00,NKE,70.57,14,ASK
2018-12-17 10:02:22,NKE,70.53,11,BID
2018-12-17 10:02:00,NKE,70.57,14,ASK
2018-12-17 10:02:22,NKE,70.53,11,BID
2018-12-17 10:02:00,NKE,70.57,14,ASK
2018-12-17 10:02:22,NKE,70.53,11,BID
2018-12-17 10:02:00,NKE,70.57,14,ASK
2018-12-17 10:02:22,NKE,70.53,11,BID
2018-12-17 10:02:00,NKE,70.57,14,ASK
2018-12-17 10:02:22,NKE,70.53,11,BID
2018-12-17 10:02:00,NKE,70.57,14,ASK
2018-12-17 10:02:22,NKE,70.53,11,BID
2018-12-17 10:02:00,NKE,70.57,14,ASK
2018-12-17 10:02:34,NKE,70.53,11,BID
2018-12-17 10:02:00,NKE,70.57,14,ASK
2018-12-17 10:02:35,NKE,70.56,3,BID
2018-12-17 10:02:35,NKE,70.6,8,ASK
2018-12-17 10:02:36,NKE,70.56,4,BID
2018-12-17 10:02:36,NKE,70.6,9,ASK
2018-12-17 10:02:37,NKE,70.56,11,BID
2018-12-17 10:02:36,NKE,70.6,9,ASK
2018-12-17 10:02:38,NKE,70.56,11,BID
2018-12-17 10:02:38,NKE,70.6,2,ASK
2018-12-17 10:02:40,NKE,70.56,12,BID
2018-12-17 10:02:40,NKE,70.6,4,ASK
2018-12-17 10:02:41,NKE,70.57,5,BID
2018-12-17 10:02:41,NKE,70.59,1,ASK
2018-12-17 10:02:42,NKE,70.58,6,BID
2018-12-17 10:02:41,NKE,70.61,13,ASK
2018-12-17 10:02:43,NKE,70.59,4,BID
2018-12-17 10:02:43,NKE,70.62,2,ASK
2018-12-17 10:02:44,NKE,70.59,6,BID
2018-12-17 10:02:44,NKE,70.62,2,ASK
2018-12-17 10:02:45,NKE,70.61,1,BID
2018-12-17 10:02:45,NKE,70.63,3,ASK
2018-12-17 10:02:45,NKE,70.6,3,BID
2018-12-17 10:02:45,NKE,70.61,3,ASK
2018-12-17 10:02:46,NKE,70.58,1,BID
2018-12-17 10:02:46,NKE,70.6,3,ASK
2018-12-17 10:02:48,NKE,70.58,1,BID
2018-12-17 10:02:48,NKE,70.59,3,ASK
2018-12-17 10:02:48,NKE,70.58,1,BID
2018-12-17 10:02:48,NKE,70.59,3,ASK
2018-12-17 10:02:49,NKE,70.58,4,BID
2018-12-17 10:02:49,NKE,70.59,3,ASK
2018-12-17 10:02:49,NKE,70.58,4,BID
2018-12-17 10:02:49,NKE,70.59,3,ASK
2018-12-17 10:02:51,NKE,70.57,7,BID
2018-12-17 10:02:52,NKE,70.58,3,ASK
2018-12-17 10:02:51,NKE,70.57,7,BID
2018-12-17 10:02:52,NKE,70.58,3,ASK
2018-12-17 10:02:51,NKE,70.57,10,BID
2018-12-17 10:02:54,NKE,70.58,3,ASK
2018-12-17 10:02:51,NKE,70.57,10,BID
2018-12-17 10:02:54,NKE,70.58,3,ASK
2018-12-17 10:02:51,NKE,70.57,10,BID
2018-12-17 10:02:54,NKE,70.58,3,ASK
2018-12-17 10:02:51,NKE,70.57,9,BID
2018-12-17 10:02:57,NKE,70.58,9,ASK
2018-12-17 10:02:51,NKE,70.57,9,BID
2018-12-17 10:02:57,NKE,70.58,10,ASK
2018-12-17 10:02:51,NKE,70.57,9,BID
2018-12-17 10:02:57,NKE,70.58,10,ASK
2018-12-17 10:03:00,NKE,70.58,3,BID
2018-12-17 10:03:00,NKE,70.6,3,ASK
2018-12-17 10:03:01,NKE,70.59,2,BID
2018-12-17 10:03:01,NKE,70.61,6,ASK
2018-12-17 10:03:02,NKE,70.59,5,BID
2018-12-17 10:03:02,NKE,70.61,6,ASK
2018-12-17 10:03:03,NKE,70.57,14,BID
2018-12-17 10:03:03,NKE,70.61,8,ASK
2018-12-17 10:03:04,NKE,70.58,4,BID
2018-12-17 10:03:04,NKE,70.61,8,ASK
2018-12-17 10:03:04,NKE,70.58,4,BID
2018-12-17 10:03:04,NKE,70.61,8,ASK
2018-12-17 10:03:05,NKE,70.58,6,BID
2018-12-17 10:03:06,NKE,70.61,8,ASK
2018-12-17 10:03:05,NKE,70.58,6,BID
2018-12-17 10:03:06,NKE,70.61,8,ASK
2018-12-17 10:03:08,NKE,70.59,3,BID
2018-12-17 10:03:08,NKE,70.61,8,ASK
2018-12-17 10:03:08,NKE,70.59,3,BID
2018-12-17 10:03:08,NKE,70.61,8,ASK
2018-12-17 10:03:08,NKE,70.59,3,BID
2018-12-17 10:03:08,NKE,70.61,8,ASK
2018-12-17 10:03:10,NKE,70.59,3,BID
2018-12-17 10:03:10,NKE,70.61,8,ASK
2018-12-17 10:03:10,NKE,70.59,3,BID
2018-12-17 10:03:10,NKE,70.61,8,ASK
2018-12-17 10:03:12,NKE,70.59,3,BID
2018-12-17 10:03:10,NKE,70.61,8,ASK
2018-12-17 10:03:12,NKE,70.59,3,BID
2018-12-17 10:03:10,NKE,70.61,8,ASK
2018-12-17 10:03:08,NKE,70.59,3,BID
2018-12-17 10:02:46,NKE,70.61,8,ASK
2018-12-17 10:03:08,NKE,70.59,3,BID
2018-12-17 10:02:46,NKE,70.61,8,ASK
2018-12-17 10:03:08,NKE,70.59,3,BID
2018-12-17 10:02:46,NKE,70.61,8,ASK
2018-12-17 10:03:08,NKE,70.59,3,BID
2018-12-17 10:02:46,NKE,70.61,8,ASK
2018-12-17 10:03:19,NKE,70.59,6,BID
2018-12-17 10:02:46,NKE,70.61,8,ASK
2018-12-17 10:03:19,NKE,70.59,6,BID
2018-12-17 10:02:46,NKE,70.61,9,ASK
2018-12-17 10:03:19,NKE,70.59,6,BID
2018-12-17 10:02:46,NKE,70.61,9,ASK
2018-12-17 10:03:19,NKE,70.59,6,BID
2018-12-17 10:02:46,NKE,70.61,9,ASK
2018-12-17 10:02:40,NKE,70.57,16,BID
2018-12-17 10:03:23,NKE,70.6,6,ASK
2018-12-17 10:02:40,NKE,70.57,15,BID
2018-12-17 10:03:23,NKE,70.6,6,ASK
2018-12-17 10:03:24,NKE,70.56,7,BID
2018-12-17 10:03:24,NKE,70.59,2,ASK
2018-12-17 10:03:24,NKE,70.56,7,BID
2018-12-17 10:03:24,NKE,70.59,2,ASK
2018-12-17 10:03:24,NKE,70.56,7,BID
2018-12-17 10:03:24,NKE,70.59,2,ASK
2018-12-17 10:03:24,NKE,70.56,7,BID
2018-12-17 10:03:24,NKE,70.59,2,ASK
2018-12-17 10:03:24,NKE,70.56,7,BID
2018-12-17 10:03:24,NKE,70.59,2,ASK
2018-12-17 10:03:30,NKE,70.56,7,BID
2018-12-17 10:03:30,NKE,70.59,4,ASK
2018-12-17 10:03:31,NKE,70.56,7,BID
2018-12-17 10:03:31,NKE,70.59,5,ASK
2018-12-17 10:03:32,NKE,70.56,8,BID
2018-12-17 10:03:32,NKE,70.59,5,ASK
2018-12-17 10:03:33,NKE,70.54,7,BID
2018-12-17 10:03:33,NKE,70.57,3,ASK
2018-12-17 10:02:01,NKE,70.53,11,BID
2018-12-17 10:03:34,NKE,70.57,5,ASK
2018-12-17 10:03:35,NKE,70.53,2,BID
2018-12-17 10:03:35,NKE,70.55,2,ASK
2018-12-17 10:03:36,NKE,70.53,4,BID
2018-12-17 10:03:36,NKE,70.55,1,ASK
2018-12-17 10:03:36,NKE,70.52,5,BID
2018-12-17 10:03:36,NKE,70.54,1,ASK
2018-12-17 10:03:36,NKE,70.52,5,BID
2018-12-17 10:03:36,NKE,70.54,1,ASK
2018-12-17 10:03:36,NKE,70.52,5,BID
2018-12-17 10:03:36,NKE,70.54,1,ASK
2018-12-17 10:03:40,NKE,70.52,5,BID
2018-12-17 10:03:40,NKE,70.54,3,ASK
2018-12-17 10:03:40,NKE,70.52,5,BID
2018-12-17 10:03:40,NKE,70.54,3,ASK
2018-12-17 10:00:53,NKE,70.44,12,BID
2018-12-17 10:03:42,NKE,70.47,3,ASK
2018-12-17 10:03:42,NKE,70.4,2,BID
2018-12-17 10:03:42,NKE,70.44,3,ASK
2018-12-17 10:03:43,NKE,70.41,5,BID
2018-12-17 10:03:44,NKE,70.44,7,ASK
2018-12-17 10:03:45,NKE,70.41,5,BID
2018-12-17 10:03:45,NKE,70.44,7,ASK
2018-12-17 10:03:46,NKE,70.41,5,BID
2018-12-17 10:03:46,NKE,70.44,12,ASK
2018-12-17 10:03:46,NKE,70.41,5,BID
2018-12-17 10:03:46,NKE,70.44,12,ASK
