timestamp,ticker,price,volume,bid_ask
2018-12-17 09:40:35,PFE,43.43,22,BID
2018-12-17 09:40:35,PFE,43.44,12,ASK
2018-12-17 09:40:37,PFE,43.44,35,BID
2018-12-17 09:40:36,PFE,43.45,22,ASK
2018-12-17 09:40:38,PFE,43.45,12,BID
2018-12-17 09:40:38,PFE,43.46,35,ASK
2018-12-17 09:40:38,PFE,43.45,12,BID
2018-12-17 09:40:38,PFE,43.46,35,ASK
2018-12-17 09:40:40,PFE,43.47,20,BID
2018-12-17 09:40:39,PFE,43.48,31,ASK
2018-12-17 09:40:40,PFE,43.46,10,BID
2018-12-17 09:40:41,PFE,43.47,19,ASK
2018-12-17 09:40:41,PFE,43.46,11,BID
2018-12-17 09:40:42,PFE,43.47,22,ASK
2018-12-17 09:40:41,PFE,43.46,11,BID
2018-12-17 09:40:42,PFE,43.47,22,ASK
2018-12-17 09:40:41,PFE,43.46,12,BID
2018-12-17 09:40:43,PFE,43.47,22,ASK
2018-12-17 09:40:41,PFE,43.46,12,BID
2018-12-17 09:40:44,PFE,43.47,21,ASK
2018-12-17 09:40:38,PFE,43.45,17,BID
2018-12-17 09:40:46,PFE,43.46,36,ASK
2018-12-17 09:40:38,PFE,43.45,14,BID
2018-12-17 09:40:47,PFE,43.46,25,ASK
2018-12-17 09:40:38,PFE,43.45,14,BID
2018-12-17 09:40:47,PFE,43.46,12,ASK
2018-12-17 09:40:38,PFE,43.45,14,BID
2018-12-17 09:40:49,PFE,43.46,13,ASK
2018-12-17 09:40:37,PFE,43.44,25,BID
2018-12-17 09:40:50,PFE,43.45,28,ASK
2018-12-17 09:40:50,PFE,43.44,30,BID
2018-12-17 09:40:50,PFE,43.45,28,ASK
2018-12-17 09:40:51,PFE,43.44,32,BID
2018-12-17 09:40:52,PFE,43.45,30,ASK
2018-12-17 09:40:51,PFE,43.44,31,BID
2018-12-17 09:40:52,PFE,43.45,29,ASK
2018-12-17 09:40:51,PFE,43.44,34,BID
2018-12-17 09:40:53,PFE,43.45,23,ASK
2018-12-17 09:40:51,PFE,43.44,34,BID
2018-12-17 09:40:54,PFE,43.45,29,ASK
2018-12-17 09:40:51,PFE,43.44,34,BID
2018-12-17 09:40:54,PFE,43.45,35,ASK
2018-12-17 09:40:51,PFE,43.44,34,BID
2018-12-17 09:40:56,PFE,43.45,28,ASK
2018-12-17 09:40:51,PFE,43.44,34,BID
2018-12-17 09:40:56,PFE,43.45,29,ASK
2018-12-17 09:40:51,PFE,43.44,34,BID
2018-12-17 09:40:58,PFE,43.45,34,ASK
2018-12-17 09:41:00,PFE,43.45,17,BID
2018-12-17 09:41:00,PFE,43.46,11,ASK
2018-12-17 09:41:00,PFE,43.45,11,BID
2018-12-17 09:41:00,PFE,43.46,12,ASK
2018-12-17 09:41:01,PFE,43.45,15,BID
2018-12-17 09:41:01,PFE,43.46,12,ASK
2018-12-17 09:41:03,PFE,43.45,19,BID
2018-12-17 09:41:03,PFE,43.46,14,ASK
2018-12-17 09:41:03,PFE,43.45,23,BID
2018-12-17 09:41:04,PFE,43.46,14,ASK
2018-12-17 09:41:04,PFE,43.46,36,BID
2018-12-17 09:41:04,PFE,43.47,17,ASK
2018-12-17 09:41:05,PFE,43.46,15,BID
2018-12-17 09:41:05,PFE,43.47,16,ASK
2018-12-17 09:41:06,PFE,43.46,24,BID
2018-12-17 09:41:06,PFE,43.47,15,ASK
2018-12-17 09:41:07,PFE,43.46,35,BID
2018-12-17 09:41:06,PFE,43.47,24,ASK
2018-12-17 09:41:08,PFE,43.46,17,BID
2018-12-17 09:41:06,PFE,43.47,27,ASK
2018-12-17 09:41:09,PFE,43.46,20,BID
2018-12-17 09:41:09,PFE,43.47,35,ASK
2018-12-17 09:41:09,PFE,43.46,21,BID
2018-12-17 09:41:09,PFE,43.47,36,ASK
2018-12-17 09:41:09,PFE,43.45,39,BID
2018-12-17 09:41:11,PFE,43.46,10,ASK
2018-12-17 09:40:37,PFE,43.44,34,BID
2018-12-17 09:41:12,PFE,43.45,23,ASK
2018-12-17 09:40:25,PFE,43.42,48,BID
2018-12-17 09:41:14,PFE,43.43,7,ASK
2018-12-17 09:40:25,PFE,43.42,25,BID
2018-12-17 09:41:14,PFE,43.42,7,ASK
2018-12-17 09:40:22,PFE,43.41,21,BID
2018-12-17 09:41:15,PFE,43.42,21,ASK
2018-12-17 09:41:15,PFE,43.4,27,BID
2018-12-17 09:41:16,PFE,43.41,20,ASK
2018-12-17 09:41:15,PFE,43.4,26,BID
2018-12-17 09:41:16,PFE,43.41,20,ASK
2018-12-17 09:41:15,PFE,43.4,33,BID
2018-12-17 09:41:16,PFE,43.41,19,ASK
2018-12-17 09:41:15,PFE,43.4,33,BID
2018-12-17 09:41:16,PFE,43.41,19,ASK
2018-12-17 09:41:15,PFE,43.4,36,BID
2018-12-17 09:41:16,PFE,43.41,19,ASK
2018-12-17 09:41:15,PFE,43.4,31,BID
2018-12-17 09:41:16,PFE,43.41,19,ASK
2018-12-17 09:41:22,PFE,43.39,31,BID
2018-12-17 09:41:22,PFE,43.4,14,ASK
2018-12-17 09:41:22,PFE,43.39,30,BID
2018-12-17 09:41:22,PFE,43.4,14,ASK
2018-12-17 09:41:24,PFE,43.4,9,BID
2018-12-17 09:41:16,PFE,43.41,23,ASK
2018-12-17 09:41:25,PFE,43.4,14,BID
2018-12-17 09:41:25,PFE,43.41,26,ASK
2018-12-17 09:41:25,PFE,43.4,15,BID
2018-12-17 09:41:27,PFE,43.41,20,ASK
2018-12-17 09:41:27,PFE,43.41,15,BID
2018-12-17 09:41:28,PFE,43.42,24,ASK
2018-12-17 09:41:28,PFE,43.42,25,BID
2018-12-17 09:41:29,PFE,43.43,15,ASK
2018-12-17 09:41:30,PFE,43.43,18,BID
2018-12-17 09:41:30,PFE,43.44,17,ASK
2018-12-17 09:41:30,PFE,43.44,22,BID
2018-12-17 09:41:12,PFE,43.45,29,ASK
2018-12-17 09:41:31,PFE,43.43,19,BID
2018-12-17 09:41:31,PFE,43.44,34,ASK
2018-12-17 09:41:32,PFE,43.42,24,BID
2018-12-17 09:41:32,PFE,43.43,18,ASK
2018-12-17 09:41:32,PFE,43.42,12,BID
2018-12-17 09:41:34,PFE,43.43,19,ASK
2018-12-17 09:41:35,PFE,43.42,13,BID
2018-12-17 09:41:35,PFE,43.43,19,ASK
2018-12-17 09:41:36,PFE,43.41,17,BID
2018-12-17 09:41:36,PFE,43.42,33,ASK
2018-12-17 09:41:36,PFE,43.41,17,BID
2018-12-17 09:41:36,PFE,43.42,32,ASK
2018-12-17 09:41:37,PFE,43.4,17,BID
2018-12-17 09:41:37,PFE,43.41,11,ASK
2018-12-17 09:41:39,PFE,43.4,17,BID
2018-12-17 09:41:37,PFE,43.41,12,ASK
2018-12-17 09:41:40,PFE,43.4,17,BID
2018-12-17 09:41:37,PFE,43.41,12,ASK
2018-12-17 09:41:40,PFE,43.4,14,BID
2018-12-17 09:41:37,PFE,43.41,16,ASK
2018-12-17 09:41:40,PFE,43.4,12,BID
2018-12-17 09:41:42,PFE,43.41,8,ASK
2018-12-17 09:41:43,PFE,43.41,35,BID
2018-12-17 09:41:43,PFE,43.42,26,ASK
2018-12-17 09:41:44,PFE,43.42,23,BID
2018-12-17 09:41:44,PFE,43.43,18,ASK
2018-12-17 09:41:44,PFE,43.42,19,BID
2018-12-17 09:41:45,PFE,43.43,14,ASK
2018-12-17 09:41:44,PFE,43.42,21,BID
2018-12-17 09:41:46,PFE,43.43,21,ASK
2018-12-17 09:41:44,PFE,43.42,21,BID
2018-12-17 09:41:47,PFE,43.43,22,ASK
2018-12-17 09:41:48,PFE,43.44,35,BID
2018-12-17 09:41:31,PFE,43.45,34,ASK
2018-12-17 09:41:49,PFE,43.44,34,BID
2018-12-17 09:41:49,PFE,43.45,27,ASK
2018-12-17 09:41:49,PFE,43.44,31,BID
2018-12-17 09:41:49,PFE,43.45,19,ASK
2018-12-17 09:41:51,PFE,43.44,29,BID
2018-12-17 09:41:50,PFE,43.45,27,ASK
2018-12-17 09:41:51,PFE,43.44,36,BID
2018-12-17 09:41:52,PFE,43.45,22,ASK
2018-12-17 09:41:52,PFE,43.46,49,BID
2018-12-17 09:41:10,PFE,43.47,46,ASK
2018-12-17 09:41:53,PFE,43.47,27,BID
2018-12-17 09:41:06,PFE,43.48,44,ASK
2018-12-17 09:41:53,PFE,43.46,37,BID
2018-12-17 09:41:53,PFE,43.47,32,ASK
2018-12-17 09:41:53,PFE,43.46,37,BID
2018-12-17 09:41:53,PFE,43.47,30,ASK
2018-12-17 09:41:53,PFE,43.46,33,BID
2018-12-17 09:41:53,PFE,43.47,31,ASK
2018-12-17 09:41:58,PFE,43.46,36,BID
2018-12-17 09:41:53,PFE,43.47,25,ASK
2018-12-17 09:41:58,PFE,43.45,27,BID
2018-12-17 09:41:58,PFE,43.46,37,ASK
2018-12-17 09:41:59,PFE,43.44,22,BID
2018-12-17 09:41:59,PFE,43.45,15,ASK
2018-12-17 09:41:59,PFE,43.44,16,BID
2018-12-17 09:42:00,PFE,43.45,21,ASK
2018-12-17 09:41:59,PFE,43.44,17,BID
2018-12-17 09:42:02,PFE,43.45,24,ASK
2018-12-17 09:42:03,PFE,43.43,12,BID
2018-12-17 09:42:02,PFE,43.44,22,ASK
2018-12-17 09:42:04,PFE,43.42,17,BID
2018-12-17 09:42:04,PFE,43.43,17,ASK
2018-12-17 09:42:05,PFE,43.4,18,BID
2018-12-17 09:42:05,PFE,43.41,6,ASK
2018-12-17 09:42:05,PFE,43.4,15,BID
2018-12-17 09:42:06,PFE,43.41,23,ASK
2018-12-17 09:42:06,PFE,43.4,17,BID
2018-12-17 09:42:06,PFE,43.41,18,ASK
2018-12-17 09:42:08,PFE,43.42,28,BID
2018-12-17 09:42:08,PFE,43.43,30,ASK
2018-12-17 09:42:09,PFE,43.42,28,BID
2018-12-17 09:42:08,PFE,43.43,34,ASK
2018-12-17 09:42:10,PFE,43.42,28,BID
2018-12-17 09:42:08,PFE,43.43,30,ASK
2018-12-17 09:42:11,PFE,43.42,23,BID
2018-12-17 09:42:08,PFE,43.43,30,ASK
2018-12-17 09:42:11,PFE,43.42,32,BID
2018-12-17 09:42:10,PFE,43.43,20,ASK
2018-12-17 09:42:13,PFE,43.43,25,BID
2018-12-17 09:42:12,PFE,43.44,24,ASK
2018-12-17 09:42:13,PFE,43.43,24,BID
2018-12-17 09:42:12,PFE,43.44,22,ASK
2018-12-17 09:42:13,PFE,43.43,24,BID
2018-12-17 09:42:12,PFE,43.44,22,ASK
2018-12-17 09:42:13,PFE,43.43,24,BID
2018-12-17 09:42:12,PFE,43.44,20,ASK
2018-12-17 09:42:16,PFE,43.43,22,BID
2018-12-17 09:42:16,PFE,43.44,25,ASK
2018-12-17 09:42:18,PFE,43.44,17,BID
2018-12-17 09:42:18,PFE,43.45,13,ASK
2018-12-17 09:42:16,PFE,43.43,25,BID
2018-12-17 09:42:19,PFE,43.44,14,ASK
2018-12-17 09:42:19,PFE,43.44,10,BID
2018-12-17 09:42:19,PFE,43.45,16,ASK
2018-12-17 09:42:21,PFE,43.43,15,BID
2018-12-17 09:42:21,PFE,43.44,13,ASK
2018-12-17 09:42:22,PFE,43.43,12,BID
2018-12-17 09:42:21,PFE,43.44,18,ASK
2018-12-17 09:42:22,PFE,43.43,9,BID
2018-12-17 09:42:23,PFE,43.43,13,ASK
2018-12-17 09:42:24,PFE,43.41,12,BID
2018-12-17 09:42:24,PFE,43.42,5,ASK
2018-12-17 09:42:25,PFE,43.42,11,BID
2018-12-17 09:42:25,PFE,43.43,26,ASK
2018-12-17 09:42:26,PFE,43.42,19,BID
2018-12-17 09:42:26,PFE,43.43,20,ASK
2018-12-17 09:42:26,PFE,43.42,19,BID
2018-12-17 09:42:26,PFE,43.43,20,ASK
2018-12-17 09:42:27,PFE,43.42,19,BID
2018-12-17 09:42:27,PFE,43.43,21,ASK
2018-12-17 09:42:29,PFE,43.46,12,BID
2018-12-17 09:41:58,PFE,43.47,36,ASK
2018-12-17 09:42:30,PFE,43.46,27,BID
2018-12-17 09:42:30,PFE,43.47,36,ASK
2018-12-17 09:42:31,PFE,43.46,27,BID
2018-12-17 09:42:30,PFE,43.47,34,ASK
2018-12-17 09:42:31,PFE,43.46,29,BID
2018-12-17 09:42:32,PFE,43.47,30,ASK
2018-12-17 09:42:33,PFE,43.47,26,BID
2018-12-17 09:42:33,PFE,43.48,32,ASK
2018-12-17 09:42:34,PFE,43.47,22,BID
2018-12-17 09:42:33,PFE,43.48,34,ASK
2018-12-17 09:42:35,PFE,43.47,28,BID
2018-12-17 09:42:35,PFE,43.48,19,ASK
2018-12-17 09:42:36,PFE,43.47,27,BID
2018-12-17 09:42:35,PFE,43.48,19,ASK
2018-12-17 09:42:37,PFE,43.47,21,BID
2018-12-17 09:42:35,PFE,43.48,24,ASK
2018-12-17 09:42:38,PFE,43.47,27,BID
2018-12-17 09:42:35,PFE,43.48,16,ASK
2018-12-17 09:42:38,PFE,43.47,27,BID
2018-12-17 09:42:35,PFE,43.48,21,ASK
2018-12-17 09:42:40,PFE,43.48,14,BID
2018-12-17 09:38:17,PFE,43.49,22,ASK
2018-12-17 09:42:40,PFE,43.47,18,BID
2018-12-17 09:42:40,PFE,43.48,28,ASK
2018-12-17 09:42:41,PFE,43.48,19,BID
2018-12-17 09:42:40,PFE,43.49,28,ASK
2018-12-17 09:42:41,PFE,43.48,23,BID
2018-12-17 09:42:40,PFE,43.49,26,ASK
2018-12-17 09:42:41,PFE,43.48,21,BID
2018-12-17 09:42:44,PFE,43.49,34,ASK
2018-12-17 09:42:41,PFE,43.48,21,BID
2018-12-17 09:42:45,PFE,43.49,38,ASK
2018-12-17 09:42:41,PFE,43.48,23,BID
2018-12-17 09:42:45,PFE,43.49,23,ASK
2018-12-17 09:42:41,PFE,43.48,27,BID
2018-12-17 09:42:45,PFE,43.49,25,ASK
2018-12-17 09:42:41,PFE,43.48,26,BID
2018-12-17 09:42:45,PFE,43.49,25,ASK
2018-12-17 09:42:41,PFE,43.48,24,BID
2018-12-17 09:42:45,PFE,43.49,26,ASK
2018-12-17 09:42:41,PFE,43.48,24,BID
2018-12-17 09:42:45,PFE,43.49,28,ASK
2018-12-17 09:42:50,PFE,43.48,22,BID
2018-12-17 09:42:45,PFE,43.49,33,ASK
2018-12-17 09:42:50,PFE,43.48,22,BID
2018-12-17 09:42:45,PFE,43.49,34,ASK
2018-12-17 09:42:50,PFE,43.48,20,BID
2018-12-17 09:42:45,PFE,43.49,35,ASK
2018-12-17 09:42:50,PFE,43.48,22,BID
2018-12-17 09:42:45,PFE,43.49,32,ASK
2018-12-17 09:42:55,PFE,43.5,5,BID
2018-12-17 09:38:08,PFE,43.51,32,ASK
2018-12-17 09:42:55,PFE,43.5,26,BID
2018-12-17 09:42:56,PFE,43.51,20,ASK
2018-12-17 09:42:57,PFE,43.49,17,BID
2018-12-17 09:42:57,PFE,43.5,46,ASK
2018-12-17 09:42:57,PFE,43.49,17,BID
2018-12-17 09:42:57,PFE,43.5,41,ASK
2018-12-17 09:42:50,PFE,43.48,7,BID
2018-12-17 09:42:59,PFE,43.48,4,ASK
2018-12-17 09:43:00,PFE,43.48,36,BID
2018-12-17 09:43:00,PFE,43.49,27,ASK
2018-12-17 09:43:00,PFE,43.48,37,BID
2018-12-17 09:43:01,PFE,43.49,23,ASK
2018-12-17 09:43:02,PFE,43.49,7,BID
2018-12-17 09:42:57,PFE,43.5,37,ASK
2018-12-17 09:43:03,PFE,43.49,14,BID
2018-12-17 09:42:57,PFE,43.5,33,ASK
2018-12-17 09:43:04,PFE,43.49,7,BID
2018-12-17 09:42:57,PFE,43.5,40,ASK
2018-12-17 09:43:00,PFE,43.48,34,BID
2018-12-17 09:43:05,PFE,43.49,52,ASK
2018-12-17 09:43:06,PFE,43.47,26,BID
2018-12-17 09:43:06,PFE,43.48,26,ASK
2018-12-17 09:43:06,PFE,43.47,25,BID
2018-12-17 09:43:07,PFE,43.48,27,ASK
2018-12-17 09:43:06,PFE,43.47,26,BID
2018-12-17 09:43:08,PFE,43.48,27,ASK
2018-12-17 09:43:06,PFE,43.47,25,BID
2018-12-17 09:43:09,PFE,43.48,28,ASK
2018-12-17 09:42:31,PFE,43.46,22,BID
2018-12-17 09:43:10,PFE,43.47,10,ASK
2018-12-17 09:42:31,PFE,43.46,20,BID
2018-12-17 09:43:11,PFE,43.47,14,ASK
2018-12-17 09:42:31,PFE,43.46,22,BID
2018-12-17 09:43:11,PFE,43.47,10,ASK
2018-12-17 09:42:31,PFE,43.46,21,BID
2018-12-17 09:43:12,PFE,43.47,11,ASK
2018-12-17 09:42:29,PFE,43.45,23,BID
2018-12-17 09:43:14,PFE,43.46,19,ASK
2018-12-17 09:42:29,PFE,43.44,31,BID
2018-12-17 09:43:15,PFE,43.45,21,ASK
2018-12-17 09:42:29,PFE,43.44,25,BID
2018-12-17 09:43:16,PFE,43.45,15,ASK
2018-12-17 09:42:29,PFE,43.44,25,BID
2018-12-17 09:43:17,PFE,43.45,21,ASK
2018-12-17 09:42:29,PFE,43.44,23,BID
2018-12-17 09:43:18,PFE,43.45,22,ASK
2018-12-17 09:42:28,PFE,43.43,34,BID
2018-12-17 09:43:19,PFE,43.44,13,ASK
2018-12-17 09:43:19,PFE,43.43,11,BID
2018-12-17 09:43:19,PFE,43.43,5,ASK
2018-12-17 09:42:28,PFE,43.42,27,BID
2018-12-17 09:43:19,PFE,43.43,8,ASK
2018-12-17 09:43:20,PFE,43.41,12,BID
2018-12-17 09:43:20,PFE,43.42,3,ASK
2018-12-17 09:43:21,PFE,43.41,10,BID
2018-12-17 09:43:21,PFE,43.42,18,ASK
2018-12-17 09:43:21,PFE,43.41,19,BID
2018-12-17 09:43:21,PFE,43.42,35,ASK
2018-12-17 09:43:21,PFE,43.42,54,BID
2018-12-17 09:43:19,PFE,43.43,12,ASK
2018-12-17 09:43:21,PFE,43.41,28,BID
2018-12-17 09:43:22,PFE,43.42,11,ASK
2018-12-17 09:43:21,PFE,43.41,25,BID
2018-12-17 09:43:22,PFE,43.42,16,ASK
2018-12-17 09:43:23,PFE,43.43,16,BID
2018-12-17 09:43:19,PFE,43.44,25,ASK
2018-12-17 09:43:24,PFE,43.43,13,BID
2018-12-17 09:43:19,PFE,43.44,26,ASK
2018-12-17 09:43:25,PFE,43.42,9,BID
2018-12-17 09:43:25,PFE,43.43,26,ASK
2018-12-17 09:43:21,PFE,43.41,30,BID
2018-12-17 09:43:26,PFE,43.42,13,ASK
2018-12-17 09:43:21,PFE,43.41,23,BID
2018-12-17 09:43:27,PFE,43.42,22,ASK
2018-12-17 09:43:21,PFE,43.41,26,BID
2018-12-17 09:43:29,PFE,43.42,20,ASK
2018-12-17 09:43:21,PFE,43.41,26,BID
2018-12-17 09:43:30,PFE,43.42,17,ASK
2018-12-17 09:43:21,PFE,43.41,29,BID
2018-12-17 09:43:31,PFE,43.42,14,ASK
2018-12-17 09:43:21,PFE,43.41,29,BID
2018-12-17 09:43:31,PFE,43.42,14,ASK
2018-12-17 09:43:34,PFE,43.42,10,BID
2018-12-17 09:43:26,PFE,43.43,34,ASK
2018-12-17 09:43:35,PFE,43.44,18,BID
2018-12-17 09:43:36,PFE,43.45,24,ASK
2018-12-17 09:43:37,PFE,43.45,13,BID
2018-12-17 09:43:15,PFE,43.46,27,ASK
2018-12-17 09:43:35,PFE,43.44,21,BID
2018-12-17 09:43:38,PFE,43.45,27,ASK
2018-12-17 09:43:39,PFE,43.43,2,BID
2018-12-17 09:43:39,PFE,43.43,11,ASK
2018-12-17 09:43:39,PFE,43.43,31,BID
2018-12-17 09:43:39,PFE,43.44,22,ASK
2018-12-17 09:43:39,PFE,43.43,31,BID
2018-12-17 09:43:39,PFE,43.44,28,ASK
2018-12-17 09:43:39,PFE,43.42,18,BID
2018-12-17 09:43:42,PFE,43.43,8,ASK
2018-12-17 09:43:39,PFE,43.42,18,BID
2018-12-17 09:43:42,PFE,43.43,9,ASK
2018-12-17 09:43:39,PFE,43.42,17,BID
2018-12-17 09:43:46,PFE,43.43,9,ASK
2018-12-17 09:43:39,PFE,43.42,16,BID
2018-12-17 09:43:46,PFE,43.43,11,ASK
2018-12-17 09:43:39,PFE,43.42,14,BID
2018-12-17 09:43:46,PFE,43.43,12,ASK
2018-12-17 09:43:49,PFE,43.42,24,BID
2018-12-17 09:43:46,PFE,43.43,11,ASK
2018-12-17 09:43:50,PFE,43.43,15,BID
2018-12-17 09:43:39,PFE,43.44,31,ASK
2018-12-17 09:43:51,PFE,43.42,25,BID
2018-12-17 09:43:51,PFE,43.43,7,ASK
2018-12-17 09:43:51,PFE,43.42,27,BID
2018-12-17 09:43:51,PFE,43.43,7,ASK
2018-12-17 09:43:53,PFE,43.43,21,BID
2018-12-17 09:43:39,PFE,43.44,27,ASK
2018-12-17 09:43:53,PFE,43.43,19,BID
2018-12-17 09:43:39,PFE,43.44,24,ASK
2018-12-17 09:43:53,PFE,43.43,21,BID
2018-12-17 09:43:39,PFE,43.44,22,ASK
2018-12-17 09:43:53,PFE,43.43,20,BID
2018-12-17 09:43:39,PFE,43.44,22,ASK
2018-12-17 09:43:51,PFE,43.42,29,BID
2018-12-17 09:43:57,PFE,43.43,9,ASK
2018-12-17 09:43:59,PFE,43.43,65,BID
2018-12-17 09:43:39,PFE,43.44,23,ASK
2018-12-17 09:43:59,PFE,43.43,52,BID
2018-12-17 09:43:39,PFE,43.44,23,ASK
2018-12-17 09:44:00,PFE,43.43,52,BID
2018-12-17 09:43:39,PFE,43.44,23,ASK
2018-12-17 09:44:01,PFE,43.43,55,BID
2018-12-17 09:43:39,PFE,43.44,23,ASK
2018-12-17 09:44:02,PFE,43.44,14,BID
2018-12-17 09:43:38,PFE,43.45,44,ASK
2018-12-17 09:44:03,PFE,43.44,23,BID
2018-12-17 09:44:03,PFE,43.45,15,ASK
2018-12-17 09:44:04,PFE,43.45,5,BID
2018-12-17 09:43:38,PFE,43.46,22,ASK
2018-12-17 09:44:05,PFE,43.46,41,BID
2018-12-17 09:44:05,PFE,43.47,16,ASK
2018-12-17 09:44:06,PFE,43.46,42,BID
2018-12-17 09:44:06,PFE,43.47,23,ASK
2018-12-17 09:44:06,PFE,43.45,30,BID
2018-12-17 09:44:06,PFE,43.46,11,ASK
2018-12-17 09:44:07,PFE,43.45,25,BID
2018-12-17 09:44:07,PFE,43.46,13,ASK
2018-12-17 09:44:03,PFE,43.44,22,BID
2018-12-17 09:44:08,PFE,43.45,13,ASK
2018-12-17 09:44:10,PFE,43.45,5,BID
2018-12-17 09:44:08,PFE,43.46,26,ASK
2018-12-17 09:44:10,PFE,43.45,13,BID
2018-12-17 09:44:08,PFE,43.46,19,ASK
2018-12-17 09:44:10,PFE,43.44,35,BID
2018-12-17 09:44:11,PFE,43.45,18,ASK
2018-12-17 09:44:10,PFE,43.44,28,BID
2018-12-17 09:44:11,PFE,43.45,18,ASK
2018-12-17 09:44:13,PFE,43.45,19,BID
2018-12-17 09:44:10,PFE,43.46,18,ASK
2018-12-17 09:44:15,PFE,43.44,26,BID
2018-12-17 09:44:15,PFE,43.45,22,ASK
2018-12-17 09:44:15,PFE,43.44,25,BID
2018-12-17 09:44:16,PFE,43.45,20,ASK
2018-12-17 09:44:15,PFE,43.44,26,BID
2018-12-17 09:44:17,PFE,43.45,17,ASK
2018-12-17 09:44:15,PFE,43.44,26,BID
2018-12-17 09:44:18,PFE,43.45,18,ASK
2018-12-17 09:44:15,PFE,43.44,26,BID
2018-12-17 09:44:19,PFE,43.45,27,ASK
2018-12-17 09:44:15,PFE,43.44,26,BID
2018-12-17 09:44:20,PFE,43.45,26,ASK
2018-12-17 09:44:21,PFE,43.45,15,BID
2018-12-17 09:44:10,PFE,43.46,21,ASK
2018-12-17 09:44:22,PFE,43.46,25,BID
2018-12-17 09:44:22,PFE,43.47,12,ASK
2018-12-17 09:44:23,PFE,43.46,27,BID
2018-12-17 09:44:22,PFE,43.47,13,ASK
2018-12-17 09:44:24,PFE,43.46,20,BID
2018-12-17 09:44:24,PFE,43.47,33,ASK
2018-12-17 09:44:24,PFE,43.46,20,BID
2018-12-17 09:44:24,PFE,43.47,33,ASK
2018-12-17 09:44:27,PFE,43.45,44,BID
2018-12-17 09:44:26,PFE,43.46,8,ASK
2018-12-17 09:44:27,PFE,43.45,38,BID
2018-12-17 09:44:27,PFE,43.46,13,ASK
2018-12-17 09:44:27,PFE,43.45,38,BID
2018-12-17 09:44:27,PFE,43.46,13,ASK
2018-12-17 09:44:27,PFE,43.45,39,BID
2018-12-17 09:44:27,PFE,43.46,12,ASK
2018-12-17 09:44:30,PFE,43.46,24,BID
2018-12-17 09:44:24,PFE,43.47,27,ASK
2018-12-17 09:44:30,PFE,43.46,24,BID
2018-12-17 09:44:24,PFE,43.47,27,ASK
2018-12-17 09:44:30,PFE,43.46,22,BID
2018-12-17 09:44:24,PFE,43.47,23,ASK
2018-12-17 09:44:30,PFE,43.46,22,BID
2018-12-17 09:44:24,PFE,43.47,23,ASK
2018-12-17 09:44:30,PFE,43.46,24,BID
2018-12-17 09:44:24,PFE,43.47,21,ASK
2018-12-17 09:44:35,PFE,43.48,35,BID
2018-12-17 09:43:05,PFE,43.49,52,ASK
2018-12-17 09:44:36,PFE,43.5,4,BID
2018-12-17 09:42:56,PFE,43.51,27,ASK
2018-12-17 09:44:37,PFE,43.48,18,BID
2018-12-17 09:44:37,PFE,43.49,31,ASK
2018-12-17 09:44:38,PFE,43.48,20,BID
2018-12-17 09:44:38,PFE,43.49,32,ASK
2018-12-17 09:44:38,PFE,43.48,20,BID
2018-12-17 09:44:38,PFE,43.49,32,ASK
2018-12-17 09:44:38,PFE,43.48,24,BID
2018-12-17 09:44:41,PFE,43.49,20,ASK
2018-12-17 09:44:41,PFE,43.49,35,BID
2018-12-17 09:44:41,PFE,43.5,21,ASK
2018-12-17 09:44:42,PFE,43.49,34,BID
2018-12-17 09:44:42,PFE,43.5,20,ASK
2018-12-17 09:44:43,PFE,43.5,36,BID
2018-12-17 09:42:56,PFE,43.51,19,ASK
2018-12-17 09:44:44,PFE,43.49,36,BID
2018-12-17 09:44:44,PFE,43.5,3,ASK
2018-12-17 09:44:46,PFE,43.49,40,BID
2018-12-17 09:44:46,PFE,43.5,2,ASK
2018-12-17 09:44:47,PFE,43.49,44,BID
2018-12-17 09:44:46,PFE,43.5,4,ASK
2018-12-17 09:44:47,PFE,43.49,45,BID
2018-12-17 09:44:47,PFE,43.5,9,ASK
2018-12-17 09:44:48,PFE,43.49,50,BID
2018-12-17 09:44:47,PFE,43.5,9,ASK
2018-12-17 09:44:49,PFE,43.5,29,BID
2018-12-17 09:44:44,PFE,43.51,23,ASK
2018-12-17 09:44:50,PFE,43.51,25,BID
2018-12-17 09:44:50,PFE,43.52,124,ASK
2018-12-17 09:44:50,PFE,43.51,25,BID
2018-12-17 09:44:50,PFE,43.52,125,ASK
2018-12-17 09:44:53,PFE,43.51,19,BID
2018-12-17 09:44:50,PFE,43.52,125,ASK
2018-12-17 09:44:54,PFE,43.5,16,BID
2018-12-17 09:44:54,PFE,43.51,23,ASK
2018-12-17 09:44:54,PFE,43.49,41,BID
2018-12-17 09:44:54,PFE,43.5,15,ASK
2018-12-17 09:44:55,PFE,43.49,40,BID
2018-12-17 09:44:55,PFE,43.5,17,ASK
2018-12-17 09:44:57,PFE,43.49,38,BID
2018-12-17 09:44:57,PFE,43.5,26,ASK
2018-12-17 09:44:38,PFE,43.48,32,BID
2018-12-17 09:44:57,PFE,43.49,23,ASK
2018-12-17 09:44:35,PFE,43.47,48,BID
2018-12-17 09:44:58,PFE,43.48,23,ASK
2018-12-17 09:44:35,PFE,43.47,49,BID
2018-12-17 09:44:58,PFE,43.48,26,ASK
2018-12-17 09:44:35,PFE,43.47,45,BID
2018-12-17 09:44:58,PFE,43.48,26,ASK
2018-12-17 09:44:35,PFE,43.47,46,BID
2018-12-17 09:44:58,PFE,43.48,21,ASK
2018-12-17 09:44:35,PFE,43.47,42,BID
2018-12-17 09:44:58,PFE,43.48,40,ASK
2018-12-17 09:44:35,PFE,43.47,42,BID
2018-12-17 09:44:58,PFE,43.48,40,ASK
2018-12-17 09:44:35,PFE,43.47,43,BID
2018-12-17 09:44:58,PFE,43.48,31,ASK
2018-12-17 09:44:35,PFE,43.47,44,BID
2018-12-17 09:44:58,PFE,43.48,21,ASK
2018-12-17 09:45:06,PFE,43.48,47,BID
2018-12-17 09:45:07,PFE,43.49,10,ASK
2018-12-17 09:45:06,PFE,43.48,28,BID
2018-12-17 09:45:07,PFE,43.49,16,ASK
2018-12-17 09:44:35,PFE,43.47,53,BID
2018-12-17 09:45:09,PFE,43.48,22,ASK
2018-12-17 09:44:35,PFE,43.47,42,BID
2018-12-17 09:45:09,PFE,43.48,20,ASK
2018-12-17 09:45:10,PFE,43.46,24,BID
2018-12-17 09:45:10,PFE,43.47,34,ASK
2018-12-17 09:45:10,PFE,43.46,22,BID
2018-12-17 09:45:10,PFE,43.47,34,ASK
2018-12-17 09:45:12,PFE,43.46,29,BID
2018-12-17 09:45:12,PFE,43.47,32,ASK
2018-12-17 09:45:14,PFE,43.47,15,BID
2018-12-17 09:45:09,PFE,43.48,28,ASK
2018-12-17 09:45:15,PFE,43.47,15,BID
2018-12-17 09:45:09,PFE,43.48,26,ASK
2018-12-17 09:45:16,PFE,43.47,14,BID
2018-12-17 09:45:09,PFE,43.48,26,ASK
2018-12-17 09:45:16,PFE,43.47,17,BID
2018-12-17 09:45:16,PFE,43.48,25,ASK
2018-12-17 09:45:17,PFE,43.47,18,BID
2018-12-17 09:45:17,PFE,43.48,25,ASK
2018-12-17 09:45:18,PFE,43.47,18,BID
2018-12-17 09:45:18,PFE,43.48,26,ASK
2018-12-17 09:45:19,PFE,43.48,30,BID
2018-12-17 09:45:19,PFE,43.49,17,ASK
2018-12-17 09:45:20,PFE,43.48,28,BID
2018-12-17 09:45:20,PFE,43.49,18,ASK
2018-12-17 09:45:20,PFE,43.48,32,BID
2018-12-17 09:45:21,PFE,43.49,17,ASK
2018-12-17 09:45:21,PFE,43.49,20,BID
2018-12-17 09:45:21,PFE,43.5,21,ASK
2018-12-17 09:45:22,PFE,43.49,7,BID
2018-12-17 09:45:22,PFE,43.5,33,ASK
2018-12-17 09:45:20,PFE,43.48,31,BID
2018-12-17 09:45:23,PFE,43.49,10,ASK
2018-12-17 09:45:24,PFE,43.5,17,BID
2018-12-17 09:44:54,PFE,43.51,26,ASK
2018-12-17 09:45:25,PFE,43.5,33,BID
2018-12-17 09:45:25,PFE,43.51,3,ASK
2018-12-17 09:45:26,PFE,43.51,6,BID
2018-12-17 09:44:50,PFE,43.52,128,ASK
2018-12-17 09:45:26,PFE,43.5,46,BID
2018-12-17 09:45:27,PFE,43.51,17,ASK
2018-12-17 09:45:26,PFE,43.5,48,BID
2018-12-17 09:45:29,PFE,43.51,18,ASK
2018-12-17 09:45:26,PFE,43.5,49,BID
2018-12-17 09:45:29,PFE,43.51,21,ASK
2018-12-17 09:45:26,PFE,43.5,47,BID
2018-12-17 09:45:29,PFE,43.51,25,ASK
2018-12-17 09:45:33,PFE,43.51,10,BID
2018-12-17 09:44:50,PFE,43.52,129,ASK
2018-12-17 09:45:26,PFE,43.5,49,BID
2018-12-17 09:45:34,PFE,43.51,23,ASK
2018-12-17 09:45:34,PFE,43.51,5,BID
2018-12-17 09:45:34,PFE,43.51,16,ASK
2018-12-17 09:45:35,PFE,43.51,8,BID
2018-12-17 09:45:35,PFE,43.52,135,ASK
2018-12-17 09:45:36,PFE,43.52,15,BID
2018-12-17 09:45:36,PFE,43.53,24,ASK
2018-12-17 09:45:37,PFE,43.51,26,BID
2018-12-17 09:45:38,PFE,43.52,34,ASK
2018-12-17 09:45:37,PFE,43.51,24,BID
2018-12-17 09:45:39,PFE,43.52,38,ASK
2018-12-17 09:45:39,PFE,43.51,21,BID
2018-12-17 09:45:40,PFE,43.52,37,ASK
2018-12-17 09:45:39,PFE,43.51,23,BID
2018-12-17 09:45:40,PFE,43.52,37,ASK
2018-12-17 09:45:39,PFE,43.51,25,BID
2018-12-17 09:45:42,PFE,43.52,33,ASK
2018-12-17 09:45:42,PFE,43.51,18,BID
2018-12-17 09:45:43,PFE,43.52,34,ASK
2018-12-17 09:45:44,PFE,43.51,23,BID
2018-12-17 09:45:44,PFE,43.52,33,ASK
2018-12-17 09:45:44,PFE,43.51,20,BID
2018-12-17 09:45:45,PFE,43.52,40,ASK
2018-12-17 09:45:44,PFE,43.51,21,BID
2018-12-17 09:45:46,PFE,43.52,41,ASK
2018-12-17 09:45:46,PFE,43.51,22,BID
2018-12-17 09:45:47,PFE,43.52,39,ASK
2018-12-17 09:45:46,PFE,43.51,22,BID
2018-12-17 09:45:48,PFE,43.52,34,ASK
2018-12-17 09:45:48,PFE,43.51,22,BID
2018-12-17 09:45:49,PFE,43.52,37,ASK
2018-12-17 09:45:48,PFE,43.51,21,BID
2018-12-17 09:45:49,PFE,43.52,38,ASK
2018-12-17 09:45:48,PFE,43.51,16,BID
2018-12-17 09:45:51,PFE,43.52,59,ASK
2018-12-17 09:45:26,PFE,43.5,50,BID
2018-12-17 09:45:52,PFE,43.51,23,ASK
2018-12-17 09:45:26,PFE,43.5,50,BID
2018-12-17 09:45:53,PFE,43.51,19,ASK
2018-12-17 09:45:26,PFE,43.5,50,BID
2018-12-17 09:45:54,PFE,43.51,19,ASK
2018-12-17 09:45:26,PFE,43.5,47,BID
2018-12-17 09:45:55,PFE,43.51,42,ASK
2018-12-17 09:45:24,PFE,43.49,29,BID
2018-12-17 09:45:55,PFE,43.5,52,ASK
2018-12-17 09:45:20,PFE,43.48,31,BID
2018-12-17 09:45:57,PFE,43.49,13,ASK
2018-12-17 09:45:20,PFE,43.48,30,BID
2018-12-17 09:45:58,PFE,43.49,14,ASK
2018-12-17 09:45:20,PFE,43.48,30,BID
2018-12-17 09:45:58,PFE,43.49,14,ASK
2018-12-17 09:46:00,PFE,43.49,72,BID
2018-12-17 09:45:56,PFE,43.5,26,ASK
2018-12-17 09:46:01,PFE,43.49,43,BID
2018-12-17 09:46:01,PFE,43.5,20,ASK
2018-12-17 09:46:01,PFE,43.49,44,BID
2018-12-17 09:46:02,PFE,43.5,20,ASK
2018-12-17 09:46:02,PFE,43.46,42,BID
2018-12-17 09:46:03,PFE,43.47,17,ASK
2018-12-17 09:46:04,PFE,43.46,63,BID
2018-12-17 09:46:04,PFE,43.47,4,ASK
2018-12-17 09:46:04,PFE,43.46,62,BID
2018-12-17 09:46:04,PFE,43.47,4,ASK
2018-12-17 09:46:04,PFE,43.46,58,BID
2018-12-17 09:46:04,PFE,43.47,10,ASK
2018-12-17 09:46:04,PFE,43.46,60,BID
2018-12-17 09:46:07,PFE,43.47,13,ASK
2018-12-17 09:46:04,PFE,43.46,59,BID
2018-12-17 09:46:08,PFE,43.47,24,ASK
2018-12-17 09:46:04,PFE,43.46,59,BID
2018-12-17 09:46:08,PFE,43.47,24,ASK
2018-12-17 09:46:10,PFE,43.45,43,BID
2018-12-17 09:46:10,PFE,43.46,29,ASK
2018-12-17 09:46:11,PFE,43.44,31,BID
2018-12-17 09:46:11,PFE,43.45,19,ASK
2018-12-17 09:46:12,PFE,43.45,20,BID
2018-12-17 09:46:12,PFE,43.46,24,ASK
2018-12-17 09:46:12,PFE,43.45,20,BID
2018-12-17 09:46:12,PFE,43.46,24,ASK
2018-12-17 09:46:14,PFE,43.45,37,BID
2018-12-17 09:46:14,PFE,43.46,15,ASK
2018-12-17 09:46:15,PFE,43.46,22,BID
2018-12-17 09:46:14,PFE,43.47,21,ASK
2018-12-17 09:46:16,PFE,43.45,39,BID
2018-12-17 09:46:16,PFE,43.45,3,ASK
2018-12-17 09:46:17,PFE,43.44,38,BID
2018-12-17 09:46:17,PFE,43.45,25,ASK
2018-12-17 09:46:17,PFE,43.44,37,BID
2018-12-17 09:46:17,PFE,43.45,21,ASK
2018-12-17 09:46:17,PFE,43.44,38,BID
2018-12-17 09:46:19,PFE,43.45,25,ASK
2018-12-17 09:46:17,PFE,43.44,39,BID
2018-12-17 09:46:20,PFE,43.45,20,ASK
2018-12-17 09:46:17,PFE,43.44,40,BID
2018-12-17 09:46:21,PFE,43.45,20,ASK
2018-12-17 09:46:22,PFE,43.43,40,BID
2018-12-17 09:46:22,PFE,43.44,20,ASK
2018-12-17 09:46:23,PFE,43.44,25,BID
2018-12-17 09:46:23,PFE,43.45,24,ASK
2018-12-17 09:46:24,PFE,43.44,25,BID
2018-12-17 09:46:24,PFE,43.45,20,ASK
2018-12-17 09:46:25,PFE,43.44,22,BID
2018-12-17 09:46:25,PFE,43.45,22,ASK
2018-12-17 09:46:26,PFE,43.43,36,BID
2018-12-17 09:46:26,PFE,43.44,28,ASK
2018-12-17 09:46:27,PFE,43.43,36,BID
2018-12-17 09:46:26,PFE,43.44,28,ASK
2018-12-17 09:46:28,PFE,43.43,37,BID
2018-12-17 09:46:26,PFE,43.44,28,ASK
2018-12-17 09:46:28,PFE,43.43,29,BID
2018-12-17 09:46:26,PFE,43.44,41,ASK
2018-12-17 09:46:30,PFE,43.42,61,BID
2018-12-17 09:46:30,PFE,43.43,11,ASK
2018-12-17 09:46:30,PFE,43.42,41,BID
2018-12-17 09:46:31,PFE,43.43,14,ASK
2018-12-17 09:46:31,PFE,43.43,16,BID
2018-12-17 09:46:26,PFE,43.44,37,ASK
2018-12-17 09:46:32,PFE,43.44,12,BID
2018-12-17 09:46:32,PFE,43.45,26,ASK
2018-12-17 09:46:32,PFE,43.45,22,BID
2018-12-17 09:46:32,PFE,43.46,12,ASK
2018-12-17 09:46:32,PFE,43.45,11,BID
2018-12-17 09:46:33,PFE,43.46,17,ASK
2018-12-17 09:46:34,PFE,43.45,11,BID
2018-12-17 09:46:35,PFE,43.46,16,ASK
2018-12-17 09:46:37,PFE,43.45,3,BID
2018-12-17 09:46:37,PFE,43.46,21,ASK
2018-12-17 09:46:38,PFE,43.45,3,BID
2018-12-17 09:46:38,PFE,43.46,15,ASK
2018-12-17 09:46:36,PFE,43.44,38,BID
2018-12-17 09:46:39,PFE,43.45,15,ASK
2018-12-17 09:46:40,PFE,43.45,2,BID
2018-12-17 09:46:40,PFE,43.46,14,ASK
2018-12-17 09:46:41,PFE,43.44,34,BID
2018-12-17 09:46:41,PFE,43.45,12,ASK
2018-12-17 09:46:41,PFE,43.44,34,BID
2018-12-17 09:46:41,PFE,43.45,12,ASK
2018-12-17 09:46:43,PFE,43.44,34,BID
2018-12-17 09:46:41,PFE,43.45,12,ASK
2018-12-17 09:46:44,PFE,43.44,33,BID
2018-12-17 09:46:44,PFE,43.45,23,ASK
2018-12-17 09:46:45,PFE,43.44,52,BID
2018-12-17 09:46:44,PFE,43.45,18,ASK
2018-12-17 09:46:45,PFE,43.44,43,BID
2018-12-17 09:46:46,PFE,43.45,20,ASK
2018-12-17 09:46:47,PFE,43.44,28,BID
2018-12-17 09:46:47,PFE,43.45,28,ASK
2018-12-17 09:46:48,PFE,43.43,28,BID
2018-12-17 09:46:48,PFE,43.44,15,ASK
2018-12-17 09:46:49,PFE,43.43,25,BID
2018-12-17 09:46:49,PFE,43.44,31,ASK
2018-12-17 09:46:30,PFE,43.42,44,BID
2018-12-17 09:46:50,PFE,43.43,17,ASK
2018-12-17 09:43:21,PFE,43.41,27,BID
2018-12-17 09:46:51,PFE,43.42,9,ASK
2018-12-17 09:46:52,PFE,43.41,21,BID
2018-12-17 09:46:52,PFE,43.42,14,ASK
2018-12-17 09:46:52,PFE,43.41,27,BID
2018-12-17 09:46:53,PFE,43.42,14,ASK
2018-12-17 09:46:54,PFE,43.42,22,BID
2018-12-17 09:46:54,PFE,43.43,24,ASK
2018-12-17 09:46:54,PFE,43.42,13,BID
2018-12-17 09:46:55,PFE,43.43,28,ASK
2018-12-17 09:46:56,PFE,43.41,23,BID
2018-12-17 09:46:56,PFE,43.42,14,ASK
2018-12-17 09:46:56,PFE,43.41,26,BID
2018-12-17 09:46:57,PFE,43.42,3,ASK
2018-12-17 09:46:56,PFE,43.41,25,BID
2018-12-17 09:46:58,PFE,43.42,3,ASK
2018-12-17 09:46:56,PFE,43.41,25,BID
2018-12-17 09:46:58,PFE,43.42,3,ASK
2018-12-17 09:47:00,PFE,43.42,3,BID
2018-12-17 09:47:00,PFE,43.43,31,ASK
2018-12-17 09:47:01,PFE,43.42,2,BID
2018-12-17 09:47:01,PFE,43.43,32,ASK
2018-12-17 09:47:02,PFE,43.42,2,BID
2018-12-17 09:47:02,PFE,43.43,31,ASK
2018-12-17 09:47:03,PFE,43.42,40,BID
2018-12-17 09:47:03,PFE,43.43,23,ASK
2018-12-17 09:47:03,PFE,43.43,33,BID
2018-12-17 09:47:03,PFE,43.44,24,ASK
2018-12-17 09:47:04,PFE,43.43,28,BID
2018-12-17 09:47:04,PFE,43.44,27,ASK
2018-12-17 09:47:04,PFE,43.43,28,BID
2018-12-17 09:47:05,PFE,43.44,31,ASK
2018-12-17 09:47:04,PFE,43.43,28,BID
2018-12-17 09:47:07,PFE,43.44,33,ASK
2018-12-17 09:47:08,PFE,43.42,30,BID
2018-12-17 09:47:08,PFE,43.43,17,ASK
2018-12-17 09:47:03,PFE,43.41,41,BID
2018-12-17 09:47:09,PFE,43.42,9,ASK
2018-12-17 09:47:03,PFE,43.41,41,BID
2018-12-17 09:47:09,PFE,43.42,10,ASK
2018-12-17 09:47:03,PFE,43.41,40,BID
2018-12-17 09:47:09,PFE,43.42,10,ASK
2018-12-17 09:47:12,PFE,43.42,31,BID
2018-12-17 09:47:08,PFE,43.43,24,ASK
2018-12-17 09:47:12,PFE,43.42,32,BID
2018-12-17 09:47:13,PFE,43.43,16,ASK
2018-12-17 09:47:14,PFE,43.42,35,BID
2018-12-17 09:47:14,PFE,43.43,15,ASK
2018-12-17 09:47:03,PFE,43.41,36,BID
2018-12-17 09:47:15,PFE,43.42,17,ASK
2018-12-17 09:47:16,PFE,43.42,20,BID
2018-12-17 09:47:15,PFE,43.43,33,ASK
2018-12-17 09:47:17,PFE,43.42,9,BID
2018-12-17 09:47:15,PFE,43.43,45,ASK
2018-12-17 09:47:18,PFE,43.42,9,BID
2018-12-17 09:47:15,PFE,43.43,45,ASK
2018-12-17 09:47:03,PFE,43.41,32,BID
2018-12-17 09:47:19,PFE,43.42,27,ASK
2018-12-17 09:47:20,PFE,43.42,13,BID
2018-12-17 09:47:15,PFE,43.43,50,ASK
2018-12-17 09:47:21,PFE,43.42,12,BID
2018-12-17 09:47:15,PFE,43.43,40,ASK
2018-12-17 09:47:21,PFE,43.42,12,BID
2018-12-17 09:47:15,PFE,43.43,42,ASK
2018-12-17 09:47:21,PFE,43.42,12,BID
2018-12-17 09:47:15,PFE,43.43,39,ASK
2018-12-17 09:47:24,PFE,43.42,14,BID
2018-12-17 09:47:15,PFE,43.43,45,ASK
2018-12-17 09:47:25,PFE,43.42,14,BID
2018-12-17 09:47:15,PFE,43.43,47,ASK
2018-12-17 09:47:25,PFE,43.42,14,BID
2018-12-17 09:47:15,PFE,43.43,47,ASK
2018-12-17 09:47:27,PFE,43.42,15,BID
2018-12-17 09:47:15,PFE,43.43,48,ASK
2018-12-17 09:47:28,PFE,43.42,13,BID
2018-12-17 09:47:15,PFE,43.43,49,ASK
2018-12-17 09:47:29,PFE,43.42,13,BID
2018-12-17 09:47:15,PFE,43.43,47,ASK
2018-12-17 09:47:30,PFE,43.42,13,BID
2018-12-17 09:47:15,PFE,43.43,45,ASK
2018-12-17 09:47:31,PFE,43.42,13,BID
2018-12-17 09:47:15,PFE,43.43,47,ASK
2018-12-17 09:47:32,PFE,43.42,15,BID
2018-12-17 09:47:15,PFE,43.43,47,ASK
2018-12-17 09:47:33,PFE,43.42,14,BID
2018-12-17 09:47:33,PFE,43.42,7,ASK
2018-12-17 09:47:34,PFE,43.43,31,BID
2018-12-17 09:47:13,PFE,43.44,41,ASK
2018-12-17 09:47:35,PFE,43.43,20,BID
2018-12-17 09:47:35,PFE,43.44,39,ASK
2018-12-17 09:47:36,PFE,43.43,22,BID
2018-12-17 09:47:36,PFE,43.44,39,ASK
2018-12-17 09:47:36,PFE,43.43,21,BID
2018-12-17 09:47:37,PFE,43.44,38,ASK
2018-12-17 09:47:38,PFE,43.43,25,BID
2018-12-17 09:47:38,PFE,43.44,38,ASK
2018-12-17 09:47:38,PFE,43.43,25,BID
2018-12-17 09:47:39,PFE,43.44,38,ASK
2018-12-17 09:47:38,PFE,43.43,24,BID
2018-12-17 09:47:40,PFE,43.44,41,ASK
2018-12-17 09:47:38,PFE,43.43,25,BID
2018-12-17 09:47:41,PFE,43.44,38,ASK
2018-12-17 09:47:38,PFE,43.43,28,BID
2018-12-17 09:47:42,PFE,43.44,38,ASK
2018-12-17 09:47:38,PFE,43.43,27,BID
2018-12-17 09:47:43,PFE,43.44,42,ASK
2018-12-17 09:47:38,PFE,43.43,27,BID
2018-12-17 09:47:44,PFE,43.44,42,ASK
2018-12-17 09:47:38,PFE,43.43,27,BID
2018-12-17 09:47:45,PFE,43.44,41,ASK
2018-12-17 09:47:38,PFE,43.43,27,BID
2018-12-17 09:47:46,PFE,43.44,39,ASK
2018-12-17 09:47:38,PFE,43.43,28,BID
2018-12-17 09:47:47,PFE,43.44,36,ASK
2018-12-17 09:47:38,PFE,43.43,32,BID
2018-12-17 09:47:48,PFE,43.44,36,ASK
2018-12-17 09:47:33,PFE,43.42,40,BID
2018-12-17 09:47:49,PFE,43.43,11,ASK
2018-12-17 09:47:33,PFE,43.42,39,BID
2018-12-17 09:47:50,PFE,43.43,19,ASK
2018-12-17 09:47:33,PFE,43.42,39,BID
2018-12-17 09:47:50,PFE,43.43,19,ASK
2018-12-17 09:47:33,PFE,43.42,39,BID
2018-12-17 09:47:50,PFE,43.43,19,ASK
2018-12-17 09:47:33,PFE,43.42,31,BID
2018-12-17 09:47:53,PFE,43.43,24,ASK
2018-12-17 09:47:33,PFE,43.42,28,BID
2018-12-17 09:47:54,PFE,43.42,2,ASK
2018-12-17 09:47:03,PFE,43.41,36,BID
2018-12-17 09:47:55,PFE,43.42,21,ASK
2018-12-17 09:47:03,PFE,43.41,32,BID
2018-12-17 09:47:55,PFE,43.42,19,ASK
2018-12-17 09:47:03,PFE,43.41,33,BID
2018-12-17 09:47:55,PFE,43.42,18,ASK
2018-12-17 09:47:58,PFE,43.42,26,BID
2018-12-17 09:47:58,PFE,43.43,32,ASK
2018-12-17 09:47:58,PFE,43.42,18,BID
2018-12-17 09:47:59,PFE,43.43,33,ASK
2018-12-17 09:47:03,PFE,43.41,32,BID
2018-12-17 09:48:00,PFE,43.42,53,ASK
2018-12-17 09:47:03,PFE,43.41,29,BID
2018-12-17 09:48:01,PFE,43.42,38,ASK
2018-12-17 09:42:07,PFE,43.4,42,BID
2018-12-17 09:48:02,PFE,43.41,30,ASK
2018-12-17 09:42:07,PFE,43.4,43,BID
2018-12-17 09:48:04,PFE,43.41,32,ASK
2018-12-17 09:42:07,PFE,43.4,43,BID
2018-12-17 09:48:05,PFE,43.41,32,ASK
2018-12-17 09:41:22,PFE,43.39,41,BID
2018-12-17 09:48:05,PFE,43.4,47,ASK
2018-12-17 09:41:22,PFE,43.39,44,BID
2018-12-17 09:48:07,PFE,43.4,9,ASK
2018-12-17 09:41:22,PFE,43.39,40,BID
2018-12-17 09:48:07,PFE,43.4,28,ASK
2018-12-17 09:41:22,PFE,43.39,40,BID
2018-12-17 09:48:07,PFE,43.4,28,ASK
2018-12-17 09:41:22,PFE,43.39,41,BID
2018-12-17 09:48:07,PFE,43.4,28,ASK
2018-12-17 09:41:22,PFE,43.39,43,BID
2018-12-17 09:48:10,PFE,43.4,23,ASK
2018-12-17 09:41:22,PFE,43.39,41,BID
2018-12-17 09:48:10,PFE,43.4,31,ASK
2018-12-17 09:41:22,PFE,43.39,42,BID
2018-12-17 09:48:10,PFE,43.4,26,ASK
2018-12-17 09:41:22,PFE,43.39,40,BID
2018-12-17 09:48:10,PFE,43.4,38,ASK
2018-12-17 09:41:22,PFE,43.39,41,BID
2018-12-17 09:48:10,PFE,43.4,28,ASK
2018-12-17 09:39:34,PFE,43.38,37,BID
2018-12-17 09:48:15,PFE,43.39,19,ASK
2018-12-17 09:39:34,PFE,43.38,38,BID
2018-12-17 09:48:16,PFE,43.39,15,ASK
2018-12-17 09:39:34,PFE,43.38,37,BID
2018-12-17 09:48:16,PFE,43.39,21,ASK
2018-12-17 09:39:34,PFE,43.38,38,BID
2018-12-17 09:48:18,PFE,43.39,23,ASK
2018-12-17 09:39:34,PFE,43.38,38,BID
2018-12-17 09:48:18,PFE,43.39,21,ASK
2018-12-17 09:39:34,PFE,43.38,36,BID
2018-12-17 09:48:18,PFE,43.39,34,ASK
2018-12-17 09:39:34,PFE,43.38,14,BID
2018-12-17 09:48:18,PFE,43.39,38,ASK
2018-12-17 09:48:22,PFE,43.38,17,BID
2018-12-17 09:48:18,PFE,43.39,26,ASK
2018-12-17 09:48:22,PFE,43.38,18,BID
2018-12-17 09:48:18,PFE,43.39,25,ASK
2018-12-17 09:48:22,PFE,43.38,18,BID
2018-12-17 09:48:18,PFE,43.39,25,ASK
2018-12-17 09:48:22,PFE,43.38,18,BID
2018-12-17 09:48:18,PFE,43.39,23,ASK
2018-12-17 09:48:22,PFE,43.38,18,BID
2018-12-17 09:48:18,PFE,43.39,26,ASK
2018-12-17 09:48:22,PFE,43.38,8,BID
2018-12-17 09:48:28,PFE,43.38,18,ASK
2018-12-17 09:48:28,PFE,43.38,8,BID
2018-12-17 09:48:18,PFE,43.39,34,ASK
2018-12-17 09:48:28,PFE,43.38,8,BID
2018-12-17 09:48:18,PFE,43.39,32,ASK
2018-12-17 09:48:28,PFE,43.38,10,BID
2018-12-17 09:48:18,PFE,43.39,25,ASK
2018-12-17 09:48:31,PFE,43.39,15,BID
2018-12-17 09:48:10,PFE,43.4,47,ASK
2018-12-17 09:48:32,PFE,43.4,21,BID
2018-12-17 09:48:02,PFE,43.41,40,ASK
2018-12-17 09:48:32,PFE,43.4,21,BID
2018-12-17 09:48:02,PFE,43.41,41,ASK
2018-12-17 09:48:32,PFE,43.4,21,BID
2018-12-17 09:48:02,PFE,43.41,39,ASK
2018-12-17 09:48:32,PFE,43.4,21,BID
2018-12-17 09:48:02,PFE,43.41,38,ASK
2018-12-17 09:48:36,PFE,43.4,16,BID
2018-12-17 09:48:02,PFE,43.41,39,ASK
2018-12-17 09:48:36,PFE,43.4,16,BID
2018-12-17 09:48:02,PFE,43.41,41,ASK
2018-12-17 09:48:36,PFE,43.4,16,BID
2018-12-17 09:48:02,PFE,43.41,39,ASK
2018-12-17 09:48:36,PFE,43.4,16,BID
2018-12-17 09:48:02,PFE,43.41,37,ASK
2018-12-17 09:48:41,PFE,43.4,22,BID
2018-12-17 09:48:02,PFE,43.41,30,ASK
2018-12-17 09:48:41,PFE,43.4,24,BID
2018-12-17 09:48:02,PFE,43.41,29,ASK
2018-12-17 09:48:41,PFE,43.4,28,BID
2018-12-17 09:48:02,PFE,43.41,33,ASK
2018-12-17 09:48:41,PFE,43.4,24,BID
2018-12-17 09:48:02,PFE,43.41,34,ASK
2018-12-17 09:48:44,PFE,43.41,44,BID
2018-12-17 09:48:44,PFE,43.42,30,ASK
2018-12-17 09:48:45,PFE,43.41,34,BID
2018-12-17 09:48:44,PFE,43.42,32,ASK
2018-12-17 09:48:47,PFE,43.41,34,BID
2018-12-17 09:48:44,PFE,43.42,32,ASK
2018-12-17 09:48:47,PFE,43.41,22,BID
2018-12-17 09:48:44,PFE,43.42,36,ASK
2018-12-17 09:48:41,PFE,43.4,28,BID
2018-12-17 09:48:49,PFE,43.41,39,ASK
2018-12-17 09:48:41,PFE,43.4,20,BID
2018-12-17 09:48:50,PFE,43.41,52,ASK
2018-12-17 09:48:41,PFE,43.4,20,BID
2018-12-17 09:48:50,PFE,43.41,44,ASK
2018-12-17 09:48:41,PFE,43.4,20,BID
2018-12-17 09:48:51,PFE,43.41,43,ASK
2018-12-17 09:48:41,PFE,43.4,22,BID
2018-12-17 09:48:53,PFE,43.41,38,ASK
2018-12-17 09:48:41,PFE,43.4,22,BID
2018-12-17 09:48:53,PFE,43.41,38,ASK
2018-12-17 09:48:41,PFE,43.4,22,BID
2018-12-17 09:48:53,PFE,43.41,38,ASK
2018-12-17 09:48:41,PFE,43.4,32,BID
2018-12-17 09:48:56,PFE,43.41,35,ASK
2018-12-17 09:48:56,PFE,43.42,25,BID
2018-12-17 09:48:56,PFE,43.43,55,ASK
2018-12-17 09:48:57,PFE,43.42,19,BID
2018-12-17 09:48:57,PFE,43.43,56,ASK
2018-12-17 09:48:59,PFE,43.42,22,BID
2018-12-17 09:48:59,PFE,43.43,56,ASK
2018-12-17 09:48:59,PFE,43.42,22,BID
2018-12-17 09:49:00,PFE,43.43,58,ASK
2018-12-17 09:48:59,PFE,43.42,22,BID
2018-12-17 09:49:01,PFE,43.43,59,ASK
2018-12-17 09:49:01,PFE,43.43,8,BID
2018-12-17 09:49:01,PFE,43.43,36,ASK
2018-12-17 09:49:02,PFE,43.43,20,BID
2018-12-17 09:49:02,PFE,43.44,40,ASK
2018-12-17 09:49:02,PFE,43.43,13,BID
2018-12-17 09:49:02,PFE,43.44,42,ASK
2018-12-17 09:49:03,PFE,43.44,6,BID
2018-12-17 09:49:03,PFE,43.44,12,ASK
2018-12-17 09:49:04,PFE,43.45,7,BID
2018-12-17 09:49:04,PFE,43.46,11,ASK
2018-12-17 09:49:05,PFE,43.46,18,BID
2018-12-17 09:46:14,PFE,43.47,26,ASK
2018-12-17 09:49:05,PFE,43.46,14,BID
2018-12-17 09:46:14,PFE,43.47,20,ASK
2018-12-17 09:49:06,PFE,43.46,17,BID
2018-12-17 09:49:07,PFE,43.47,16,ASK
2018-12-17 09:49:07,PFE,43.47,13,BID
2018-12-17 09:49:07,PFE,43.48,38,ASK
2018-12-17 09:49:09,PFE,43.47,7,BID
2018-12-17 09:49:07,PFE,43.48,46,ASK
2018-12-17 09:49:09,PFE,43.46,41,BID
2018-12-17 09:49:10,PFE,43.47,11,ASK
2018-12-17 09:49:09,PFE,43.46,25,BID
2018-12-17 09:49:11,PFE,43.47,19,ASK
2018-12-17 09:49:09,PFE,43.46,24,BID
2018-12-17 09:49:12,PFE,43.47,21,ASK
2018-12-17 09:49:14,PFE,43.47,4,BID
2018-12-17 09:49:07,PFE,43.48,45,ASK
2018-12-17 09:49:15,PFE,43.47,6,BID
2018-12-17 09:49:07,PFE,43.48,57,ASK
2018-12-17 09:49:09,PFE,43.46,22,BID
2018-12-17 09:49:16,PFE,43.47,53,ASK
2018-12-17 09:49:04,PFE,43.45,16,BID
2018-12-17 09:49:18,PFE,43.46,28,ASK
2018-12-17 09:49:18,PFE,43.45,20,BID
2018-12-17 09:49:18,PFE,43.46,32,ASK
2018-12-17 09:49:18,PFE,43.45,15,BID
2018-12-17 09:49:19,PFE,43.46,34,ASK
2018-12-17 09:49:18,PFE,43.45,22,BID
2018-12-17 09:49:20,PFE,43.46,30,ASK
2018-12-17 09:49:18,PFE,43.45,15,BID
2018-12-17 09:49:20,PFE,43.46,23,ASK
2018-12-17 09:49:18,PFE,43.45,19,BID
2018-12-17 09:49:21,PFE,43.46,18,ASK
2018-12-17 09:49:18,PFE,43.45,17,BID
2018-12-17 09:49:22,PFE,43.46,20,ASK
2018-12-17 09:49:22,PFE,43.44,27,BID
2018-12-17 09:49:22,PFE,43.45,38,ASK
2018-12-17 09:49:23,PFE,43.43,43,BID
2018-12-17 09:49:23,PFE,43.44,17,ASK
2018-12-17 09:48:58,PFE,43.42,27,BID
2018-12-17 09:49:24,PFE,43.43,39,ASK
2018-12-17 09:48:58,PFE,43.42,23,BID
2018-12-17 09:49:24,PFE,43.43,46,ASK
2018-12-17 09:48:58,PFE,43.42,14,BID
2018-12-17 09:49:26,PFE,43.43,72,ASK
2018-12-17 09:49:26,PFE,43.42,20,BID
2018-12-17 09:49:26,PFE,43.43,70,ASK
2018-12-17 09:49:27,PFE,43.43,31,BID
2018-12-17 09:49:27,PFE,43.43,47,ASK
2018-12-17 09:49:27,PFE,43.43,26,BID
2018-12-17 09:49:27,PFE,43.44,22,ASK
2018-12-17 09:49:27,PFE,43.43,20,BID
2018-12-17 09:49:27,PFE,43.44,23,ASK
2018-12-17 09:49:28,PFE,43.41,28,BID
2018-12-17 09:49:28,PFE,43.42,17,ASK
2018-12-17 09:49:28,PFE,43.41,23,BID
2018-12-17 09:49:28,PFE,43.42,10,ASK
2018-12-17 09:49:28,PFE,43.41,30,BID
2018-12-17 09:49:28,PFE,43.42,19,ASK
2018-12-17 09:49:28,PFE,43.41,30,BID
2018-12-17 09:49:28,PFE,43.42,19,ASK
2018-12-17 09:49:28,PFE,43.41,26,BID
2018-12-17 09:49:30,PFE,43.42,56,ASK
2018-12-17 09:49:28,PFE,43.41,32,BID
2018-12-17 09:49:32,PFE,43.42,34,ASK
2018-12-17 09:49:33,PFE,43.42,14,BID
2018-12-17 09:49:33,PFE,43.43,40,ASK
2018-12-17 09:49:33,PFE,43.42,23,BID
2018-12-17 09:49:33,PFE,43.43,27,ASK
2018-12-17 09:49:33,PFE,43.42,23,BID
2018-12-17 09:49:33,PFE,43.43,32,ASK
2018-12-17 09:49:33,PFE,43.42,21,BID
2018-12-17 09:49:33,PFE,43.43,27,ASK
2018-12-17 09:49:37,PFE,43.42,46,BID
2018-12-17 09:49:33,PFE,43.43,9,ASK
2018-12-17 09:49:39,PFE,43.43,16,BID
2018-12-17 09:49:27,PFE,43.44,44,ASK
2018-12-17 09:49:40,PFE,43.43,14,BID
2018-12-17 09:49:27,PFE,43.44,43,ASK
2018-12-17 09:49:41,PFE,43.43,14,BID
2018-12-17 09:49:27,PFE,43.44,44,ASK
2018-12-17 09:49:44,PFE,43.44,29,BID
2018-12-17 09:49:45,PFE,43.45,16,ASK
2018-12-17 09:49:46,PFE,43.45,17,BID
2018-12-17 09:49:46,PFE,43.46,45,ASK
2018-12-17 09:49:47,PFE,43.45,17,BID
2018-12-17 09:49:46,PFE,43.46,31,ASK
2018-12-17 09:49:50,PFE,43.46,24,BID
2018-12-17 09:49:50,PFE,43.47,33,ASK
2018-12-17 09:49:51,PFE,43.47,25,BID
2018-12-17 09:49:07,PFE,43.48,34,ASK
2018-12-17 09:49:52,PFE,43.47,20,BID
2018-12-17 09:49:07,PFE,43.48,40,ASK
2018-12-17 09:49:50,PFE,43.46,23,BID
2018-12-17 09:49:53,PFE,43.47,20,ASK
2018-12-17 09:49:50,PFE,43.46,21,BID
2018-12-17 09:49:55,PFE,43.47,18,ASK
2018-12-17 09:49:50,PFE,43.46,23,BID
2018-12-17 09:49:55,PFE,43.47,24,ASK
2018-12-17 09:49:50,PFE,43.46,23,BID
2018-12-17 09:49:55,PFE,43.47,24,ASK
2018-12-17 09:49:50,PFE,43.46,25,BID
2018-12-17 09:49:55,PFE,43.47,17,ASK
2018-12-17 09:49:50,PFE,43.46,25,BID
2018-12-17 09:49:55,PFE,43.47,16,ASK
2018-12-17 09:50:00,PFE,43.47,17,BID
2018-12-17 09:49:07,PFE,43.48,43,ASK
2018-12-17 09:49:50,PFE,43.46,24,BID
2018-12-17 09:50:01,PFE,43.47,29,ASK
2018-12-17 09:50:01,PFE,43.47,14,BID
2018-12-17 09:49:07,PFE,43.48,32,ASK
2018-12-17 09:50:01,PFE,43.47,16,BID
2018-12-17 09:49:07,PFE,43.48,35,ASK
2018-12-17 09:50:01,PFE,43.47,16,BID
2018-12-17 09:49:07,PFE,43.48,33,ASK
2018-12-17 09:50:05,PFE,43.47,7,BID
2018-12-17 09:50:05,PFE,43.48,55,ASK
2018-12-17 09:50:05,PFE,43.47,8,BID
2018-12-17 09:50:05,PFE,43.48,52,ASK
2018-12-17 09:50:05,PFE,43.47,18,BID
2018-12-17 09:50:05,PFE,43.48,41,ASK
2018-12-17 09:50:08,PFE,43.48,35,BID
2018-12-17 09:50:08,PFE,43.49,30,ASK
2018-12-17 09:50:08,PFE,43.48,29,BID
2018-12-17 09:50:09,PFE,43.49,31,ASK
2018-12-17 09:50:08,PFE,43.48,30,BID
2018-12-17 09:50:10,PFE,43.49,37,ASK
2018-12-17 09:50:08,PFE,43.48,32,BID
2018-12-17 09:50:11,PFE,43.49,17,ASK
2018-12-17 09:50:08,PFE,43.48,32,BID
2018-12-17 09:50:12,PFE,43.49,15,ASK
2018-12-17 09:50:08,PFE,43.48,33,BID
2018-12-17 09:50:13,PFE,43.49,15,ASK
2018-12-17 09:50:08,PFE,43.48,34,BID
2018-12-17 09:50:14,PFE,43.49,15,ASK
2018-12-17 09:50:08,PFE,43.48,26,BID
2018-12-17 09:50:15,PFE,43.49,22,ASK
2018-12-17 09:50:08,PFE,43.48,25,BID
2018-12-17 09:50:16,PFE,43.49,25,ASK
2018-12-17 09:50:08,PFE,43.48,28,BID
2018-12-17 09:50:17,PFE,43.49,23,ASK
2018-12-17 09:50:08,PFE,43.48,29,BID
2018-12-17 09:50:18,PFE,43.49,19,ASK
2018-12-17 09:50:08,PFE,43.48,28,BID
2018-12-17 09:50:19,PFE,43.49,23,ASK
2018-12-17 09:50:08,PFE,43.48,27,BID
2018-12-17 09:50:20,PFE,43.49,37,ASK
2018-12-17 09:50:20,PFE,43.46,23,BID
2018-12-17 09:50:20,PFE,43.47,23,ASK
2018-12-17 09:50:20,PFE,43.46,25,BID
2018-12-17 09:50:20,PFE,43.47,20,ASK
2018-12-17 09:50:20,PFE,43.46,23,BID
2018-12-17 09:50:23,PFE,43.47,23,ASK
2018-12-17 09:50:20,PFE,43.46,33,BID
2018-12-17 09:50:23,PFE,43.47,17,ASK
2018-12-17 09:50:20,PFE,43.46,28,BID
2018-12-17 09:50:23,PFE,43.47,20,ASK
2018-12-17 09:50:20,PFE,43.46,27,BID
2018-12-17 09:50:23,PFE,43.47,17,ASK
2018-12-17 09:50:27,PFE,43.46,30,BID
2018-12-17 09:50:23,PFE,43.47,22,ASK
2018-12-17 09:50:27,PFE,43.46,32,BID
2018-12-17 09:50:28,PFE,43.47,29,ASK
2018-12-17 09:50:29,PFE,43.47,5,BID
2018-12-17 09:50:22,PFE,43.48,42,ASK
2018-12-17 09:50:29,PFE,43.46,32,BID
2018-12-17 09:50:30,PFE,43.47,19,ASK
2018-12-17 09:50:29,PFE,43.46,31,BID
2018-12-17 09:50:31,PFE,43.47,24,ASK
2018-12-17 09:50:29,PFE,43.46,31,BID
2018-12-17 09:50:31,PFE,43.47,24,ASK
2018-12-17 09:50:29,PFE,43.46,33,BID
2018-12-17 09:50:33,PFE,43.47,20,ASK
2018-12-17 09:50:29,PFE,43.46,31,BID
2018-12-17 09:50:34,PFE,43.47,25,ASK
2018-12-17 09:50:29,PFE,43.46,36,BID
2018-12-17 09:50:35,PFE,43.47,47,ASK
2018-12-17 09:50:29,PFE,43.46,41,BID
2018-12-17 09:50:36,PFE,43.47,24,ASK
2018-12-17 09:50:37,PFE,43.47,51,BID
2018-12-17 09:50:37,PFE,43.48,9,ASK
2018-12-17 09:50:37,PFE,43.47,44,BID
2018-12-17 09:50:38,PFE,43.48,47,ASK
2018-12-17 09:50:29,PFE,43.46,34,BID
2018-12-17 09:50:39,PFE,43.47,30,ASK
2018-12-17 09:50:29,PFE,43.46,36,BID
2018-12-17 09:50:39,PFE,43.47,27,ASK
2018-12-17 09:50:41,PFE,43.47,32,BID
2018-12-17 09:50:38,PFE,43.48,26,ASK
2018-12-17 09:50:29,PFE,43.46,34,BID
2018-12-17 09:50:42,PFE,43.47,25,ASK
2018-12-17 09:50:29,PFE,43.46,35,BID
2018-12-17 09:50:43,PFE,43.47,15,ASK
2018-12-17 09:50:29,PFE,43.46,38,BID
2018-12-17 09:50:44,PFE,43.47,22,ASK
2018-12-17 09:50:29,PFE,43.46,38,BID
2018-12-17 09:50:45,PFE,43.47,23,ASK
2018-12-17 09:50:29,PFE,43.46,47,BID
2018-12-17 09:50:46,PFE,43.47,22,ASK
2018-12-17 09:50:46,PFE,43.47,36,BID
2018-12-17 09:50:46,PFE,43.48,29,ASK
2018-12-17 09:50:48,PFE,43.48,27,BID
2018-12-17 09:50:48,PFE,43.49,30,ASK
2018-12-17 09:50:48,PFE,43.48,25,BID
2018-12-17 09:50:48,PFE,43.49,24,ASK
2018-12-17 09:50:50,PFE,43.49,11,BID
2018-12-17 09:50:50,PFE,43.5,41,ASK
2018-12-17 09:50:51,PFE,43.49,21,BID
2018-12-17 09:50:51,PFE,43.5,49,ASK
2018-12-17 09:50:51,PFE,43.49,24,BID
2018-12-17 09:50:52,PFE,43.5,31,ASK
2018-12-17 09:50:53,PFE,43.5,21,BID
2018-12-17 09:50:53,PFE,43.51,29,ASK
2018-12-17 09:50:54,PFE,43.5,5,BID
2018-12-17 09:50:54,PFE,43.51,33,ASK
2018-12-17 09:50:51,PFE,43.49,22,BID
2018-12-17 09:50:55,PFE,43.5,3,ASK
2018-12-17 09:50:51,PFE,43.49,22,BID
2018-12-17 09:50:55,PFE,43.5,3,ASK
2018-12-17 09:50:51,PFE,43.49,16,BID
2018-12-17 09:50:55,PFE,43.5,22,ASK
2018-12-17 09:50:57,PFE,43.49,7,BID
2018-12-17 09:50:55,PFE,43.5,42,ASK
2018-12-17 09:50:58,PFE,43.48,28,BID
2018-12-17 09:50:58,PFE,43.49,19,ASK
2018-12-17 09:50:59,PFE,43.48,31,BID
2018-12-17 09:51:00,PFE,43.49,16,ASK
2018-12-17 09:50:59,PFE,43.48,35,BID
2018-12-17 09:51:01,PFE,43.49,18,ASK
2018-12-17 09:50:59,PFE,43.48,36,BID
2018-12-17 09:51:01,PFE,43.49,19,ASK
2018-12-17 09:50:59,PFE,43.48,34,BID
2018-12-17 09:51:01,PFE,43.49,25,ASK
2018-12-17 09:50:59,PFE,43.48,33,BID
2018-12-17 09:51:01,PFE,43.49,25,ASK
2018-12-17 09:50:59,PFE,43.48,33,BID
2018-12-17 09:51:01,PFE,43.49,26,ASK
2018-12-17 09:50:59,PFE,43.48,28,BID
2018-12-17 09:51:01,PFE,43.49,26,ASK
2018-12-17 09:50:59,PFE,43.48,29,BID
2018-12-17 09:51:01,PFE,43.49,26,ASK
2018-12-17 09:50:46,PFE,43.47,15,BID
2018-12-17 09:51:08,PFE,43.48,36,ASK
2018-12-17 09:50:29,PFE,43.46,36,BID
2018-12-17 09:51:08,PFE,43.47,33,ASK
2018-12-17 09:50:29,PFE,43.46,34,BID
2018-12-17 09:51:08,PFE,43.47,36,ASK
2018-12-17 09:50:29,PFE,43.46,36,BID
2018-12-17 09:51:08,PFE,43.47,32,ASK
2018-12-17 09:50:29,PFE,43.46,34,BID
2018-12-17 09:51:08,PFE,43.47,40,ASK
2018-12-17 09:51:13,PFE,43.47,54,BID
2018-12-17 09:51:08,PFE,43.48,28,ASK
2018-12-17 09:51:14,PFE,43.47,34,BID
2018-12-17 09:51:13,PFE,43.48,37,ASK
2018-12-17 09:51:14,PFE,43.47,34,BID
2018-12-17 09:51:13,PFE,43.48,39,ASK
2018-12-17 09:51:15,PFE,43.47,28,BID
2018-12-17 09:51:15,PFE,43.47,35,ASK
2018-12-17 09:51:16,PFE,43.46,21,BID
2018-12-17 09:51:16,PFE,43.47,49,ASK
2018-12-17 09:49:50,PFE,43.45,60,BID
2018-12-17 09:51:17,PFE,43.46,15,ASK
2018-12-17 09:51:17,PFE,43.46,26,BID
2018-12-17 09:51:18,PFE,43.47,50,ASK
2018-12-17 09:51:18,PFE,43.47,40,BID
2018-12-17 09:51:13,PFE,43.48,37,ASK
2018-12-17 09:51:19,PFE,43.47,41,BID
2018-12-17 09:51:19,PFE,43.48,33,ASK
2018-12-17 09:51:21,PFE,43.47,42,BID
2018-12-17 09:51:19,PFE,43.48,43,ASK
2018-12-17 09:51:23,PFE,43.47,40,BID
2018-12-17 09:51:19,PFE,43.48,39,ASK
2018-12-17 09:51:24,PFE,43.48,21,BID
2018-12-17 09:51:01,PFE,43.49,33,ASK
2018-12-17 09:51:24,PFE,43.48,21,BID
2018-12-17 09:51:01,PFE,43.49,25,ASK
2018-12-17 09:51:24,PFE,43.48,23,BID
2018-12-17 09:51:01,PFE,43.49,15,ASK
2018-12-17 09:51:24,PFE,43.48,29,BID
2018-12-17 09:51:27,PFE,43.49,17,ASK
2018-12-17 09:51:28,PFE,43.49,18,BID
2018-12-17 09:50:55,PFE,43.5,22,ASK
2018-12-17 09:51:28,PFE,43.49,17,BID
2018-12-17 09:50:55,PFE,43.5,29,ASK
2018-12-17 09:51:28,PFE,43.49,21,BID
2018-12-17 09:50:55,PFE,43.5,27,ASK
2018-12-17 09:51:31,PFE,43.5,42,BID
2018-12-17 09:50:54,PFE,43.51,34,ASK
2018-12-17 09:51:31,PFE,43.5,39,BID
2018-12-17 09:51:31,PFE,43.51,30,ASK
2018-12-17 09:51:31,PFE,43.5,37,BID
2018-12-17 09:51:31,PFE,43.51,26,ASK
2018-12-17 09:51:31,PFE,43.5,39,BID
2018-12-17 09:51:33,PFE,43.51,20,ASK
2018-12-17 09:51:31,PFE,43.5,37,BID
2018-12-17 09:51:33,PFE,43.51,27,ASK
2018-12-17 09:51:31,PFE,43.5,36,BID
2018-12-17 09:51:33,PFE,43.51,37,ASK
2018-12-17 09:51:37,PFE,43.49,28,BID
2018-12-17 09:51:37,PFE,43.5,35,ASK
2018-12-17 09:51:37,PFE,43.5,51,BID
2018-12-17 09:51:38,PFE,43.51,23,ASK
2018-12-17 09:51:37,PFE,43.5,51,BID
2018-12-17 09:51:39,PFE,43.51,24,ASK
2018-12-17 09:51:37,PFE,43.5,50,BID
2018-12-17 09:51:40,PFE,43.51,23,ASK
2018-12-17 09:51:37,PFE,43.5,52,BID
2018-12-17 09:51:41,PFE,43.51,22,ASK
2018-12-17 09:51:37,PFE,43.5,54,BID
2018-12-17 09:51:42,PFE,43.51,21,ASK
2018-12-17 09:51:37,PFE,43.5,61,BID
2018-12-17 09:51:43,PFE,43.51,21,ASK
2018-12-17 09:51:37,PFE,43.5,61,BID
2018-12-17 09:51:44,PFE,43.51,21,ASK
2018-12-17 09:51:45,PFE,43.52,15,BID
2018-12-17 09:45:36,PFE,43.53,49,ASK
2018-12-17 09:51:45,PFE,43.52,21,BID
2018-12-17 09:51:45,PFE,43.53,36,ASK
2018-12-17 09:51:45,PFE,43.52,21,BID
2018-12-17 09:51:45,PFE,43.53,40,ASK
2018-12-17 09:51:48,PFE,43.53,42,BID
2018-12-17 09:51:48,PFE,43.54,11,ASK
2018-12-17 09:51:49,PFE,43.53,36,BID
2018-12-17 09:51:49,PFE,43.54,16,ASK
2018-12-17 09:51:50,PFE,43.53,31,BID
2018-12-17 09:51:50,PFE,43.54,22,ASK
2018-12-17 09:51:50,PFE,43.53,31,BID
2018-12-17 09:51:50,PFE,43.54,22,ASK
2018-12-17 09:51:50,PFE,43.53,29,BID
2018-12-17 09:51:50,PFE,43.54,25,ASK
2018-12-17 09:51:50,PFE,43.53,30,BID
2018-12-17 09:51:50,PFE,43.54,27,ASK
2018-12-17 09:51:48,PFE,43.52,50,BID
2018-12-17 09:51:54,PFE,43.53,19,ASK
2018-12-17 09:51:48,PFE,43.52,48,BID
2018-12-17 09:51:54,PFE,43.53,21,ASK
2018-12-17 09:51:48,PFE,43.52,48,BID
2018-12-17 09:51:54,PFE,43.53,23,ASK
2018-12-17 09:51:57,PFE,43.51,41,BID
2018-12-17 09:51:57,PFE,43.52,17,ASK
2018-12-17 09:51:58,PFE,43.51,40,BID
2018-12-17 09:51:58,PFE,43.52,17,ASK
2018-12-17 09:52:00,PFE,43.51,44,BID
2018-12-17 09:52:00,PFE,43.52,18,ASK
2018-12-17 09:51:37,PFE,43.5,62,BID
2018-12-17 09:52:00,PFE,43.51,18,ASK
2018-12-17 09:52:01,PFE,43.51,49,BID
2018-12-17 09:52:00,PFE,43.52,44,ASK
2018-12-17 09:52:01,PFE,43.51,15,BID
2018-12-17 09:52:01,PFE,43.52,44,ASK
2018-12-17 09:52:02,PFE,43.51,27,BID
2018-12-17 09:52:03,PFE,43.52,30,ASK
2018-12-17 09:51:37,PFE,43.5,57,BID
2018-12-17 09:52:04,PFE,43.51,15,ASK
2018-12-17 09:51:37,PFE,43.5,55,BID
2018-12-17 09:52:05,PFE,43.51,18,ASK
2018-12-17 09:52:06,PFE,43.51,27,BID
2018-12-17 09:52:04,PFE,43.52,62,ASK
2018-12-17 09:52:06,PFE,43.51,27,BID
2018-12-17 09:52:04,PFE,43.52,57,ASK
2018-12-17 09:51:37,PFE,43.5,54,BID
2018-12-17 09:52:08,PFE,43.51,28,ASK
2018-12-17 09:51:37,PFE,43.5,55,BID
2018-12-17 09:52:09,PFE,43.51,16,ASK
2018-12-17 09:51:37,PFE,43.5,58,BID
2018-12-17 09:52:09,PFE,43.51,16,ASK
2018-12-17 09:51:37,PFE,43.5,59,BID
2018-12-17 09:52:11,PFE,43.51,15,ASK
2018-12-17 09:52:12,PFE,43.51,18,BID
2018-12-17 09:52:04,PFE,43.52,47,ASK
2018-12-17 09:51:38,PFE,43.5,51,BID
2018-12-17 09:52:13,PFE,43.51,28,ASK
2018-12-17 09:51:37,PFE,43.49,78,BID
2018-12-17 09:52:14,PFE,43.5,39,ASK
2018-12-17 09:51:37,PFE,43.49,49,BID
2018-12-17 09:52:14,PFE,43.5,46,ASK
2018-12-17 09:52:16,PFE,43.49,27,BID
2018-12-17 09:52:14,PFE,43.5,46,ASK
2018-12-17 09:52:16,PFE,43.49,32,BID
2018-12-17 09:52:14,PFE,43.5,42,ASK
2018-12-17 09:52:18,PFE,43.48,27,BID
2018-12-17 09:52:18,PFE,43.49,18,ASK
2018-12-17 09:52:19,PFE,43.48,19,BID
2018-12-17 09:52:18,PFE,43.49,58,ASK
2018-12-17 09:52:20,PFE,43.48,19,BID
2018-12-17 09:52:18,PFE,43.49,41,ASK
2018-12-17 09:52:22,PFE,43.48,19,BID
2018-12-17 09:52:18,PFE,43.49,38,ASK
2018-12-17 09:52:22,PFE,43.48,19,BID
2018-12-17 09:52:18,PFE,43.49,43,ASK
2018-12-17 09:52:24,PFE,43.48,19,BID
2018-12-17 09:52:18,PFE,43.49,42,ASK
2018-12-17 09:52:24,PFE,43.48,18,BID
2018-12-17 09:52:18,PFE,43.49,46,ASK
2018-12-17 09:52:26,PFE,43.48,18,BID
2018-12-17 09:52:18,PFE,43.49,43,ASK
2018-12-17 09:52:26,PFE,43.48,22,BID
2018-12-17 09:52:26,PFE,43.49,31,ASK
2018-12-17 09:52:27,PFE,43.49,17,BID
2018-12-17 09:52:14,PFE,43.5,59,ASK
2018-12-17 09:52:27,PFE,43.49,17,BID
2018-12-17 09:52:14,PFE,43.5,58,ASK
2018-12-17 09:52:27,PFE,43.49,20,BID
2018-12-17 09:52:14,PFE,43.5,50,ASK
2018-12-17 09:52:27,PFE,43.49,19,BID
2018-12-17 09:52:14,PFE,43.5,55,ASK
2018-12-17 09:52:27,PFE,43.49,19,BID
2018-12-17 09:52:14,PFE,43.5,52,ASK
2018-12-17 09:52:27,PFE,43.49,20,BID
2018-12-17 09:52:14,PFE,43.5,50,ASK
2018-12-17 09:52:33,PFE,43.48,27,BID
2018-12-17 09:52:33,PFE,43.49,30,ASK
2018-12-17 09:52:35,PFE,43.48,25,BID
2018-12-17 09:52:34,PFE,43.49,19,ASK
2018-12-17 09:52:35,PFE,43.48,19,BID
2018-12-17 09:52:35,PFE,43.49,34,ASK
2018-12-17 09:52:36,PFE,43.48,19,BID
2018-12-17 09:52:35,PFE,43.49,30,ASK
2018-12-17 09:52:37,PFE,43.48,18,BID
2018-12-17 09:52:35,PFE,43.49,35,ASK
2018-12-17 09:52:39,PFE,43.48,18,BID
2018-12-17 09:52:35,PFE,43.49,49,ASK
2018-12-17 09:51:18,PFE,43.47,36,BID
2018-12-17 09:52:40,PFE,43.48,47,ASK
2018-12-17 09:51:18,PFE,43.47,36,BID
2018-12-17 09:52:40,PFE,43.48,40,ASK
2018-12-17 09:51:18,PFE,43.47,31,BID
2018-12-17 09:52:42,PFE,43.48,35,ASK
2018-12-17 09:52:42,PFE,43.48,19,BID
2018-12-17 09:52:35,PFE,43.49,34,ASK
2018-12-17 09:52:43,PFE,43.48,19,BID
2018-12-17 09:52:35,PFE,43.49,25,ASK
2018-12-17 09:52:44,PFE,43.49,30,BID
2018-12-17 09:52:14,PFE,43.5,50,ASK
2018-12-17 09:52:44,PFE,43.49,29,BID
2018-12-17 09:52:14,PFE,43.5,58,ASK
2018-12-17 09:52:44,PFE,43.49,27,BID
2018-12-17 09:52:14,PFE,43.5,54,ASK
2018-12-17 09:52:44,PFE,43.49,31,BID
2018-12-17 09:52:14,PFE,43.5,45,ASK
2018-12-17 09:52:44,PFE,43.49,32,BID
2018-12-17 09:52:14,PFE,43.5,45,ASK
2018-12-17 09:52:49,PFE,43.48,23,BID
2018-12-17 09:52:49,PFE,43.49,38,ASK
2018-12-17 09:52:51,PFE,43.5,42,BID
2018-12-17 09:52:51,PFE,43.51,17,ASK
2018-12-17 09:52:52,PFE,43.51,10,BID
2018-12-17 09:52:12,PFE,43.52,51,ASK
2018-12-17 09:52:52,PFE,43.51,11,BID
2018-12-17 09:52:12,PFE,43.52,51,ASK
2018-12-17 09:52:53,PFE,43.51,16,BID
2018-12-17 09:52:12,PFE,43.52,42,ASK
2018-12-17 09:52:54,PFE,43.51,15,BID
2018-12-17 09:52:12,PFE,43.52,53,ASK
2018-12-17 09:52:54,PFE,43.51,16,BID
2018-12-17 09:52:12,PFE,43.52,54,ASK
2018-12-17 09:52:56,PFE,43.52,67,BID
2018-12-17 09:52:56,PFE,43.53,15,ASK
2018-12-17 09:52:57,PFE,43.54,20,BID
2018-12-17 09:52:57,PFE,43.55,31,ASK
2018-12-17 09:52:58,PFE,43.54,27,BID
2018-12-17 09:52:59,PFE,43.55,33,ASK
2018-12-17 09:52:56,PFE,43.53,26,BID
2018-12-17 09:52:59,PFE,43.54,20,ASK
2018-12-17 09:52:56,PFE,43.53,26,BID
2018-12-17 09:52:59,PFE,43.54,22,ASK
2018-12-17 09:53:02,PFE,43.54,11,BID
2018-12-17 09:53:02,PFE,43.55,38,ASK
2018-12-17 09:53:03,PFE,43.54,9,BID
2018-12-17 09:53:03,PFE,43.55,33,ASK
2018-12-17 09:53:04,PFE,43.54,14,BID
2018-12-17 09:53:04,PFE,43.55,35,ASK
2018-12-17 09:53:05,PFE,43.54,13,BID
2018-12-17 09:53:05,PFE,43.55,32,ASK
2018-12-17 09:53:06,PFE,43.54,10,BID
2018-12-17 09:53:06,PFE,43.55,37,ASK
2018-12-17 09:53:06,PFE,43.54,10,BID
2018-12-17 09:53:06,PFE,43.55,37,ASK
2018-12-17 09:53:06,PFE,43.54,10,BID
2018-12-17 09:53:06,PFE,43.55,37,ASK
2018-12-17 09:52:56,PFE,43.53,32,BID
2018-12-17 09:53:09,PFE,43.54,23,ASK
2018-12-17 09:52:56,PFE,43.53,32,BID
2018-12-17 09:53:09,PFE,43.54,23,ASK
2018-12-17 09:53:11,PFE,43.54,18,BID
2018-12-17 09:53:11,PFE,43.55,36,ASK
2018-12-17 09:53:11,PFE,43.54,8,BID
2018-12-17 09:53:11,PFE,43.55,37,ASK
2018-12-17 09:52:56,PFE,43.53,35,BID
2018-12-17 09:53:12,PFE,43.54,9,ASK
2018-12-17 09:53:13,PFE,43.54,5,BID
2018-12-17 09:52:58,PFE,43.55,39,ASK
2018-12-17 09:53:15,PFE,43.54,5,BID
2018-12-17 09:52:58,PFE,43.55,39,ASK
2018-12-17 09:53:15,PFE,43.54,13,BID
2018-12-17 09:52:58,PFE,43.55,35,ASK
2018-12-17 09:53:16,PFE,43.54,36,BID
2018-12-17 09:53:16,PFE,43.55,19,ASK
2018-12-17 09:53:17,PFE,43.56,57,BID
2018-12-17 09:37:29,PFE,43.57,26,ASK
2018-12-17 09:53:18,PFE,43.56,41,BID
2018-12-17 09:53:18,PFE,43.57,12,ASK
2018-12-17 09:53:18,PFE,43.57,21,BID
2018-12-17 09:53:18,PFE,43.58,24,ASK
2018-12-17 09:53:18,PFE,43.57,15,BID
2018-12-17 09:53:18,PFE,43.58,24,ASK
2018-12-17 09:53:18,PFE,43.57,14,BID
2018-12-17 09:53:18,PFE,43.58,24,ASK
2018-12-17 09:53:21,PFE,43.56,44,BID
2018-12-17 09:53:21,PFE,43.57,36,ASK
2018-12-17 09:53:23,PFE,43.56,8,BID
2018-12-17 09:53:21,PFE,43.57,49,ASK
2018-12-17 09:53:25,PFE,43.55,25,BID
2018-12-17 09:53:25,PFE,43.56,8,ASK
2018-12-17 09:53:25,PFE,43.55,17,BID
2018-12-17 09:53:25,PFE,43.56,16,ASK
2018-12-17 09:53:16,PFE,43.54,31,BID
2018-12-17 09:53:27,PFE,43.55,16,ASK
2018-12-17 09:52:56,PFE,43.53,32,BID
2018-12-17 09:53:28,PFE,43.54,7,ASK
2018-12-17 09:52:56,PFE,43.53,34,BID
2018-12-17 09:53:28,PFE,43.54,13,ASK
2018-12-17 09:52:56,PFE,43.53,33,BID
2018-12-17 09:53:28,PFE,43.54,12,ASK
2018-12-17 09:52:56,PFE,43.53,30,BID
2018-12-17 09:53:28,PFE,43.54,12,ASK
2018-12-17 09:52:56,PFE,43.53,27,BID
2018-12-17 09:53:31,PFE,43.54,30,ASK
2018-12-17 09:52:56,PFE,43.52,74,BID
2018-12-17 09:53:32,PFE,43.53,24,ASK
2018-12-17 09:52:56,PFE,43.52,69,BID
2018-12-17 09:53:33,PFE,43.53,27,ASK
2018-12-17 09:52:56,PFE,43.52,61,BID
2018-12-17 09:53:34,PFE,43.53,41,ASK
2018-12-17 09:53:35,PFE,43.51,21,BID
2018-12-17 09:53:35,PFE,43.52,38,ASK
2018-12-17 09:53:35,PFE,43.51,23,BID
2018-12-17 09:53:35,PFE,43.52,32,ASK
2018-12-17 09:53:35,PFE,43.51,23,BID
2018-12-17 09:53:35,PFE,43.52,34,ASK
2018-12-17 09:53:37,PFE,43.51,22,BID
2018-12-17 09:53:35,PFE,43.52,37,ASK
2018-12-17 09:53:38,PFE,43.51,22,BID
2018-12-17 09:53:35,PFE,43.52,37,ASK
2018-12-17 09:53:40,PFE,43.51,19,BID
2018-12-17 09:53:40,PFE,43.52,32,ASK
2018-12-17 09:53:40,PFE,43.51,18,BID
2018-12-17 09:53:40,PFE,43.52,35,ASK
2018-12-17 09:53:40,PFE,43.51,17,BID
2018-12-17 09:53:40,PFE,43.52,41,ASK
2018-12-17 09:53:44,PFE,43.51,19,BID
2018-12-17 09:53:40,PFE,43.52,39,ASK
2018-12-17 09:53:44,PFE,43.51,20,BID
2018-12-17 09:53:40,PFE,43.52,42,ASK
2018-12-17 09:53:46,PFE,43.51,12,BID
2018-12-17 09:53:40,PFE,43.52,50,ASK
2018-12-17 09:53:46,PFE,43.51,14,BID
2018-12-17 09:53:40,PFE,43.52,46,ASK
2018-12-17 09:53:48,PFE,43.51,17,BID
2018-12-17 09:53:40,PFE,43.52,44,ASK
2018-12-17 09:53:49,PFE,43.51,14,BID
2018-12-17 09:53:40,PFE,43.52,41,ASK
2018-12-17 09:53:50,PFE,43.51,23,BID
2018-12-17 09:53:40,PFE,43.52,36,ASK
2018-12-17 09:53:51,PFE,43.51,22,BID
2018-12-17 09:53:40,PFE,43.52,36,ASK
2018-12-17 09:53:52,PFE,43.53,32,BID
2018-12-17 09:53:32,PFE,43.54,33,ASK
2018-12-17 09:53:52,PFE,43.53,31,BID
2018-12-17 09:53:32,PFE,43.54,34,ASK
2018-12-17 09:53:53,PFE,43.54,15,BID
2018-12-17 09:53:53,PFE,43.54,21,ASK
2018-12-17 09:53:53,PFE,43.53,44,BID
2018-12-17 09:53:54,PFE,43.54,28,ASK
2018-12-17 09:53:53,PFE,43.53,44,BID
2018-12-17 09:53:55,PFE,43.54,23,ASK
2018-12-17 09:53:56,PFE,43.54,23,BID
2018-12-17 09:53:53,PFE,43.55,31,ASK
2018-12-17 09:53:57,PFE,43.54,36,BID
2018-12-17 09:53:57,PFE,43.55,15,ASK
2018-12-17 09:53:57,PFE,43.54,36,BID
2018-12-17 09:53:58,PFE,43.55,17,ASK
2018-12-17 09:53:59,PFE,43.53,35,BID
2018-12-17 09:53:59,PFE,43.54,35,ASK
2018-12-17 09:53:59,PFE,43.53,34,BID
2018-12-17 09:53:59,PFE,43.54,33,ASK
2018-12-17 09:53:59,PFE,43.53,42,BID
2018-12-17 09:53:59,PFE,43.54,33,ASK
2018-12-17 09:53:59,PFE,43.53,39,BID
2018-12-17 09:53:59,PFE,43.54,33,ASK
2018-12-17 09:54:04,PFE,43.55,31,BID
2018-12-17 09:54:04,PFE,43.56,44,ASK
2018-12-17 09:54:05,PFE,43.56,29,BID
2018-12-17 09:54:05,PFE,43.57,36,ASK
2018-12-17 09:54:05,PFE,43.56,31,BID
2018-12-17 09:54:06,PFE,43.57,26,ASK
2018-12-17 09:54:07,PFE,43.56,43,BID
2018-12-17 09:54:07,PFE,43.57,12,ASK
2018-12-17 09:54:07,PFE,43.56,40,BID
2018-12-17 09:54:07,PFE,43.57,36,ASK
2018-12-17 09:54:07,PFE,43.56,38,BID
2018-12-17 09:54:08,PFE,43.57,48,ASK
2018-12-17 09:54:07,PFE,43.56,38,BID
2018-12-17 09:54:09,PFE,43.57,48,ASK
2018-12-17 09:54:09,PFE,43.56,47,BID
2018-12-17 09:54:09,PFE,43.57,35,ASK
2018-12-17 09:54:09,PFE,43.56,52,BID
2018-12-17 09:54:09,PFE,43.57,34,ASK
2018-12-17 09:54:09,PFE,43.56,49,BID
2018-12-17 09:54:09,PFE,43.57,24,ASK
2018-12-17 09:54:13,PFE,43.56,48,BID
2018-12-17 09:54:12,PFE,43.57,33,ASK
2018-12-17 09:54:14,PFE,43.57,46,BID
2018-12-17 09:54:13,PFE,43.58,19,ASK
2018-12-17 09:54:15,PFE,43.56,44,BID
2018-12-17 09:54:14,PFE,43.57,41,ASK
2018-12-17 09:54:15,PFE,43.57,20,BID
2018-12-17 09:54:13,PFE,43.58,17,ASK
2018-12-17 09:54:17,PFE,43.57,28,BID
2018-12-17 09:54:17,PFE,43.58,14,ASK
2018-12-17 09:54:18,PFE,43.57,30,BID
2018-12-17 09:54:18,PFE,43.58,13,ASK
2018-12-17 09:54:19,PFE,43.57,32,BID
2018-12-17 09:54:19,PFE,43.58,15,ASK
2018-12-17 09:54:21,PFE,43.57,30,BID
2018-12-17 09:54:19,PFE,43.58,18,ASK
2018-12-17 09:54:22,PFE,43.57,26,BID
2018-12-17 09:54:19,PFE,43.58,23,ASK
2018-12-17 09:54:23,PFE,43.57,19,BID
2018-12-17 09:54:19,PFE,43.58,28,ASK
2018-12-17 09:54:24,PFE,43.56,43,BID
2018-12-17 09:54:24,PFE,43.57,42,ASK
2018-12-17 09:54:25,PFE,43.56,42,BID
2018-12-17 09:54:25,PFE,43.57,19,ASK
2018-12-17 09:54:26,PFE,43.56,53,BID
2018-12-17 09:54:26,PFE,43.57,16,ASK
2018-12-17 09:54:27,PFE,43.56,64,BID
2018-12-17 09:54:27,PFE,43.57,11,ASK
2018-12-17 09:54:28,PFE,43.57,16,BID
2018-12-17 09:54:19,PFE,43.58,42,ASK
2018-12-17 09:54:28,PFE,43.56,46,BID
2018-12-17 09:54:28,PFE,43.57,20,ASK
2018-12-17 09:54:30,PFE,43.57,5,BID
2018-12-17 09:54:19,PFE,43.58,28,ASK
2018-12-17 09:54:31,PFE,43.57,7,BID
2018-12-17 09:54:19,PFE,43.58,27,ASK
2018-12-17 09:54:32,PFE,43.57,17,BID
2018-12-17 09:54:32,PFE,43.58,41,ASK
2018-12-17 09:54:32,PFE,43.57,16,BID
2018-12-17 09:54:32,PFE,43.58,43,ASK
2018-12-17 09:54:34,PFE,43.56,46,BID
2018-12-17 09:54:34,PFE,43.57,30,ASK
2018-12-17 09:54:35,PFE,43.56,52,BID
2018-12-17 09:54:34,PFE,43.57,15,ASK
2018-12-17 09:54:36,PFE,43.56,50,BID
2018-12-17 09:54:34,PFE,43.57,13,ASK
2018-12-17 09:54:37,PFE,43.56,56,BID
2018-12-17 09:54:37,PFE,43.57,11,ASK
2018-12-17 09:54:38,PFE,43.56,54,BID
2018-12-17 09:54:37,PFE,43.57,11,ASK
2018-12-17 09:54:39,PFE,43.56,54,BID
2018-12-17 09:54:39,PFE,43.57,15,ASK
2018-12-17 09:54:40,PFE,43.56,50,BID
2018-12-17 09:54:39,PFE,43.57,22,ASK
2018-12-17 09:54:41,PFE,43.56,50,BID
2018-12-17 09:54:39,PFE,43.57,26,ASK
2018-12-17 09:54:42,PFE,43.56,51,BID
2018-12-17 09:54:39,PFE,43.57,23,ASK
2018-12-17 09:54:43,PFE,43.56,51,BID
2018-12-17 09:54:39,PFE,43.57,27,ASK
2018-12-17 09:54:44,PFE,43.56,52,BID
2018-12-17 09:54:39,PFE,43.57,24,ASK
2018-12-17 09:54:44,PFE,43.56,52,BID
2018-12-17 09:54:39,PFE,43.57,24,ASK
2018-12-17 09:54:46,PFE,43.56,54,BID
2018-12-17 09:54:39,PFE,43.57,21,ASK
2018-12-17 09:54:47,PFE,43.56,52,BID
2018-12-17 09:54:39,PFE,43.57,25,ASK
2018-12-17 09:54:48,PFE,43.56,50,BID
2018-12-17 09:54:39,PFE,43.57,26,ASK
2018-12-17 09:54:49,PFE,43.56,49,BID
2018-12-17 09:54:39,PFE,43.57,27,ASK
2018-12-17 09:54:49,PFE,43.56,49,BID
2018-12-17 09:54:39,PFE,43.57,27,ASK
2018-12-17 09:54:51,PFE,43.56,49,BID
2018-12-17 09:54:39,PFE,43.57,27,ASK
2018-12-17 09:54:51,PFE,43.56,49,BID
2018-12-17 09:54:39,PFE,43.57,27,ASK
2018-12-17 09:54:53,PFE,43.56,54,BID
2018-12-17 09:54:39,PFE,43.57,27,ASK
2018-12-17 09:54:54,PFE,43.56,51,BID
2018-12-17 09:54:39,PFE,43.57,23,ASK
2018-12-17 09:54:55,PFE,43.56,54,BID
2018-12-17 09:54:39,PFE,43.57,18,ASK
2018-12-17 09:54:56,PFE,43.56,54,BID
2018-12-17 09:54:39,PFE,43.57,19,ASK
2018-12-17 09:54:57,PFE,43.56,52,BID
2018-12-17 09:54:39,PFE,43.57,19,ASK
2018-12-17 09:54:58,PFE,43.56,53,BID
2018-12-17 09:54:39,PFE,43.57,19,ASK
2018-12-17 09:54:59,PFE,43.56,54,BID
2018-12-17 09:54:39,PFE,43.57,21,ASK
2018-12-17 09:55:00,PFE,43.56,56,BID
2018-12-17 09:54:39,PFE,43.57,17,ASK
2018-12-17 09:55:01,PFE,43.58,11,BID
2018-12-17 09:37:27,PFE,43.59,43,ASK
2018-12-17 09:55:01,PFE,43.58,80,BID
2018-12-17 09:55:01,PFE,43.59,30,ASK
2018-12-17 09:55:01,PFE,43.6,35,BID
2018-12-17 09:37:24,PFE,43.61,22,ASK
2018-12-17 09:55:02,PFE,43.61,5,BID
2018-12-17 09:37:23,PFE,43.62,25,ASK
2018-12-17 09:55:03,PFE,43.61,45,BID
2018-12-17 09:55:03,PFE,43.62,16,ASK
2018-12-17 09:55:03,PFE,43.61,45,BID
2018-12-17 09:55:03,PFE,43.62,17,ASK
2018-12-17 09:55:03,PFE,43.61,51,BID
2018-12-17 09:55:04,PFE,43.62,16,ASK
2018-12-17 09:55:03,PFE,43.61,69,BID
2018-12-17 09:37:19,PFE,43.63,26,ASK
2018-12-17 09:55:05,PFE,43.61,49,BID
2018-12-17 09:55:05,PFE,43.62,37,ASK
2018-12-17 09:55:01,PFE,43.59,47,BID
2018-12-17 09:55:07,PFE,43.6,35,ASK
2018-12-17 09:55:08,PFE,43.59,14,BID
2018-12-17 09:55:07,PFE,43.6,43,ASK
2018-12-17 09:55:10,PFE,43.58,80,BID
2018-12-17 09:55:10,PFE,43.59,40,ASK
2018-12-17 09:55:13,PFE,43.58,88,BID
2018-12-17 09:55:10,PFE,43.59,41,ASK
2018-12-17 09:55:14,PFE,43.59,43,BID
2018-12-17 09:55:07,PFE,43.6,32,ASK
2018-12-17 09:55:15,PFE,43.59,43,BID
2018-12-17 09:55:07,PFE,43.6,36,ASK
2018-12-17 09:55:16,PFE,43.59,47,BID
2018-12-17 09:55:07,PFE,43.6,36,ASK
2018-12-17 09:55:17,PFE,43.59,42,BID
2018-12-17 09:55:07,PFE,43.6,41,ASK
2018-12-17 09:55:01,PFE,43.58,81,BID
2018-12-17 09:55:18,PFE,43.59,28,ASK
2018-12-17 09:55:01,PFE,43.58,85,BID
2018-12-17 09:55:18,PFE,43.59,28,ASK
2018-12-17 09:55:20,PFE,43.58,39,BID
2018-12-17 09:55:18,PFE,43.59,36,ASK
2018-12-17 09:55:21,PFE,43.58,46,BID
2018-12-17 09:55:21,PFE,43.59,17,ASK
2018-12-17 09:55:22,PFE,43.59,20,BID
2018-12-17 09:55:07,PFE,43.6,35,ASK
2018-12-17 09:55:23,PFE,43.59,24,BID
2018-12-17 09:55:07,PFE,43.6,40,ASK
2018-12-17 09:55:24,PFE,43.58,43,BID
2018-12-17 09:55:24,PFE,43.59,35,ASK
2018-12-17 09:55:25,PFE,43.58,34,BID
2018-12-17 09:55:24,PFE,43.59,50,ASK
2018-12-17 09:55:26,PFE,43.58,36,BID
2018-12-17 09:55:24,PFE,43.59,51,ASK
2018-12-17 09:55:28,PFE,43.58,37,BID
2018-12-17 09:55:24,PFE,43.59,53,ASK
2018-12-17 09:55:28,PFE,43.58,41,BID
2018-12-17 09:55:24,PFE,43.59,47,ASK
2018-12-17 09:55:29,PFE,43.58,41,BID
2018-12-17 09:55:24,PFE,43.59,46,ASK
2018-12-17 09:55:30,PFE,43.58,36,BID
2018-12-17 09:55:24,PFE,43.59,44,ASK
2018-12-17 09:55:31,PFE,43.58,29,BID
2018-12-17 09:55:24,PFE,43.59,45,ASK
2018-12-17 09:55:32,PFE,43.58,29,BID
2018-12-17 09:55:24,PFE,43.59,45,ASK
2018-12-17 09:55:33,PFE,43.58,29,BID
2018-12-17 09:55:24,PFE,43.59,46,ASK
2018-12-17 09:55:34,PFE,43.58,31,BID
2018-12-17 09:55:24,PFE,43.59,46,ASK
2018-12-17 09:55:00,PFE,43.57,59,BID
2018-12-17 09:55:35,PFE,43.58,41,ASK
2018-12-17 09:55:37,PFE,43.56,47,BID
2018-12-17 09:55:36,PFE,43.57,43,ASK
2018-12-17 09:55:37,PFE,43.56,41,BID
2018-12-17 09:55:36,PFE,43.57,55,ASK
2018-12-17 09:55:38,PFE,43.56,41,BID
2018-12-17 09:55:36,PFE,43.57,56,ASK
2018-12-17 09:55:40,PFE,43.56,14,BID
2018-12-17 09:55:36,PFE,43.57,54,ASK
2018-12-17 09:55:40,PFE,43.56,12,BID
2018-12-17 09:55:36,PFE,43.57,53,ASK
2018-12-17 09:55:41,PFE,43.56,11,BID
2018-12-17 09:55:36,PFE,43.57,64,ASK
2018-12-17 09:55:42,PFE,43.56,11,BID
2018-12-17 09:55:36,PFE,43.57,60,ASK
2018-12-17 09:55:43,PFE,43.55,7,BID
2018-12-17 09:55:43,PFE,43.56,48,ASK
2018-12-17 09:55:44,PFE,43.55,20,BID
2018-12-17 09:55:44,PFE,43.56,41,ASK
2018-12-17 09:55:44,PFE,43.55,17,BID
2018-12-17 09:55:45,PFE,43.56,44,ASK
2018-12-17 09:55:44,PFE,43.55,18,BID
2018-12-17 09:55:46,PFE,43.56,42,ASK
2018-12-17 09:55:44,PFE,43.55,18,BID
2018-12-17 09:55:47,PFE,43.56,44,ASK
2018-12-17 09:54:03,PFE,43.54,40,BID
2018-12-17 09:55:48,PFE,43.55,27,ASK
2018-12-17 09:54:03,PFE,43.54,40,BID
2018-12-17 09:55:49,PFE,43.55,22,ASK
2018-12-17 09:54:03,PFE,43.54,41,BID
2018-12-17 09:55:50,PFE,43.55,21,ASK
2018-12-17 09:54:03,PFE,43.54,37,BID
2018-12-17 09:55:51,PFE,43.55,27,ASK
2018-12-17 09:55:52,PFE,43.55,56,BID
2018-12-17 09:55:53,PFE,43.56,37,ASK
2018-12-17 09:55:52,PFE,43.55,56,BID
2018-12-17 09:55:53,PFE,43.56,18,ASK
2018-12-17 09:55:52,PFE,43.55,55,BID
2018-12-17 09:55:53,PFE,43.56,19,ASK
2018-12-17 09:55:52,PFE,43.55,54,BID
2018-12-17 09:55:53,PFE,43.56,19,ASK
2018-12-17 09:55:52,PFE,43.55,52,BID
2018-12-17 09:55:57,PFE,43.56,21,ASK
2018-12-17 09:55:52,PFE,43.55,52,BID
2018-12-17 09:55:57,PFE,43.56,24,ASK
2018-12-17 09:55:52,PFE,43.55,49,BID
2018-12-17 09:55:58,PFE,43.56,26,ASK
2018-12-17 09:55:52,PFE,43.55,48,BID
2018-12-17 09:56:00,PFE,43.56,29,ASK
2018-12-17 09:55:52,PFE,43.54,23,BID
2018-12-17 09:56:01,PFE,43.55,27,ASK
2018-12-17 09:56:02,PFE,43.54,17,BID
2018-12-17 09:56:02,PFE,43.55,37,ASK
2018-12-17 09:56:02,PFE,43.54,20,BID
2018-12-17 09:56:03,PFE,43.55,47,ASK
2018-12-17 09:53:51,PFE,43.52,26,BID
2018-12-17 09:56:04,PFE,43.53,13,ASK
2018-12-17 09:56:04,PFE,43.53,23,BID
2018-12-17 09:56:03,PFE,43.54,29,ASK
2018-12-17 09:56:04,PFE,43.53,23,BID
2018-12-17 09:56:03,PFE,43.54,29,ASK
2018-12-17 09:56:04,PFE,43.53,23,BID
2018-12-17 09:56:03,PFE,43.54,32,ASK
2018-12-17 09:56:07,PFE,43.54,27,BID
2018-12-17 09:56:07,PFE,43.55,34,ASK
2018-12-17 09:56:08,PFE,43.55,24,BID
2018-12-17 09:56:08,PFE,43.56,34,ASK
2018-12-17 09:56:09,PFE,43.54,26,BID
2018-12-17 09:56:09,PFE,43.55,15,ASK
2018-12-17 09:56:11,PFE,43.52,35,BID
2018-12-17 09:56:11,PFE,43.53,23,ASK
2018-12-17 09:56:12,PFE,43.52,30,BID
2018-12-17 09:56:12,PFE,43.53,25,ASK
2018-12-17 09:56:12,PFE,43.51,41,BID
2018-12-17 09:56:12,PFE,43.52,19,ASK
2018-12-17 09:56:12,PFE,43.51,41,BID
2018-12-17 09:56:12,PFE,43.52,21,ASK
2018-12-17 09:56:14,PFE,43.5,36,BID
2018-12-17 09:56:14,PFE,43.51,20,ASK
2018-12-17 09:56:16,PFE,43.5,38,BID
2018-12-17 09:56:14,PFE,43.51,17,ASK
2018-12-17 09:52:50,PFE,43.49,49,BID
2018-12-17 09:56:17,PFE,43.5,26,ASK
2018-12-17 09:52:50,PFE,43.49,49,BID
2018-12-17 09:56:17,PFE,43.5,22,ASK
2018-12-17 09:56:18,PFE,43.5,2,BID
2018-12-17 09:56:16,PFE,43.51,45,ASK
2018-12-17 09:52:50,PFE,43.49,46,BID
2018-12-17 09:56:19,PFE,43.5,14,ASK
2018-12-17 09:52:50,PFE,43.49,47,BID
2018-12-17 09:56:20,PFE,43.5,13,ASK
2018-12-17 09:52:50,PFE,43.49,47,BID
2018-12-17 09:56:20,PFE,43.5,13,ASK
2018-12-17 09:52:50,PFE,43.49,45,BID
2018-12-17 09:56:23,PFE,43.5,15,ASK
2018-12-17 09:56:24,PFE,43.49,50,BID
2018-12-17 09:56:24,PFE,43.5,30,ASK
2018-12-17 09:56:24,PFE,43.49,52,BID
2018-12-17 09:56:24,PFE,43.5,22,ASK
2018-12-17 09:56:24,PFE,43.49,51,BID
2018-12-17 09:56:24,PFE,43.5,24,ASK
2018-12-17 09:56:24,PFE,43.49,50,BID
2018-12-17 09:56:24,PFE,43.5,24,ASK
2018-12-17 09:56:27,PFE,43.5,40,BID
2018-12-17 09:56:27,PFE,43.51,33,ASK
2018-12-17 09:56:27,PFE,43.5,45,BID
2018-12-17 09:56:27,PFE,43.51,43,ASK
2018-12-17 09:56:27,PFE,43.5,44,BID
2018-12-17 09:56:27,PFE,43.51,43,ASK
2018-12-17 09:56:27,PFE,43.5,44,BID
2018-12-17 09:56:27,PFE,43.51,40,ASK
2018-12-17 09:52:49,PFE,43.48,36,BID
2018-12-17 09:56:32,PFE,43.49,11,ASK
2018-12-17 09:52:49,PFE,43.48,35,BID
2018-12-17 09:56:33,PFE,43.49,9,ASK
2018-12-17 09:52:49,PFE,43.48,36,BID
2018-12-17 09:56:33,PFE,43.49,9,ASK
2018-12-17 09:52:49,PFE,43.48,36,BID
2018-12-17 09:56:34,PFE,43.49,22,ASK
2018-12-17 09:56:36,PFE,43.48,22,BID
2018-12-17 09:56:36,PFE,43.49,47,ASK
2018-12-17 09:56:36,PFE,43.47,40,BID
2018-12-17 09:56:36,PFE,43.48,21,ASK
2018-12-17 09:56:37,PFE,43.47,23,BID
2018-12-17 09:56:37,PFE,43.48,34,ASK
2018-12-17 09:56:38,PFE,43.48,22,BID
2018-12-17 09:56:36,PFE,43.49,24,ASK
2018-12-17 09:56:38,PFE,43.48,27,BID
2018-12-17 09:56:36,PFE,43.49,23,ASK
2018-12-17 09:56:38,PFE,43.48,23,BID
2018-12-17 09:56:36,PFE,43.49,24,ASK
2018-12-17 09:56:38,PFE,43.48,23,BID
2018-12-17 09:56:36,PFE,43.49,24,ASK
2018-12-17 09:56:38,PFE,43.48,21,BID
2018-12-17 09:56:36,PFE,43.49,26,ASK
2018-12-17 09:56:38,PFE,43.48,21,BID
2018-12-17 09:56:36,PFE,43.49,28,ASK
2018-12-17 09:56:44,PFE,43.48,28,BID
2018-12-17 09:56:36,PFE,43.49,24,ASK
2018-12-17 09:56:45,PFE,43.49,28,BID
2018-12-17 09:56:46,PFE,43.5,21,ASK
2018-12-17 09:56:45,PFE,43.49,18,BID
2018-12-17 09:56:47,PFE,43.5,29,ASK
2018-12-17 09:56:48,PFE,43.48,25,BID
2018-12-17 09:56:48,PFE,43.49,43,ASK
2018-12-17 09:56:48,PFE,43.48,19,BID
2018-12-17 09:56:49,PFE,43.49,38,ASK
2018-12-17 09:56:49,PFE,43.48,23,BID
2018-12-17 09:56:49,PFE,43.49,34,ASK
2018-12-17 09:56:51,PFE,43.49,50,BID
2018-12-17 09:56:51,PFE,43.5,20,ASK
2018-12-17 09:56:52,PFE,43.49,30,BID
2018-12-17 09:56:52,PFE,43.5,18,ASK
2018-12-17 09:56:52,PFE,43.49,32,BID
2018-12-17 09:56:53,PFE,43.5,12,ASK
2018-12-17 09:56:54,PFE,43.5,18,BID
2018-12-17 09:56:27,PFE,43.51,31,ASK
2018-12-17 09:56:54,PFE,43.5,17,BID
2018-12-17 09:56:27,PFE,43.51,32,ASK
2018-12-17 09:56:56,PFE,43.5,14,BID
2018-12-17 09:56:27,PFE,43.51,45,ASK
2018-12-17 09:56:57,PFE,43.5,19,BID
2018-12-17 09:56:27,PFE,43.51,45,ASK
2018-12-17 09:56:57,PFE,43.5,15,BID
2018-12-17 09:56:27,PFE,43.51,47,ASK
2018-12-17 09:56:57,PFE,43.5,15,BID
2018-12-17 09:56:27,PFE,43.51,47,ASK
2018-12-17 09:56:59,PFE,43.5,16,BID
2018-12-17 09:56:27,PFE,43.51,48,ASK
2018-12-17 09:57:00,PFE,43.5,27,BID
2018-12-17 09:56:27,PFE,43.51,36,ASK
2018-12-17 09:57:01,PFE,43.5,24,BID
2018-12-17 09:56:27,PFE,43.51,37,ASK
2018-12-17 09:57:01,PFE,43.5,24,BID
2018-12-17 09:56:27,PFE,43.51,38,ASK
2018-12-17 09:57:04,PFE,43.5,25,BID
2018-12-17 09:56:27,PFE,43.51,42,ASK
2018-12-17 09:57:04,PFE,43.49,33,BID
2018-12-17 09:57:04,PFE,43.5,29,ASK
2018-12-17 09:57:06,PFE,43.49,29,BID
2018-12-17 09:57:05,PFE,43.5,27,ASK
2018-12-17 09:57:07,PFE,43.49,29,BID
2018-12-17 09:57:05,PFE,43.5,29,ASK
2018-12-17 09:57:07,PFE,43.49,29,BID
2018-12-17 09:57:05,PFE,43.5,32,ASK
2018-12-17 09:57:09,PFE,43.49,9,BID
2018-12-17 09:57:05,PFE,43.5,59,ASK
2018-12-17 09:57:10,PFE,43.49,44,BID
2018-12-17 09:57:05,PFE,43.5,47,ASK
2018-12-17 09:57:11,PFE,43.5,18,BID
2018-12-17 09:56:27,PFE,43.51,49,ASK
2018-12-17 09:57:11,PFE,43.5,22,BID
2018-12-17 09:56:27,PFE,43.51,35,ASK
2018-12-17 09:57:11,PFE,43.5,21,BID
2018-12-17 09:56:27,PFE,43.51,36,ASK
2018-12-17 09:57:11,PFE,43.5,23,BID
2018-12-17 09:57:14,PFE,43.51,36,ASK
2018-12-17 09:57:11,PFE,43.5,25,BID
2018-12-17 09:57:15,PFE,43.51,35,ASK
2018-12-17 09:57:11,PFE,43.5,25,BID
2018-12-17 09:57:15,PFE,43.51,35,ASK
2018-12-17 09:57:11,PFE,43.5,27,BID
2018-12-17 09:57:15,PFE,43.51,35,ASK
2018-12-17 09:57:11,PFE,43.5,31,BID
2018-12-17 09:57:15,PFE,43.51,34,ASK
2018-12-17 09:57:11,PFE,43.5,26,BID
2018-12-17 09:57:15,PFE,43.51,34,ASK
2018-12-17 09:57:11,PFE,43.5,29,BID
2018-12-17 09:57:15,PFE,43.51,26,ASK
2018-12-17 09:57:11,PFE,43.5,29,BID
2018-12-17 09:57:15,PFE,43.51,26,ASK
2018-12-17 09:57:11,PFE,43.5,27,BID
2018-12-17 09:57:15,PFE,43.51,29,ASK
2018-12-17 09:57:11,PFE,43.5,26,BID
2018-12-17 09:57:22,PFE,43.51,26,ASK
2018-12-17 09:57:11,PFE,43.5,27,BID
2018-12-17 09:57:24,PFE,43.51,23,ASK
2018-12-17 09:57:09,PFE,43.49,41,BID
2018-12-17 09:57:24,PFE,43.5,27,ASK
2018-12-17 09:57:09,PFE,43.49,37,BID
2018-12-17 09:57:24,PFE,43.5,27,ASK
2018-12-17 09:57:09,PFE,43.49,41,BID
2018-12-17 09:57:27,PFE,43.5,16,ASK
2018-12-17 09:57:09,PFE,43.49,42,BID
2018-12-17 09:57:27,PFE,43.5,16,ASK
2018-12-17 09:57:09,PFE,43.49,44,BID
2018-12-17 09:57:29,PFE,43.5,18,ASK
2018-12-17 09:57:09,PFE,43.49,46,BID
2018-12-17 09:57:30,PFE,43.5,18,ASK
2018-12-17 09:57:09,PFE,43.49,46,BID
2018-12-17 09:57:30,PFE,43.5,18,ASK
2018-12-17 09:57:09,PFE,43.49,46,BID
2018-12-17 09:57:32,PFE,43.5,18,ASK
2018-12-17 09:57:09,PFE,43.49,46,BID
2018-12-17 09:57:32,PFE,43.5,18,ASK
2018-12-17 09:57:34,PFE,43.5,4,BID
2018-12-17 09:57:34,PFE,43.5,13,ASK
2018-12-17 09:57:34,PFE,43.5,61,BID
2018-12-17 09:57:24,PFE,43.51,31,ASK
2018-12-17 09:57:34,PFE,43.5,57,BID
2018-12-17 09:57:24,PFE,43.51,30,ASK
2018-12-17 09:57:34,PFE,43.5,53,BID
2018-12-17 09:57:37,PFE,43.51,27,ASK
2018-12-17 09:57:34,PFE,43.5,54,BID
2018-12-17 09:57:38,PFE,43.51,27,ASK
2018-12-17 09:57:34,PFE,43.5,55,BID
2018-12-17 09:57:38,PFE,43.51,27,ASK
2018-12-17 09:57:34,PFE,43.5,54,BID
2018-12-17 09:57:38,PFE,43.51,29,ASK
2018-12-17 09:57:41,PFE,43.51,52,BID
2018-12-17 09:57:41,PFE,43.52,18,ASK
2018-12-17 09:57:42,PFE,43.52,27,BID
2018-12-17 09:57:42,PFE,43.53,9,ASK
2018-12-17 09:57:43,PFE,43.53,15,BID
2018-12-17 09:57:43,PFE,43.54,17,ASK
2018-12-17 09:57:43,PFE,43.54,19,BID
2018-12-17 09:57:44,PFE,43.55,14,ASK
2018-12-17 09:57:45,PFE,43.53,14,BID
2018-12-17 09:57:44,PFE,43.54,36,ASK
2018-12-17 09:57:46,PFE,43.53,20,BID
2018-12-17 09:57:46,PFE,43.54,42,ASK
2018-12-17 09:57:46,PFE,43.53,14,BID
2018-12-17 09:57:47,PFE,43.54,43,ASK
2018-12-17 09:57:48,PFE,43.52,23,BID
2018-12-17 09:57:48,PFE,43.53,28,ASK
2018-12-17 09:57:48,PFE,43.51,53,BID
2018-12-17 09:57:49,PFE,43.52,15,ASK
2018-12-17 09:57:48,PFE,43.51,47,BID
2018-12-17 09:57:49,PFE,43.52,14,ASK
2018-12-17 09:57:51,PFE,43.52,12,BID
2018-12-17 09:57:48,PFE,43.53,36,ASK
2018-12-17 09:57:48,PFE,43.51,53,BID
2018-12-17 09:57:52,PFE,43.52,3,ASK
2018-12-17 09:57:48,PFE,43.51,48,BID
2018-12-17 09:57:53,PFE,43.52,7,ASK
2018-12-17 09:57:54,PFE,43.5,51,BID
2018-12-17 09:57:54,PFE,43.51,23,ASK
2018-12-17 09:57:54,PFE,43.5,55,BID
2018-12-17 09:57:55,PFE,43.51,16,ASK
2018-12-17 09:57:54,PFE,43.5,54,BID
2018-12-17 09:57:56,PFE,43.51,12,ASK
2018-12-17 09:57:54,PFE,43.5,58,BID
2018-12-17 09:57:56,PFE,43.51,19,ASK
2018-12-17 09:57:54,PFE,43.5,57,BID
2018-12-17 09:57:58,PFE,43.51,11,ASK
2018-12-17 09:57:54,PFE,43.5,63,BID
2018-12-17 09:57:58,PFE,43.51,10,ASK
2018-12-17 09:57:54,PFE,43.5,58,BID
2018-12-17 09:57:58,PFE,43.51,10,ASK
2018-12-17 09:57:54,PFE,43.5,58,BID
2018-12-17 09:57:58,PFE,43.51,10,ASK
2018-12-17 09:58:02,PFE,43.52,8,BID
2018-12-17 09:57:48,PFE,43.53,33,ASK
2018-12-17 09:58:02,PFE,43.52,13,BID
2018-12-17 09:57:48,PFE,43.53,21,ASK
2018-12-17 09:58:04,PFE,43.51,18,BID
2018-12-17 09:58:04,PFE,43.52,14,ASK
2018-12-17 09:58:05,PFE,43.51,32,BID
2018-12-17 09:58:04,PFE,43.52,15,ASK
2018-12-17 09:57:54,PFE,43.5,56,BID
2018-12-17 09:58:06,PFE,43.51,6,ASK
2018-12-17 09:58:06,PFE,43.51,23,BID
2018-12-17 09:58:04,PFE,43.52,25,ASK
2018-12-17 09:58:06,PFE,43.51,22,BID
2018-12-17 09:58:04,PFE,43.52,28,ASK
2018-12-17 09:58:06,PFE,43.51,21,BID
2018-12-17 09:58:04,PFE,43.52,23,ASK
2018-12-17 09:58:10,PFE,43.51,16,BID
2018-12-17 09:58:04,PFE,43.52,24,ASK
2018-12-17 09:58:11,PFE,43.5,51,BID
2018-12-17 09:58:11,PFE,43.51,34,ASK
2018-12-17 09:58:11,PFE,43.5,42,BID
2018-12-17 09:58:12,PFE,43.51,34,ASK
2018-12-17 09:58:11,PFE,43.5,49,BID
2018-12-17 09:58:13,PFE,43.51,8,ASK
2018-12-17 09:57:34,PFE,43.5,48,BID
2018-12-17 09:58:14,PFE,43.51,8,ASK
2018-12-17 09:58:15,PFE,43.5,62,BID
2018-12-17 09:58:15,PFE,43.51,3,ASK
2018-12-17 09:58:15,PFE,43.5,57,BID
2018-12-17 09:58:15,PFE,43.51,16,ASK
2018-12-17 09:57:09,PFE,43.49,43,BID
2018-12-17 09:58:17,PFE,43.5,17,ASK
2018-12-17 09:58:17,PFE,43.5,30,BID
2018-12-17 09:58:15,PFE,43.51,17,ASK
2018-12-17 09:58:19,PFE,43.51,18,BID
2018-12-17 09:58:03,PFE,43.52,22,ASK
2018-12-17 09:58:19,PFE,43.51,18,BID
2018-12-17 09:58:03,PFE,43.52,21,ASK
2018-12-17 09:58:21,PFE,43.51,16,BID
2018-12-17 09:58:03,PFE,43.52,22,ASK
2018-12-17 09:58:21,PFE,43.51,18,BID
2018-12-17 09:58:03,PFE,43.52,20,ASK
2018-12-17 09:58:21,PFE,43.51,18,BID
2018-12-17 09:58:03,PFE,43.52,21,ASK
2018-12-17 09:58:21,PFE,43.51,16,BID
2018-12-17 09:58:03,PFE,43.52,21,ASK
2018-12-17 09:58:25,PFE,43.51,30,BID
2018-12-17 09:58:03,PFE,43.52,22,ASK
2018-12-17 09:58:26,PFE,43.52,34,BID
2018-12-17 09:58:26,PFE,43.53,31,ASK
2018-12-17 09:58:27,PFE,43.52,31,BID
2018-12-17 09:58:27,PFE,43.53,12,ASK
2018-12-17 09:58:27,PFE,43.52,33,BID
2018-12-17 09:58:27,PFE,43.53,15,ASK
2018-12-17 09:58:27,PFE,43.52,34,BID
2018-12-17 09:58:27,PFE,43.53,16,ASK
2018-12-17 09:58:27,PFE,43.52,32,BID
2018-12-17 09:58:27,PFE,43.53,16,ASK
2018-12-17 09:58:27,PFE,43.52,37,BID
2018-12-17 09:58:30,PFE,43.53,15,ASK
2018-12-17 09:58:32,PFE,43.53,28,BID
2018-12-17 09:57:44,PFE,43.54,26,ASK
2018-12-17 09:58:32,PFE,43.53,30,BID
2018-12-17 09:58:33,PFE,43.54,20,ASK
2018-12-17 09:58:32,PFE,43.53,29,BID
2018-12-17 09:58:34,PFE,43.54,12,ASK
2018-12-17 09:58:35,PFE,43.54,19,BID
2018-12-17 09:58:35,PFE,43.55,20,ASK
2018-12-17 09:58:36,PFE,43.54,15,BID
2018-12-17 09:58:35,PFE,43.55,34,ASK
2018-12-17 09:58:32,PFE,43.53,24,BID
2018-12-17 09:58:37,PFE,43.54,40,ASK
2018-12-17 09:58:38,PFE,43.53,25,BID
2018-12-17 09:58:37,PFE,43.54,36,ASK
2018-12-17 09:58:38,PFE,43.53,29,BID
2018-12-17 09:58:39,PFE,43.54,20,ASK
2018-12-17 09:58:38,PFE,43.53,25,BID
2018-12-17 09:58:39,PFE,43.54,19,ASK
2018-12-17 09:58:38,PFE,43.53,27,BID
2018-12-17 09:58:39,PFE,43.54,20,ASK
2018-12-17 09:58:42,PFE,43.52,19,BID
2018-12-17 09:58:42,PFE,43.53,21,ASK
2018-12-17 09:58:25,PFE,43.51,32,BID
2018-12-17 09:58:43,PFE,43.52,18,ASK
2018-12-17 09:58:25,PFE,43.51,31,BID
2018-12-17 09:58:44,PFE,43.52,15,ASK
2018-12-17 09:58:45,PFE,43.52,29,BID
2018-12-17 09:58:45,PFE,43.53,12,ASK
2018-12-17 09:58:46,PFE,43.52,26,BID
2018-12-17 09:58:46,PFE,43.53,14,ASK
2018-12-17 09:58:25,PFE,43.51,34,BID
2018-12-17 09:58:47,PFE,43.52,8,ASK
2018-12-17 09:58:25,PFE,43.51,34,BID
2018-12-17 09:58:47,PFE,43.52,8,ASK
2018-12-17 09:58:48,PFE,43.52,26,BID
2018-12-17 09:58:49,PFE,43.53,12,ASK
2018-12-17 09:58:48,PFE,43.52,22,BID
2018-12-17 09:58:50,PFE,43.53,16,ASK
2018-12-17 09:58:51,PFE,43.52,25,BID
2018-12-17 09:58:51,PFE,43.53,14,ASK
2018-12-17 09:58:25,PFE,43.51,31,BID
2018-12-17 09:58:52,PFE,43.52,7,ASK
2018-12-17 09:58:25,PFE,43.51,29,BID
2018-12-17 09:58:53,PFE,43.52,15,ASK
2018-12-17 09:58:25,PFE,43.51,29,BID
2018-12-17 09:58:54,PFE,43.52,17,ASK
2018-12-17 09:58:25,PFE,43.51,21,BID
2018-12-17 09:58:54,PFE,43.52,29,ASK
2018-12-17 09:58:56,PFE,43.5,75,BID
2018-12-17 09:58:55,PFE,43.51,24,ASK
2018-12-17 09:58:57,PFE,43.5,75,BID
2018-12-17 09:58:57,PFE,43.51,18,ASK
2018-12-17 09:58:58,PFE,43.51,37,BID
2018-12-17 09:58:54,PFE,43.52,26,ASK
2018-12-17 09:58:58,PFE,43.51,45,BID
2018-12-17 09:58:59,PFE,43.52,19,ASK
2018-12-17 09:59:00,PFE,43.5,75,BID
2018-12-17 09:59:00,PFE,43.51,19,ASK
2018-12-17 09:59:01,PFE,43.5,75,BID
2018-12-17 09:59:01,PFE,43.51,19,ASK
2018-12-17 09:59:02,PFE,43.51,32,BID
2018-12-17 09:59:00,PFE,43.52,20,ASK
2018-12-17 09:59:03,PFE,43.53,26,BID
2018-12-17 09:58:39,PFE,43.54,31,ASK
2018-12-17 09:59:03,PFE,43.53,47,BID
2018-12-17 09:59:04,PFE,43.54,17,ASK
2018-12-17 09:59:03,PFE,43.53,48,BID
2018-12-17 09:59:05,PFE,43.54,17,ASK
2018-12-17 09:59:06,PFE,43.55,21,BID
2018-12-17 09:59:06,PFE,43.56,24,ASK
2018-12-17 09:59:07,PFE,43.55,24,BID
2018-12-17 09:59:06,PFE,43.56,25,ASK
2018-12-17 09:59:07,PFE,43.55,29,BID
2018-12-17 09:59:06,PFE,43.56,35,ASK
2018-12-17 09:59:09,PFE,43.55,12,BID
2018-12-17 09:59:06,PFE,43.56,33,ASK
2018-12-17 09:59:09,PFE,43.55,12,BID
2018-12-17 09:59:06,PFE,43.56,36,ASK
2018-12-17 09:59:11,PFE,43.54,38,BID
2018-12-17 09:59:11,PFE,43.55,23,ASK
2018-12-17 09:59:11,PFE,43.54,39,BID
2018-12-17 09:59:12,PFE,43.55,27,ASK
2018-12-17 09:59:11,PFE,43.54,40,BID
2018-12-17 09:59:12,PFE,43.55,24,ASK
2018-12-17 09:59:11,PFE,43.54,44,BID
2018-12-17 09:59:13,PFE,43.55,19,ASK
2018-12-17 09:59:11,PFE,43.54,55,BID
2018-12-17 09:59:15,PFE,43.55,9,ASK
2018-12-17 09:59:11,PFE,43.54,47,BID
2018-12-17 09:59:16,PFE,43.55,32,ASK
2018-12-17 09:59:16,PFE,43.54,45,BID
2018-12-17 09:59:17,PFE,43.55,17,ASK
2018-12-17 09:59:16,PFE,43.54,39,BID
2018-12-17 09:59:17,PFE,43.55,17,ASK
2018-12-17 09:59:16,PFE,43.54,45,BID
2018-12-17 09:59:19,PFE,43.55,15,ASK
2018-12-17 09:59:16,PFE,43.54,47,BID
2018-12-17 09:59:20,PFE,43.55,12,ASK
2018-12-17 09:59:16,PFE,43.54,52,BID
2018-12-17 09:59:20,PFE,43.55,12,ASK
2018-12-17 09:59:16,PFE,43.54,43,BID
2018-12-17 09:59:20,PFE,43.55,15,ASK
2018-12-17 09:59:16,PFE,43.54,41,BID
2018-12-17 09:59:20,PFE,43.55,15,ASK
2018-12-17 09:59:16,PFE,43.54,44,BID
2018-12-17 09:59:24,PFE,43.55,18,ASK
2018-12-17 09:59:25,PFE,43.55,42,BID
2018-12-17 09:59:25,PFE,43.56,22,ASK
2018-12-17 09:59:25,PFE,43.55,47,BID
2018-12-17 09:59:26,PFE,43.56,10,ASK
2018-12-17 09:59:25,PFE,43.55,43,BID
2018-12-17 09:59:27,PFE,43.56,9,ASK
2018-12-17 09:59:25,PFE,43.55,37,BID
2018-12-17 09:59:28,PFE,43.56,22,ASK
2018-12-17 09:59:25,PFE,43.55,42,BID
2018-12-17 09:59:28,PFE,43.56,22,ASK
2018-12-17 09:59:30,PFE,43.55,22,BID
2018-12-17 09:59:28,PFE,43.56,28,ASK
2018-12-17 09:59:30,PFE,43.55,36,BID
2018-12-17 09:59:28,PFE,43.56,20,ASK
2018-12-17 09:59:32,PFE,43.55,34,BID
2018-12-17 09:59:28,PFE,43.56,23,ASK
2018-12-17 09:59:33,PFE,43.55,34,BID
2018-12-17 09:59:28,PFE,43.56,20,ASK
2018-12-17 09:59:33,PFE,43.55,32,BID
2018-12-17 09:59:28,PFE,43.56,24,ASK
2018-12-17 09:59:35,PFE,43.55,33,BID
2018-12-17 09:59:28,PFE,43.56,22,ASK
2018-12-17 09:59:36,PFE,43.56,64,BID
2018-12-17 09:55:36,PFE,43.57,45,ASK
2018-12-17 09:59:36,PFE,43.57,32,BID
2018-12-17 09:59:36,PFE,43.58,30,ASK
2018-12-17 09:59:36,PFE,43.57,34,BID
2018-12-17 09:59:36,PFE,43.58,30,ASK
2018-12-17 09:59:38,PFE,43.58,38,BID
2018-12-17 09:55:24,PFE,43.59,58,ASK
2018-12-17 09:59:38,PFE,43.58,28,BID
2018-12-17 09:55:24,PFE,43.59,58,ASK
2018-12-17 09:59:41,PFE,43.57,38,BID
2018-12-17 09:59:41,PFE,43.58,35,ASK
2018-12-17 09:59:36,PFE,43.56,75,BID
2018-12-17 09:59:42,PFE,43.57,30,ASK
2018-12-17 09:59:36,PFE,43.56,61,BID
2018-12-17 09:59:43,PFE,43.57,32,ASK
2018-12-17 09:59:36,PFE,43.56,66,BID
2018-12-17 09:59:45,PFE,43.57,23,ASK
2018-12-17 09:59:36,PFE,43.56,66,BID
2018-12-17 09:59:45,PFE,43.57,22,ASK
2018-12-17 09:59:36,PFE,43.56,63,BID
2018-12-17 09:59:45,PFE,43.57,22,ASK
2018-12-17 09:59:36,PFE,43.56,65,BID
2018-12-17 09:59:45,PFE,43.57,19,ASK
2018-12-17 09:59:36,PFE,43.56,69,BID
2018-12-17 09:59:49,PFE,43.57,19,ASK
2018-12-17 09:59:36,PFE,43.56,69,BID
2018-12-17 09:59:49,PFE,43.57,19,ASK
2018-12-17 09:59:50,PFE,43.58,55,BID
2018-12-17 09:55:24,PFE,43.59,60,ASK
2018-12-17 09:59:51,PFE,43.59,27,BID
2018-12-17 09:59:51,PFE,43.6,10,ASK
2018-12-17 09:59:52,PFE,43.6,15,BID
2018-12-17 09:59:52,PFE,43.61,25,ASK
2018-12-17 09:59:53,PFE,43.6,19,BID
2018-12-17 09:59:53,PFE,43.6,8,ASK
2018-12-17 09:59:54,PFE,43.61,16,BID
2018-12-17 09:59:54,PFE,43.62,23,ASK
2018-12-17 09:59:55,PFE,43.61,14,BID
2018-12-17 09:59:54,PFE,43.62,35,ASK
2018-12-17 09:59:55,PFE,43.61,28,BID
2018-12-17 09:59:55,PFE,43.62,26,ASK
2018-12-17 09:59:57,PFE,43.62,29,BID
2018-12-17 09:59:57,PFE,43.63,25,ASK
2018-12-17 09:59:58,PFE,43.61,24,BID
2018-12-17 09:59:58,PFE,43.62,26,ASK
2018-12-17 09:59:53,PFE,43.6,15,BID
2018-12-17 09:59:59,PFE,43.61,19,ASK
2018-12-17 10:00:00,PFE,43.6,18,BID
2018-12-17 09:59:59,PFE,43.61,21,ASK
2018-12-17 10:00:00,PFE,43.59,1,BID
2018-12-17 10:00:00,PFE,43.59,13,ASK
2018-12-17 10:00:01,PFE,43.59,24,BID
2018-12-17 10:00:01,PFE,43.6,17,ASK
2018-12-17 10:00:02,PFE,43.59,19,BID
2018-12-17 10:00:01,PFE,43.6,26,ASK
2018-12-17 10:00:02,PFE,43.59,19,BID
2018-12-17 10:00:01,PFE,43.6,28,ASK
2018-12-17 10:00:03,PFE,43.59,19,BID
2018-12-17 10:00:03,PFE,43.6,24,ASK
2018-12-17 10:00:03,PFE,43.59,19,BID
2018-12-17 10:00:03,PFE,43.6,22,ASK
2018-12-17 10:00:05,PFE,43.59,23,BID
2018-12-17 10:00:05,PFE,43.6,19,ASK
2018-12-17 10:00:07,PFE,43.58,35,BID
2018-12-17 10:00:07,PFE,43.59,11,ASK
2018-12-17 10:00:07,PFE,43.58,27,BID
2018-12-17 10:00:07,PFE,43.59,30,ASK
2018-12-17 10:00:08,PFE,43.6,11,BID
2018-12-17 10:00:05,PFE,43.61,22,ASK
2018-12-17 10:00:08,PFE,43.6,39,BID
2018-12-17 10:00:08,PFE,43.61,14,ASK
2018-12-17 10:00:09,PFE,43.6,13,BID
2018-12-17 10:00:09,PFE,43.61,18,ASK
2018-12-17 10:00:08,PFE,43.59,28,BID
2018-12-17 10:00:10,PFE,43.6,4,ASK
2018-12-17 10:00:10,PFE,43.59,15,BID
2018-12-17 10:00:10,PFE,43.6,9,ASK
2018-12-17 09:59:50,PFE,43.58,33,BID
2018-12-17 10:00:12,PFE,43.59,13,ASK
2018-12-17 10:00:14,PFE,43.57,21,BID
2018-12-17 10:00:13,PFE,43.58,24,ASK
2018-12-17 10:00:15,PFE,43.57,37,BID
2018-12-17 10:00:13,PFE,43.58,19,ASK
2018-12-17 10:00:15,PFE,43.58,14,BID
2018-12-17 10:00:15,PFE,43.59,15,ASK
2018-12-17 10:00:17,PFE,43.58,13,BID
2018-12-17 10:00:17,PFE,43.59,16,ASK
2018-12-17 10:00:17,PFE,43.58,13,BID
2018-12-17 10:00:19,PFE,43.59,17,ASK
2018-12-17 10:00:22,PFE,43.57,39,BID
2018-12-17 10:00:22,PFE,43.58,18,ASK
2018-12-17 09:59:43,PFE,43.56,49,BID
2018-12-17 10:00:22,PFE,43.57,15,ASK
2018-12-17 10:00:24,PFE,43.56,44,BID
2018-12-17 10:00:22,PFE,43.57,17,ASK
2018-12-17 10:00:24,PFE,43.56,46,BID
2018-12-17 10:00:22,PFE,43.57,16,ASK
2018-12-17 10:00:24,PFE,43.56,46,BID
2018-12-17 10:00:22,PFE,43.57,15,ASK
2018-12-17 10:00:26,PFE,43.55,23,BID
2018-12-17 10:00:26,PFE,43.56,30,ASK
2018-12-17 10:00:27,PFE,43.54,37,BID
2018-12-17 10:00:27,PFE,43.55,19,ASK
2018-12-17 10:00:28,PFE,43.53,43,BID
2018-12-17 10:00:27,PFE,43.54,25,ASK
2018-12-17 10:00:29,PFE,43.53,43,BID
2018-12-17 10:00:27,PFE,43.54,24,ASK
2018-12-17 10:00:30,PFE,43.54,37,BID
2018-12-17 10:00:30,PFE,43.55,10,ASK
2018-12-17 10:00:30,PFE,43.54,39,BID
2018-12-17 10:00:31,PFE,43.55,19,ASK
2018-12-17 10:00:30,PFE,43.54,38,BID
2018-12-17 10:00:31,PFE,43.55,19,ASK
2018-12-17 10:00:34,PFE,43.55,36,BID
2018-12-17 10:00:34,PFE,43.56,13,ASK
2018-12-17 10:00:35,PFE,43.55,25,BID
2018-12-17 10:00:35,PFE,43.56,23,ASK
2018-12-17 10:00:35,PFE,43.55,23,BID
2018-12-17 10:00:35,PFE,43.56,23,ASK
2018-12-17 10:00:36,PFE,43.55,18,BID
2018-12-17 10:00:35,PFE,43.56,20,ASK
2018-12-17 10:00:37,PFE,43.55,14,BID
2018-12-17 10:00:35,PFE,43.56,27,ASK
2018-12-17 10:00:38,PFE,43.55,14,BID
2018-12-17 10:00:35,PFE,43.56,22,ASK
2018-12-17 10:00:39,PFE,43.54,27,BID
2018-12-17 10:00:40,PFE,43.55,17,ASK
2018-12-17 10:00:39,PFE,43.54,26,BID
2018-12-17 10:00:41,PFE,43.55,18,ASK
2018-12-17 10:00:41,PFE,43.54,24,BID
2018-12-17 10:00:42,PFE,43.55,17,ASK
2018-12-17 10:00:41,PFE,43.54,25,BID
2018-12-17 10:00:43,PFE,43.55,17,ASK
2018-12-17 10:00:41,PFE,43.54,35,BID
2018-12-17 10:00:44,PFE,43.55,14,ASK
2018-12-17 10:00:41,PFE,43.54,32,BID
2018-12-17 10:00:44,PFE,43.55,8,ASK
2018-12-17 10:00:45,PFE,43.55,24,BID
2018-12-17 10:00:35,PFE,43.56,24,ASK
2018-12-17 10:00:47,PFE,43.55,21,BID
2018-12-17 10:00:35,PFE,43.56,19,ASK
2018-12-17 10:00:48,PFE,43.56,14,BID
2018-12-17 10:00:48,PFE,43.56,5,ASK
2018-12-17 10:00:49,PFE,43.56,14,BID
2018-12-17 10:00:49,PFE,43.56,1,ASK
2018-12-17 10:00:49,PFE,43.56,17,BID
2018-12-17 10:00:22,PFE,43.57,24,ASK
2018-12-17 10:00:49,PFE,43.56,17,BID
2018-12-17 10:00:50,PFE,43.57,18,ASK
2018-12-17 10:00:49,PFE,43.56,19,BID
2018-12-17 10:00:51,PFE,43.57,14,ASK
2018-12-17 10:00:49,PFE,43.56,20,BID
2018-12-17 10:00:53,PFE,43.57,13,ASK
2018-12-17 10:00:54,PFE,43.57,15,BID
2018-12-17 10:00:54,PFE,43.58,24,ASK
2018-12-17 10:00:54,PFE,43.57,34,BID
2018-12-17 10:00:54,PFE,43.58,13,ASK
2018-12-17 10:00:54,PFE,43.57,30,BID
2018-12-17 10:00:55,PFE,43.58,27,ASK
2018-12-17 10:00:56,PFE,43.57,35,BID
2018-12-17 10:00:56,PFE,43.58,21,ASK
2018-12-17 10:00:56,PFE,43.57,25,BID
2018-12-17 10:00:58,PFE,43.58,27,ASK
2018-12-17 10:00:56,PFE,43.57,21,BID
2018-12-17 10:00:58,PFE,43.58,27,ASK
2018-12-17 10:01:00,PFE,43.57,15,BID
2018-12-17 10:00:58,PFE,43.58,30,ASK
2018-12-17 10:01:00,PFE,43.57,21,BID
2018-12-17 10:01:00,PFE,43.58,20,ASK
2018-12-17 10:01:00,PFE,43.57,19,BID
2018-12-17 10:01:02,PFE,43.58,14,ASK
2018-12-17 10:01:03,PFE,43.56,27,BID
2018-12-17 10:01:03,PFE,43.57,24,ASK
2018-12-17 10:01:03,PFE,43.56,25,BID
2018-12-17 10:01:03,PFE,43.57,17,ASK
2018-12-17 10:01:03,PFE,43.56,22,BID
2018-12-17 10:01:05,PFE,43.57,36,ASK
2018-12-17 10:01:05,PFE,43.55,41,BID
2018-12-17 10:01:05,PFE,43.56,14,ASK
2018-12-17 10:01:06,PFE,43.55,49,BID
2018-12-17 10:01:05,PFE,43.56,16,ASK
2018-12-17 10:01:08,PFE,43.55,35,BID
2018-12-17 10:01:05,PFE,43.56,18,ASK
2018-12-17 10:01:09,PFE,43.55,37,BID
2018-12-17 10:01:05,PFE,43.56,19,ASK
2018-12-17 10:01:09,PFE,43.55,30,BID
2018-12-17 10:01:05,PFE,43.56,34,ASK
2018-12-17 10:00:41,PFE,43.54,32,BID
2018-12-17 10:01:11,PFE,43.55,21,ASK
2018-12-17 10:00:41,PFE,43.54,35,BID
2018-12-17 10:01:12,PFE,43.55,25,ASK
2018-12-17 10:01:12,PFE,43.55,19,BID
2018-12-17 10:01:05,PFE,43.56,22,ASK
2018-12-17 10:00:41,PFE,43.54,44,BID
2018-12-17 10:01:14,PFE,43.55,5,ASK
2018-12-17 10:01:15,PFE,43.55,42,BID
2018-12-17 10:01:15,PFE,43.56,28,ASK
2018-12-17 10:01:15,PFE,43.54,39,BID
2018-12-17 10:01:15,PFE,43.55,31,ASK
2018-12-17 10:01:16,PFE,43.54,46,BID
2018-12-17 10:01:17,PFE,43.55,7,ASK
2018-12-17 10:01:16,PFE,43.54,42,BID
2018-12-17 10:01:18,PFE,43.55,10,ASK
2018-12-17 10:01:19,PFE,43.55,28,BID
2018-12-17 10:01:19,PFE,43.56,18,ASK
2018-12-17 10:01:16,PFE,43.54,41,BID
2018-12-17 10:01:20,PFE,43.55,19,ASK
2018-12-17 10:01:16,PFE,43.54,36,BID
2018-12-17 10:01:20,PFE,43.55,17,ASK
2018-12-17 10:01:16,PFE,43.54,36,BID
2018-12-17 10:01:20,PFE,43.55,17,ASK
2018-12-17 10:01:16,PFE,43.54,36,BID
2018-12-17 10:01:20,PFE,43.55,17,ASK
2018-12-17 10:01:23,PFE,43.54,43,BID
2018-12-17 10:01:20,PFE,43.55,15,ASK
2018-12-17 10:01:23,PFE,43.54,41,BID
2018-12-17 10:01:25,PFE,43.55,10,ASK
2018-12-17 10:01:26,PFE,43.54,35,BID
2018-12-17 10:01:26,PFE,43.55,17,ASK
2018-12-17 10:01:26,PFE,43.54,27,BID
2018-12-17 10:01:27,PFE,43.55,28,ASK
2018-12-17 10:01:28,PFE,43.54,21,BID
2018-12-17 10:01:28,PFE,43.55,32,ASK
2018-12-17 10:01:29,PFE,43.54,21,BID
2018-12-17 10:01:29,PFE,43.55,28,ASK
2018-12-17 10:01:29,PFE,43.54,21,BID
2018-12-17 10:01:30,PFE,43.55,28,ASK
2018-12-17 10:01:29,PFE,43.54,21,BID
2018-12-17 10:01:31,PFE,43.55,36,ASK
2018-12-17 10:01:32,PFE,43.54,32,BID
2018-12-17 10:01:32,PFE,43.55,43,ASK
2018-12-17 10:01:32,PFE,43.54,38,BID
2018-12-17 10:01:33,PFE,43.55,41,ASK
2018-12-17 10:01:32,PFE,43.54,32,BID
2018-12-17 10:01:34,PFE,43.55,42,ASK
2018-12-17 10:01:34,PFE,43.55,39,BID
2018-12-17 10:01:34,PFE,43.56,22,ASK
2018-12-17 10:01:32,PFE,43.54,45,BID
2018-12-17 10:01:36,PFE,43.55,10,ASK
2018-12-17 10:01:37,PFE,43.54,44,BID
2018-12-17 10:01:37,PFE,43.55,20,ASK
2018-12-17 10:01:37,PFE,43.55,17,BID
2018-12-17 10:01:37,PFE,43.56,32,ASK
2018-12-17 10:01:37,PFE,43.54,42,BID
2018-12-17 10:01:38,PFE,43.55,6,ASK
2018-12-17 10:01:38,PFE,43.55,21,BID
2018-12-17 10:01:40,PFE,43.56,20,ASK
2018-12-17 10:01:37,PFE,43.54,43,BID
2018-12-17 10:01:40,PFE,43.55,12,ASK
2018-12-17 10:01:42,PFE,43.54,39,BID
2018-12-17 10:01:41,PFE,43.55,14,ASK
2018-12-17 10:01:42,PFE,43.54,40,BID
2018-12-17 10:01:41,PFE,43.55,14,ASK
2018-12-17 10:01:44,PFE,43.54,39,BID
2018-12-17 10:01:41,PFE,43.55,19,ASK
2018-12-17 10:01:45,PFE,43.55,19,BID
2018-12-17 10:01:45,PFE,43.56,16,ASK
2018-12-17 10:01:46,PFE,43.55,13,BID
2018-12-17 10:01:46,PFE,43.56,18,ASK
2018-12-17 10:01:46,PFE,43.55,19,BID
2018-12-17 10:01:46,PFE,43.56,15,ASK
2018-12-17 10:01:46,PFE,43.55,14,BID
2018-12-17 10:01:46,PFE,43.56,16,ASK
2018-12-17 10:01:46,PFE,43.55,23,BID
2018-12-17 10:01:49,PFE,43.56,16,ASK
2018-12-17 10:01:50,PFE,43.55,20,BID
2018-12-17 10:01:50,PFE,43.56,33,ASK
2018-12-17 10:01:44,PFE,43.54,41,BID
2018-12-17 10:01:51,PFE,43.55,37,ASK
2018-12-17 10:01:51,PFE,43.54,41,BID
2018-12-17 10:01:51,PFE,43.55,25,ASK
2018-12-17 10:01:51,PFE,43.54,36,BID
2018-12-17 10:01:53,PFE,43.55,25,ASK
2018-12-17 10:01:54,PFE,43.54,24,BID
2018-12-17 10:01:54,PFE,43.55,31,ASK
2018-12-17 10:01:55,PFE,43.53,16,BID
2018-12-17 10:01:54,PFE,43.54,24,ASK
2018-12-17 10:01:55,PFE,43.54,29,BID
2018-12-17 10:01:55,PFE,43.55,25,ASK
2018-12-17 10:01:56,PFE,43.55,30,BID
2018-12-17 10:01:56,PFE,43.56,16,ASK
2018-12-17 10:01:56,PFE,43.55,29,BID
2018-12-17 10:01:58,PFE,43.56,19,ASK
2018-12-17 10:01:59,PFE,43.56,13,BID
2018-12-17 10:01:59,PFE,43.57,28,ASK
2018-12-17 10:02:00,PFE,43.55,35,BID
2018-12-17 10:02:00,PFE,43.56,13,ASK
2018-12-17 10:02:01,PFE,43.55,29,BID
2018-12-17 10:02:00,PFE,43.56,18,ASK
2018-12-17 10:02:01,PFE,43.55,26,BID
2018-12-17 10:02:00,PFE,43.56,18,ASK
2018-12-17 10:01:56,PFE,43.54,61,BID
2018-12-17 10:02:03,PFE,43.55,20,ASK
2018-12-17 10:02:03,PFE,43.54,27,BID
2018-12-17 10:02:04,PFE,43.55,34,ASK
2018-12-17 10:02:05,PFE,43.54,30,BID
2018-12-17 10:02:05,PFE,43.55,23,ASK
2018-12-17 10:02:05,PFE,43.54,32,BID
2018-12-17 10:02:06,PFE,43.55,20,ASK
2018-12-17 10:02:05,PFE,43.54,37,BID
2018-12-17 10:02:06,PFE,43.55,13,ASK
2018-12-17 10:02:08,PFE,43.55,9,BID
2018-12-17 10:02:07,PFE,43.56,28,ASK
2018-12-17 10:02:09,PFE,43.54,56,BID
2018-12-17 10:02:09,PFE,43.55,17,ASK
2018-12-17 10:02:09,PFE,43.54,36,BID
2018-12-17 10:02:09,PFE,43.55,25,ASK
2018-12-17 10:02:09,PFE,43.54,36,BID
2018-12-17 10:02:09,PFE,43.55,25,ASK
2018-12-17 10:02:12,PFE,43.54,39,BID
2018-12-17 10:02:09,PFE,43.55,18,ASK
2018-12-17 10:02:12,PFE,43.54,38,BID
2018-12-17 10:02:09,PFE,43.55,18,ASK
2018-12-17 10:02:14,PFE,43.54,38,BID
2018-12-17 10:02:09,PFE,43.55,23,ASK
2018-12-17 10:02:15,PFE,43.54,42,BID
2018-12-17 10:02:15,PFE,43.55,17,ASK
2018-12-17 10:02:16,PFE,43.54,40,BID
2018-12-17 10:02:15,PFE,43.55,21,ASK
2018-12-17 10:02:14,PFE,43.53,45,BID
2018-12-17 10:02:17,PFE,43.54,6,ASK
2018-12-17 10:02:17,PFE,43.54,24,BID
2018-12-17 10:02:15,PFE,43.55,20,ASK
2018-12-17 10:02:14,PFE,43.53,51,BID
2018-12-17 10:02:19,PFE,43.54,19,ASK
2018-12-17 10:02:19,PFE,43.54,9,BID
2018-12-17 10:02:15,PFE,43.55,28,ASK
2018-12-17 10:02:19,PFE,43.54,9,BID
2018-12-17 10:02:15,PFE,43.55,28,ASK
2018-12-17 10:02:19,PFE,43.54,9,BID
2018-12-17 10:02:15,PFE,43.55,28,ASK
2018-12-17 10:02:22,PFE,43.54,12,BID
2018-12-17 10:02:15,PFE,43.55,27,ASK
2018-12-17 10:02:24,PFE,43.53,33,BID
2018-12-17 10:02:24,PFE,43.54,22,ASK
2018-12-17 10:02:24,PFE,43.54,20,BID
2018-12-17 10:02:15,PFE,43.55,22,ASK
2018-12-17 10:02:24,PFE,43.54,20,BID
2018-12-17 10:02:15,PFE,43.55,22,ASK
2018-12-17 10:02:24,PFE,43.54,20,BID
2018-12-17 10:02:15,PFE,43.55,22,ASK
2018-12-17 10:02:27,PFE,43.54,17,BID
2018-12-17 10:02:15,PFE,43.55,22,ASK
2018-12-17 10:02:27,PFE,43.54,19,BID
2018-12-17 10:02:29,PFE,43.55,24,ASK
2018-12-17 10:02:27,PFE,43.54,20,BID
2018-12-17 10:02:30,PFE,43.55,23,ASK
2018-12-17 10:02:27,PFE,43.54,18,BID
2018-12-17 10:02:31,PFE,43.55,23,ASK
2018-12-17 10:02:27,PFE,43.54,20,BID
2018-12-17 10:02:32,PFE,43.55,22,ASK
2018-12-17 10:02:33,PFE,43.56,19,BID
2018-12-17 10:02:33,PFE,43.57,27,ASK
2018-12-17 10:02:34,PFE,43.56,23,BID
2018-12-17 10:02:34,PFE,43.57,25,ASK
2018-12-17 10:02:35,PFE,43.57,29,BID
2018-12-17 10:01:02,PFE,43.58,22,ASK
2018-12-17 10:02:35,PFE,43.57,44,BID
2018-12-17 10:02:35,PFE,43.58,21,ASK
2018-12-17 10:02:37,PFE,43.57,40,BID
2018-12-17 10:02:35,PFE,43.58,24,ASK
2018-12-17 10:02:37,PFE,43.57,29,BID
2018-12-17 10:02:35,PFE,43.58,23,ASK
2018-12-17 10:02:39,PFE,43.57,33,BID
2018-12-17 10:02:35,PFE,43.58,27,ASK
2018-12-17 10:02:40,PFE,43.56,35,BID
2018-12-17 10:02:40,PFE,43.57,36,ASK
2018-12-17 10:02:41,PFE,43.55,42,BID
2018-12-17 10:02:41,PFE,43.56,20,ASK
2018-12-17 10:02:42,PFE,43.56,40,BID
2018-12-17 10:02:42,PFE,43.57,49,ASK
2018-12-17 10:02:42,PFE,43.56,24,BID
2018-12-17 10:02:43,PFE,43.57,44,ASK
2018-12-17 10:02:44,PFE,43.56,26,BID
2018-12-17 10:02:44,PFE,43.57,37,ASK
2018-12-17 10:02:44,PFE,43.56,28,BID
2018-12-17 10:02:45,PFE,43.57,29,ASK
2018-12-17 10:02:45,PFE,43.57,15,BID
2018-12-17 10:02:35,PFE,43.58,30,ASK
2018-12-17 10:02:46,PFE,43.57,15,BID
2018-12-17 10:02:35,PFE,43.58,31,ASK
2018-12-17 10:02:44,PFE,43.56,29,BID
2018-12-17 10:02:47,PFE,43.57,20,ASK
2018-12-17 10:02:42,PFE,43.55,49,BID
2018-12-17 10:02:49,PFE,43.56,9,ASK
2018-12-17 10:02:42,PFE,43.55,44,BID
2018-12-17 10:02:49,PFE,43.56,9,ASK
2018-12-17 10:02:51,PFE,43.55,38,BID
2018-12-17 10:02:49,PFE,43.56,9,ASK
2018-12-17 10:02:52,PFE,43.55,38,BID
2018-12-17 10:02:51,PFE,43.56,10,ASK
2018-12-17 10:02:52,PFE,43.55,34,BID
2018-12-17 10:02:51,PFE,43.56,17,ASK
2018-12-17 10:02:54,PFE,43.54,45,BID
2018-12-17 10:02:54,PFE,43.55,17,ASK
2018-12-17 10:02:54,PFE,43.54,40,BID
2018-12-17 10:02:55,PFE,43.55,28,ASK
2018-12-17 10:02:54,PFE,43.54,25,BID
2018-12-17 10:02:55,PFE,43.55,22,ASK
2018-12-17 10:02:54,PFE,43.54,25,BID
2018-12-17 10:02:55,PFE,43.55,24,ASK
2018-12-17 10:02:54,PFE,43.54,24,BID
2018-12-17 10:02:55,PFE,43.55,24,ASK
2018-12-17 10:02:59,PFE,43.54,22,BID
2018-12-17 10:02:55,PFE,43.55,23,ASK
2018-12-17 10:03:00,PFE,43.53,30,BID
2018-12-17 10:02:59,PFE,43.54,19,ASK
2018-12-17 10:03:01,PFE,43.55,42,BID
2018-12-17 10:02:51,PFE,43.56,22,ASK
2018-12-17 10:03:02,PFE,43.56,15,BID
2018-12-17 10:02:47,PFE,43.57,20,ASK
2018-12-17 10:03:03,PFE,43.55,28,BID
2018-12-17 10:03:03,PFE,43.56,28,ASK
2018-12-17 10:03:03,PFE,43.55,24,BID
2018-12-17 10:03:04,PFE,43.56,30,ASK
2018-12-17 10:03:03,PFE,43.55,29,BID
2018-12-17 10:03:04,PFE,43.56,30,ASK
2018-12-17 10:03:06,PFE,43.56,30,BID
2018-12-17 10:02:47,PFE,43.57,11,ASK
2018-12-17 10:03:07,PFE,43.57,16,BID
2018-12-17 10:02:35,PFE,43.58,29,ASK
2018-12-17 10:03:08,PFE,43.57,19,BID
2018-12-17 10:02:35,PFE,43.58,26,ASK
2018-12-17 10:03:09,PFE,43.57,21,BID
2018-12-17 10:02:35,PFE,43.58,35,ASK
2018-12-17 10:03:10,PFE,43.57,66,BID
2018-12-17 10:02:35,PFE,43.58,17,ASK
2018-12-17 10:03:10,PFE,43.58,28,BID
2018-12-17 10:00:55,PFE,43.59,55,ASK
2018-12-17 10:03:11,PFE,43.58,28,BID
2018-12-17 10:00:55,PFE,43.59,54,ASK
2018-12-17 10:03:13,PFE,43.58,26,BID
2018-12-17 10:03:13,PFE,43.59,46,ASK
2018-12-17 10:03:13,PFE,43.58,26,BID
2018-12-17 10:03:13,PFE,43.59,46,ASK
2018-12-17 10:03:13,PFE,43.58,26,BID
2018-12-17 10:03:13,PFE,43.59,46,ASK
2018-12-17 10:03:13,PFE,43.58,26,BID
