timestamp,ticker,price,volume,bid_ask
2018-12-17 09:40:36,PG,95.55,8,BID
2018-12-17 09:40:36,PG,95.57,10,ASK
2018-12-17 09:40:37,PG,95.57,4,BID
2018-12-17 09:40:33,PG,95.59,11,ASK
2018-12-17 09:40:37,PG,95.57,5,BID
2018-12-17 09:40:33,PG,95.59,12,ASK
2018-12-17 09:40:39,PG,95.55,12,BID
2018-12-17 09:40:39,PG,95.57,1,ASK
2018-12-17 09:40:39,PG,95.55,13,BID
2018-12-17 09:40:39,PG,95.57,5,ASK
2018-12-17 09:40:39,PG,95.55,13,BID
2018-12-17 09:40:39,PG,95.57,5,ASK
2018-12-17 09:40:41,PG,95.56,11,BID
2018-12-17 09:40:41,PG,95.58,4,ASK
2018-12-17 09:40:43,PG,95.56,14,BID
2018-12-17 09:40:43,PG,95.58,12,ASK
2018-12-17 09:40:44,PG,95.56,10,BID
2018-12-17 09:40:44,PG,95.58,15,ASK
2018-12-17 09:40:44,PG,95.56,10,BID
2018-12-17 09:40:44,PG,95.58,14,ASK
2018-12-17 09:40:46,PG,95.54,1,BID
2018-12-17 09:40:46,PG,95.56,12,ASK
2018-12-17 09:40:47,PG,95.55,8,BID
2018-12-17 09:40:47,PG,95.56,1,ASK
2018-12-17 09:40:47,PG,95.55,9,BID
2018-12-17 09:40:47,PG,95.57,13,ASK
2018-12-17 09:40:48,PG,95.53,10,BID
2018-12-17 09:40:48,PG,95.56,12,ASK
2018-12-17 09:40:50,PG,95.53,13,BID
2018-12-17 09:40:48,PG,95.56,12,ASK
2018-12-17 09:40:50,PG,95.57,2,BID
2018-12-17 09:40:50,PG,95.59,11,ASK
2018-12-17 09:40:51,PG,95.55,6,BID
2018-12-17 09:40:51,PG,95.58,10,ASK
2018-12-17 09:40:52,PG,95.52,5,BID
2018-12-17 09:40:52,PG,95.53,3,ASK
2018-12-17 09:40:54,PG,95.54,9,BID
2018-12-17 09:40:54,PG,95.56,16,ASK
2018-12-17 09:40:55,PG,95.55,6,BID
2018-12-17 09:40:55,PG,95.56,1,ASK
2018-12-17 09:40:55,PG,95.5,7,BID
2018-12-17 09:40:55,PG,95.52,6,ASK
2018-12-17 09:40:56,PG,95.48,11,BID
2018-12-17 09:40:56,PG,95.5,8,ASK
2018-12-17 09:40:57,PG,95.5,3,BID
2018-12-17 09:40:56,PG,95.52,11,ASK
2018-12-17 09:40:59,PG,95.5,4,BID
2018-12-17 09:40:59,PG,95.52,17,ASK
2018-12-17 09:40:56,PG,95.48,12,BID
2018-12-17 09:41:00,PG,95.5,1,ASK
2018-12-17 09:41:00,PG,95.48,11,BID
2018-12-17 09:41:01,PG,95.49,5,ASK
2018-12-17 09:41:00,PG,95.48,11,BID
2018-12-17 09:41:02,PG,95.5,13,ASK
2018-12-17 09:41:03,PG,95.5,2,BID
2018-12-17 09:41:03,PG,95.51,16,ASK
2018-12-17 09:41:03,PG,95.5,2,BID
2018-12-17 09:41:03,PG,95.51,16,ASK
2018-12-17 09:41:04,PG,95.54,4,BID
2018-12-17 09:41:04,PG,95.56,1,ASK
2018-12-17 09:41:04,PG,95.54,4,BID
2018-12-17 09:41:04,PG,95.56,1,ASK
2018-12-17 09:41:04,PG,95.54,4,BID
2018-12-17 09:41:04,PG,95.56,1,ASK
2018-12-17 09:41:08,PG,95.55,4,BID
2018-12-17 09:40:52,PG,95.57,9,ASK
2018-12-17 09:41:08,PG,95.55,4,BID
2018-12-17 09:41:08,PG,95.56,5,ASK
2018-12-17 09:41:09,PG,95.55,11,BID
2018-12-17 09:41:08,PG,95.57,17,ASK
2018-12-17 09:41:09,PG,95.55,9,BID
2018-12-17 09:41:09,PG,95.56,5,ASK
2018-12-17 09:41:11,PG,95.52,8,BID
2018-12-17 09:41:11,PG,95.55,10,ASK
2018-12-17 09:41:11,PG,95.52,6,BID
2018-12-17 09:41:11,PG,95.55,9,ASK
2018-12-17 09:41:14,PG,95.54,4,BID
2018-12-17 09:41:14,PG,95.55,5,ASK
2018-12-17 09:41:14,PG,95.53,8,BID
2018-12-17 09:41:14,PG,95.55,11,ASK
2018-12-17 09:41:14,PG,95.53,8,BID
2018-12-17 09:41:14,PG,95.55,11,ASK
2018-12-17 09:41:16,PG,95.53,10,BID
2018-12-17 09:41:16,PG,95.55,1,ASK
2018-12-17 09:41:17,PG,95.53,12,BID
2018-12-17 09:41:17,PG,95.55,5,ASK
2018-12-17 09:41:17,PG,95.53,14,BID
2018-12-17 09:41:17,PG,95.55,6,ASK
2018-12-17 09:41:19,PG,95.52,9,BID
2018-12-17 09:41:19,PG,95.54,2,ASK
2018-12-17 09:41:04,PG,95.51,21,BID
2018-12-17 09:41:20,PG,95.53,1,ASK
2018-12-17 09:41:04,PG,95.51,21,BID
2018-12-17 09:41:20,PG,95.53,1,ASK
2018-12-17 09:41:04,PG,95.51,21,BID
2018-12-17 09:41:22,PG,95.53,2,ASK
2018-12-17 09:41:24,PG,95.52,7,BID
2018-12-17 09:41:24,PG,95.54,8,ASK
2018-12-17 09:41:24,PG,95.52,7,BID
2018-12-17 09:41:25,PG,95.54,14,ASK
2018-12-17 09:41:26,PG,95.52,7,BID
2018-12-17 09:41:26,PG,95.53,9,ASK
2018-12-17 09:41:26,PG,95.5,13,BID
2018-12-17 09:41:27,PG,95.52,11,ASK
2018-12-17 09:41:26,PG,95.5,13,BID
2018-12-17 09:41:28,PG,95.52,18,ASK
2018-12-17 09:41:26,PG,95.5,14,BID
2018-12-17 09:41:28,PG,95.52,16,ASK
2018-12-17 09:41:26,PG,95.5,13,BID
2018-12-17 09:41:30,PG,95.51,5,ASK
2018-12-17 09:40:56,PG,95.48,13,BID
2018-12-17 09:41:30,PG,95.5,19,ASK
2018-12-17 09:41:30,PG,95.48,14,BID
2018-12-17 09:41:30,PG,95.49,9,ASK
2018-12-17 09:41:32,PG,95.43,1,BID
2018-12-17 09:41:32,PG,95.45,5,ASK
2018-12-17 09:41:33,PG,95.44,18,BID
2018-12-17 09:41:34,PG,95.46,15,ASK
2018-12-17 09:41:35,PG,95.46,2,BID
2018-12-17 09:41:34,PG,95.48,13,ASK
2018-12-17 09:41:35,PG,95.46,3,BID
2018-12-17 09:41:36,PG,95.48,13,ASK
2018-12-17 09:41:37,PG,95.48,3,BID
2018-12-17 09:41:37,PG,95.49,12,ASK
2018-12-17 09:41:37,PG,95.48,3,BID
2018-12-17 09:41:37,PG,95.49,12,ASK
2018-12-17 09:41:39,PG,95.48,4,BID
2018-12-17 09:41:37,PG,95.49,12,ASK
2018-12-17 09:41:40,PG,95.49,18,BID
2018-12-17 09:41:39,PG,95.51,11,ASK
2018-12-17 09:41:40,PG,95.5,4,BID
2018-12-17 09:41:26,PG,95.53,21,ASK
2018-12-17 09:41:40,PG,95.5,4,BID
2018-12-17 09:41:26,PG,95.53,21,ASK
2018-12-17 09:41:40,PG,95.5,4,BID
2018-12-17 09:41:26,PG,95.53,21,ASK
2018-12-17 09:41:43,PG,95.5,4,BID
2018-12-17 09:41:26,PG,95.53,21,ASK
2018-12-17 09:41:45,PG,95.52,8,BID
2018-12-17 09:41:26,PG,95.54,12,ASK
2018-12-17 09:41:46,PG,95.54,6,BID
2018-12-17 09:41:45,PG,95.55,8,ASK
2018-12-17 09:41:47,PG,95.55,6,BID
2018-12-17 09:41:47,PG,95.57,11,ASK
2018-12-17 09:41:47,PG,95.55,6,BID
2018-12-17 09:41:48,PG,95.58,10,ASK
2018-12-17 09:41:47,PG,95.55,7,BID
2018-12-17 09:41:48,PG,95.58,8,ASK
2018-12-17 09:41:47,PG,95.55,7,BID
2018-12-17 09:41:48,PG,95.58,10,ASK
2018-12-17 09:41:51,PG,95.57,8,BID
2018-12-17 09:41:51,PG,95.59,15,ASK
2018-12-17 09:41:52,PG,95.57,6,BID
2018-12-17 09:41:52,PG,95.59,17,ASK
2018-12-17 09:41:52,PG,95.57,5,BID
2018-12-17 09:41:52,PG,95.58,2,ASK
2018-12-17 09:41:53,PG,95.54,10,BID
2018-12-17 09:41:53,PG,95.56,18,ASK
2018-12-17 09:41:54,PG,95.54,13,BID
2018-12-17 09:41:54,PG,95.55,1,ASK
2018-12-17 09:41:54,PG,95.54,14,BID
2018-12-17 09:41:53,PG,95.56,18,ASK
2018-12-17 09:41:56,PG,95.56,4,BID
2018-12-17 09:41:56,PG,95.58,8,ASK
2018-12-17 09:41:58,PG,95.56,1,BID
2018-12-17 09:41:57,PG,95.57,16,ASK
2018-12-17 09:41:58,PG,95.55,1,BID
2018-12-17 09:41:58,PG,95.56,1,ASK
2018-12-17 09:41:59,PG,95.54,7,BID
2018-12-17 09:41:59,PG,95.56,13,ASK
2018-12-17 09:42:01,PG,95.56,1,BID
2018-12-17 09:41:58,PG,95.57,12,ASK
2018-12-17 09:42:02,PG,95.56,3,BID
2018-12-17 09:41:58,PG,95.57,11,ASK
2018-12-17 09:42:02,PG,95.55,8,BID
2018-12-17 09:41:58,PG,95.57,11,ASK
2018-12-17 09:42:00,PG,95.54,7,BID
2018-12-17 09:42:04,PG,95.57,15,ASK
2018-12-17 09:42:00,PG,95.54,7,BID
2018-12-17 09:42:05,PG,95.57,15,ASK
2018-12-17 09:42:06,PG,95.54,8,BID
2018-12-17 09:42:06,PG,95.55,6,ASK
2018-12-17 09:42:06,PG,95.55,5,BID
2018-12-17 09:42:06,PG,95.56,8,ASK
2018-12-17 09:42:08,PG,95.54,2,BID
2018-12-17 09:42:08,PG,95.55,8,ASK
2018-12-17 09:42:09,PG,95.53,4,BID
2018-12-17 09:42:09,PG,95.54,5,ASK
2018-12-17 09:42:10,PG,95.49,12,BID
2018-12-17 09:42:10,PG,95.5,6,ASK
2018-12-17 09:41:39,PG,95.48,13,BID
2018-12-17 09:42:10,PG,95.5,9,ASK
2018-12-17 09:42:12,PG,95.48,13,BID
2018-12-17 09:42:12,PG,95.5,12,ASK
2018-12-17 09:42:13,PG,95.48,17,BID
2018-12-17 09:42:13,PG,95.49,6,ASK
2018-12-17 09:42:13,PG,95.48,21,BID
2018-12-17 09:42:13,PG,95.5,13,ASK
2018-12-17 09:42:15,PG,95.49,2,BID
2018-12-17 09:42:13,PG,95.5,12,ASK
2018-12-17 09:42:15,PG,95.49,2,BID
2018-12-17 09:42:13,PG,95.5,12,ASK
2018-12-17 09:42:16,PG,95.49,2,BID
2018-12-17 09:42:16,PG,95.5,13,ASK
2018-12-17 09:42:16,PG,95.49,2,BID
2018-12-17 09:42:16,PG,95.5,13,ASK
2018-12-17 09:42:19,PG,95.46,6,BID
2018-12-17 09:42:19,PG,95.48,3,ASK
2018-12-17 09:42:19,PG,95.46,8,BID
2018-12-17 09:42:19,PG,95.47,2,ASK
2018-12-17 09:42:21,PG,95.46,9,BID
2018-12-17 09:42:20,PG,95.47,6,ASK
2018-12-17 09:42:22,PG,95.47,12,BID
2018-12-17 09:42:22,PG,95.48,10,ASK
2018-12-17 09:42:23,PG,95.47,4,BID
2018-12-17 09:42:23,PG,95.48,10,ASK
2018-12-17 09:42:24,PG,95.47,7,BID
2018-12-17 09:42:24,PG,95.48,10,ASK
2018-12-17 09:42:25,PG,95.5,13,BID
2018-12-17 09:42:25,PG,95.51,4,ASK
2018-12-17 09:42:26,PG,95.5,13,BID
2018-12-17 09:42:26,PG,95.51,9,ASK
2018-12-17 09:42:26,PG,95.49,3,BID
2018-12-17 09:42:26,PG,95.51,15,ASK
2018-12-17 09:42:26,PG,95.49,3,BID
2018-12-17 09:42:26,PG,95.51,13,ASK
2018-12-17 09:42:29,PG,95.49,7,BID
2018-12-17 09:42:26,PG,95.51,10,ASK
2018-12-17 09:42:30,PG,95.49,8,BID
2018-12-17 09:42:26,PG,95.51,12,ASK
2018-12-17 09:42:30,PG,95.49,8,BID
2018-12-17 09:42:26,PG,95.51,12,ASK
2018-12-17 09:42:30,PG,95.49,8,BID
2018-12-17 09:42:26,PG,95.51,12,ASK
2018-12-17 09:42:30,PG,95.49,8,BID
2018-12-17 09:42:26,PG,95.51,12,ASK
2018-12-17 09:42:30,PG,95.49,8,BID
2018-12-17 09:42:26,PG,95.51,12,ASK
2018-12-17 09:42:35,PG,95.51,1,BID
2018-12-17 09:42:35,PG,95.53,14,ASK
2018-12-17 09:42:35,PG,95.51,11,BID
2018-12-17 09:42:09,PG,95.54,13,ASK
2018-12-17 09:42:35,PG,95.51,5,BID
2018-12-17 09:42:37,PG,95.53,5,ASK
2018-12-17 09:42:35,PG,95.51,6,BID
2018-12-17 09:42:38,PG,95.53,6,ASK
2018-12-17 09:42:35,PG,95.51,6,BID
2018-12-17 09:42:38,PG,95.53,8,ASK
2018-12-17 09:42:40,PG,95.49,11,BID
2018-12-17 09:42:40,PG,95.5,3,ASK
2018-12-17 09:42:41,PG,95.48,10,BID
2018-12-17 09:42:40,PG,95.5,11,ASK
2018-12-17 09:42:41,PG,95.5,7,BID
2018-12-17 09:42:41,PG,95.52,42,ASK
2018-12-17 09:42:42,PG,95.5,8,BID
2018-12-17 09:42:42,PG,95.52,42,ASK
2018-12-17 09:42:44,PG,95.5,7,BID
2018-12-17 09:42:44,PG,95.52,42,ASK
2018-12-17 09:42:45,PG,95.49,9,BID
2018-12-17 09:42:45,PG,95.51,14,ASK
2018-12-17 09:42:46,PG,95.49,9,BID
2018-12-17 09:42:46,PG,95.5,6,ASK
2018-12-17 09:42:47,PG,95.49,9,BID
2018-12-17 09:42:46,PG,95.51,9,ASK
2018-12-17 09:42:48,PG,95.49,9,BID
2018-12-17 09:42:48,PG,95.5,5,ASK
2018-12-17 09:42:48,PG,95.49,9,BID
2018-12-17 09:42:48,PG,95.5,5,ASK
2018-12-17 09:42:48,PG,95.49,9,BID
2018-12-17 09:42:48,PG,95.5,5,ASK
2018-12-17 09:42:51,PG,95.47,10,BID
2018-12-17 09:42:51,PG,95.49,18,ASK
2018-12-17 09:42:51,PG,95.47,9,BID
2018-12-17 09:42:52,PG,95.48,2,ASK
2018-12-17 09:42:53,PG,95.48,11,BID
2018-12-17 09:42:53,PG,95.49,6,ASK
2018-12-17 09:42:54,PG,95.47,11,BID
2018-12-17 09:42:54,PG,95.49,14,ASK
2018-12-17 09:42:54,PG,95.47,11,BID
2018-12-17 09:42:55,PG,95.49,14,ASK
2018-12-17 09:42:54,PG,95.47,9,BID
2018-12-17 09:42:55,PG,95.49,14,ASK
2018-12-17 09:42:54,PG,95.47,13,BID
2018-12-17 09:42:57,PG,95.49,13,ASK
2018-12-17 09:42:54,PG,95.47,12,BID
2018-12-17 09:42:58,PG,95.49,13,ASK
2018-12-17 09:42:54,PG,95.47,11,BID
2018-12-17 09:42:59,PG,95.49,13,ASK
2018-12-17 09:43:00,PG,95.5,2,BID
2018-12-17 09:42:47,PG,95.51,9,ASK
2018-12-17 09:43:00,PG,95.5,2,BID
2018-12-17 09:42:47,PG,95.51,9,ASK
2018-12-17 09:43:02,PG,95.52,8,BID
2018-12-17 09:43:02,PG,95.53,17,ASK
2018-12-17 09:43:03,PG,95.54,5,BID
2018-12-17 09:43:03,PG,95.55,1,ASK
2018-12-17 09:43:04,PG,95.55,4,BID
2018-12-17 09:43:04,PG,95.56,12,ASK
2018-12-17 09:43:05,PG,95.56,3,BID
2018-12-17 09:43:05,PG,95.58,10,ASK
2018-12-17 09:43:06,PG,95.52,12,BID
2018-12-17 09:43:06,PG,95.55,10,ASK
2018-12-17 09:43:07,PG,95.53,9,BID
2018-12-17 09:43:07,PG,95.55,8,ASK
2018-12-17 09:43:08,PG,95.54,1,BID
2018-12-17 09:43:08,PG,95.55,7,ASK
2018-12-17 09:43:09,PG,95.52,13,BID
2018-12-17 09:43:09,PG,95.55,10,ASK
2018-12-17 09:43:10,PG,95.52,11,BID
2018-12-17 09:43:10,PG,95.53,7,ASK
2018-12-17 09:43:02,PG,95.51,11,BID
2018-12-17 09:43:10,PG,95.53,11,ASK
2018-12-17 09:43:12,PG,95.49,9,BID
2018-12-17 09:43:12,PG,95.5,4,ASK
2018-12-17 09:43:12,PG,95.49,15,BID
2018-12-17 09:43:11,PG,95.52,16,ASK
2018-12-17 09:43:12,PG,95.49,14,BID
2018-12-17 09:43:11,PG,95.52,16,ASK
2018-12-17 09:43:12,PG,95.49,13,BID
2018-12-17 09:43:11,PG,95.52,16,ASK
2018-12-17 09:43:16,PG,95.48,8,BID
2018-12-17 09:43:16,PG,95.49,2,ASK
2018-12-17 09:43:17,PG,95.47,13,BID
2018-12-17 09:43:17,PG,95.49,2,ASK
2018-12-17 09:43:18,PG,95.47,2,BID
2018-12-17 09:43:18,PG,95.48,8,ASK
2018-12-17 09:43:19,PG,95.45,10,BID
2018-12-17 09:43:19,PG,95.46,8,ASK
2018-12-17 09:43:19,PG,95.42,7,BID
2018-12-17 09:43:19,PG,95.44,4,ASK
2018-12-17 09:43:19,PG,95.42,7,BID
2018-12-17 09:43:19,PG,95.44,4,ASK
2018-12-17 09:43:20,PG,95.4,6,BID
2018-12-17 09:43:20,PG,95.41,1,ASK
2018-12-17 09:43:21,PG,95.38,6,BID
2018-12-17 09:43:21,PG,95.41,10,ASK
2018-12-17 09:43:21,PG,95.38,7,BID
2018-12-17 09:43:21,PG,95.4,4,ASK
2018-12-17 09:43:21,PG,95.38,7,BID
2018-12-17 09:43:21,PG,95.4,4,ASK
2018-12-17 09:43:22,PG,95.38,7,BID
2018-12-17 09:43:22,PG,95.4,4,ASK
2018-12-17 09:43:22,PG,95.34,3,BID
2018-12-17 09:43:22,PG,95.37,10,ASK
2018-12-17 09:43:23,PG,95.36,3,BID
2018-12-17 09:43:23,PG,95.38,7,ASK
2018-12-17 09:43:24,PG,95.36,4,BID
2018-12-17 09:43:24,PG,95.37,1,ASK
2018-12-17 09:43:24,PG,95.36,6,BID
2018-12-17 09:43:24,PG,95.38,9,ASK
2018-12-17 09:43:26,PG,95.35,6,BID
2018-12-17 09:43:26,PG,95.37,3,ASK
2018-12-17 09:43:26,PG,95.35,6,BID
2018-12-17 09:43:28,PG,95.37,10,ASK
2018-12-17 09:43:29,PG,95.39,4,BID
2018-12-17 09:43:29,PG,95.4,43,ASK
2018-12-17 09:43:30,PG,95.36,14,BID
2018-12-17 09:43:30,PG,95.37,7,ASK
2018-12-17 09:43:31,PG,95.37,9,BID
2018-12-17 09:43:31,PG,95.39,14,ASK
2018-12-17 09:43:31,PG,95.36,17,BID
2018-12-17 09:43:32,PG,95.37,12,ASK
2018-12-17 09:43:34,PG,95.38,6,BID
2018-12-17 09:43:34,PG,95.39,15,ASK
2018-12-17 09:43:36,PG,95.39,6,BID
2018-12-17 09:43:29,PG,95.4,32,ASK
2018-12-17 09:43:37,PG,95.38,7,BID
2018-12-17 09:43:29,PG,95.4,32,ASK
2018-12-17 09:43:38,PG,95.37,9,BID
2018-12-17 09:43:38,PG,95.38,7,ASK
2018-12-17 09:43:39,PG,95.37,2,BID
2018-12-17 09:43:39,PG,95.38,8,ASK
2018-12-17 09:43:39,PG,95.37,7,BID
2018-12-17 09:43:39,PG,95.39,11,ASK
2018-12-17 09:43:40,PG,95.37,9,BID
2018-12-17 09:43:40,PG,95.38,1,ASK
2018-12-17 09:43:40,PG,95.37,9,BID
2018-12-17 09:43:42,PG,95.39,11,ASK
2018-12-17 09:43:42,PG,95.38,2,BID
2018-12-17 09:43:29,PG,95.4,32,ASK
2018-12-17 09:43:45,PG,95.38,6,BID
2018-12-17 09:43:29,PG,95.4,32,ASK
2018-12-17 09:43:46,PG,95.38,5,BID
2018-12-17 09:43:29,PG,95.4,32,ASK
2018-12-17 09:43:48,PG,95.38,5,BID
2018-12-17 09:43:29,PG,95.4,32,ASK
2018-12-17 09:43:49,PG,95.38,5,BID
2018-12-17 09:43:29,PG,95.4,32,ASK
2018-12-17 09:43:49,PG,95.38,5,BID
2018-12-17 09:43:50,PG,95.4,8,ASK
2018-12-17 09:43:51,PG,95.4,6,BID
2018-12-17 09:43:51,PG,95.42,8,ASK
2018-12-17 09:43:52,PG,95.42,7,BID
2018-12-17 09:43:52,PG,95.44,11,ASK
2018-12-17 09:43:53,PG,95.45,3,BID
2018-12-17 09:43:53,PG,95.46,12,ASK
2018-12-17 09:43:54,PG,95.43,10,BID
2018-12-17 09:43:54,PG,95.45,10,ASK
2018-12-17 09:43:55,PG,95.46,3,BID
2018-12-17 09:43:55,PG,95.48,21,ASK
2018-12-17 09:43:56,PG,95.46,5,BID
2018-12-17 09:43:55,PG,95.48,21,ASK
2018-12-17 09:43:56,PG,95.46,4,BID
2018-12-17 09:43:55,PG,95.48,22,ASK
2018-12-17 09:43:58,PG,95.49,8,BID
2018-12-17 09:43:59,PG,95.5,2,ASK
2018-12-17 09:43:58,PG,95.49,9,BID
2018-12-17 09:43:58,PG,95.51,10,ASK
2018-12-17 09:43:58,PG,95.49,8,BID
2018-12-17 09:43:58,PG,95.51,10,ASK
2018-12-17 09:44:01,PG,95.46,14,BID
2018-12-17 09:44:01,PG,95.49,14,ASK
2018-12-17 09:44:02,PG,95.46,14,BID
2018-12-17 09:44:02,PG,95.49,12,ASK
2018-12-17 09:44:03,PG,95.49,15,BID
2018-12-17 09:43:58,PG,95.51,15,ASK
2018-12-17 09:44:04,PG,95.51,2,BID
2018-12-17 09:43:11,PG,95.52,19,ASK
2018-12-17 09:44:05,PG,95.52,5,BID
2018-12-17 09:43:10,PG,95.53,19,ASK
2018-12-17 09:44:03,PG,95.49,13,BID
2018-12-17 09:44:05,PG,95.51,17,ASK
2018-12-17 09:44:02,PG,95.46,14,BID
2018-12-17 09:44:06,PG,95.49,11,ASK
2018-12-17 09:44:07,PG,95.46,16,BID
2018-12-17 09:44:07,PG,95.47,5,ASK
2018-12-17 09:44:07,PG,95.46,17,BID
2018-12-17 09:44:07,PG,95.47,4,ASK
2018-12-17 09:44:10,PG,95.48,8,BID
2018-12-17 09:44:05,PG,95.51,15,ASK
2018-12-17 09:44:10,PG,95.48,7,BID
2018-12-17 09:44:11,PG,95.49,1,ASK
2018-12-17 09:44:11,PG,95.48,7,BID
2018-12-17 09:44:11,PG,95.5,16,ASK
2018-12-17 09:44:12,PG,95.41,15,BID
2018-12-17 09:44:11,PG,95.43,10,ASK
2018-12-17 09:44:12,PG,95.41,14,BID
2018-12-17 09:44:11,PG,95.43,13,ASK
2018-12-17 09:44:15,PG,95.41,14,BID
2018-12-17 09:44:11,PG,95.43,13,ASK
2018-12-17 09:44:15,PG,95.41,14,BID
2018-12-17 09:44:11,PG,95.43,12,ASK
2018-12-17 09:44:15,PG,95.41,14,BID
2018-12-17 09:44:11,PG,95.43,12,ASK
2018-12-17 09:44:15,PG,95.41,14,BID
2018-12-17 09:44:11,PG,95.43,12,ASK
2018-12-17 09:44:15,PG,95.41,14,BID
2018-12-17 09:44:11,PG,95.43,12,ASK
2018-12-17 09:44:20,PG,95.44,8,BID
2018-12-17 09:44:20,PG,95.45,3,ASK
2018-12-17 09:44:21,PG,95.45,3,BID
2018-12-17 09:44:21,PG,95.46,1,ASK
2018-12-17 09:44:22,PG,95.46,1,BID
2018-12-17 09:44:22,PG,95.47,11,ASK
2018-12-17 09:44:23,PG,95.46,8,BID
2018-12-17 09:44:23,PG,95.47,1,ASK
2018-12-17 09:44:24,PG,95.47,2,BID
2018-12-17 09:44:24,PG,95.48,1,ASK
2018-12-17 09:44:25,PG,95.47,3,BID
2018-12-17 09:44:24,PG,95.49,16,ASK
2018-12-17 09:44:25,PG,95.47,3,BID
2018-12-17 09:44:24,PG,95.49,16,ASK
2018-12-17 09:44:27,PG,95.46,3,BID
2018-12-17 09:44:27,PG,95.47,8,ASK
2018-12-17 09:44:27,PG,95.46,3,BID
2018-12-17 09:44:27,PG,95.47,8,ASK
2018-12-17 09:44:27,PG,95.45,10,BID
2018-12-17 09:44:27,PG,95.47,8,ASK
2018-12-17 09:44:27,PG,95.45,10,BID
2018-12-17 09:44:27,PG,95.47,8,ASK
2018-12-17 09:44:27,PG,95.45,10,BID
2018-12-17 09:44:27,PG,95.47,8,ASK
2018-12-17 09:44:32,PG,95.45,16,BID
2018-12-17 09:44:27,PG,95.47,8,ASK
2018-12-17 09:44:33,PG,95.45,16,BID
2018-12-17 09:44:27,PG,95.47,9,ASK
2018-12-17 09:44:33,PG,95.45,16,BID
2018-12-17 09:44:27,PG,95.47,9,ASK
2018-12-17 09:44:35,PG,95.45,1,BID
2018-12-17 09:44:27,PG,95.47,10,ASK
2018-12-17 09:44:36,PG,95.44,9,BID
2018-12-17 09:44:27,PG,95.47,10,ASK
2018-12-17 09:44:36,PG,95.44,9,BID
2018-12-17 09:44:27,PG,95.47,10,ASK
2018-12-17 09:44:36,PG,95.44,8,BID
2018-12-17 09:44:27,PG,95.47,10,ASK
2018-12-17 09:44:36,PG,95.44,8,BID
2018-12-17 09:44:27,PG,95.47,10,ASK
2018-12-17 09:44:41,PG,95.47,3,BID
2018-12-17 09:44:41,PG,95.49,16,ASK
2018-12-17 09:44:41,PG,95.49,1,BID
2018-12-17 09:44:41,PG,95.5,8,ASK
2018-12-17 09:44:43,PG,95.5,4,BID
2018-12-17 09:44:43,PG,95.52,16,ASK
2018-12-17 09:44:43,PG,95.5,4,BID
2018-12-17 09:44:43,PG,95.52,14,ASK
2018-12-17 09:44:43,PG,95.5,4,BID
2018-12-17 09:44:43,PG,95.52,14,ASK
2018-12-17 09:44:45,PG,95.48,10,BID
2018-12-17 09:44:46,PG,95.49,2,ASK
2018-12-17 09:44:47,PG,95.47,10,BID
2018-12-17 09:44:47,PG,95.48,2,ASK
2018-12-17 09:44:47,PG,95.46,15,BID
2018-12-17 09:44:47,PG,95.48,6,ASK
2018-12-17 09:44:48,PG,95.46,15,BID
2018-12-17 09:44:48,PG,95.47,3,ASK
2018-12-17 09:44:49,PG,95.46,11,BID
2018-12-17 09:44:48,PG,95.48,10,ASK
2018-12-17 09:44:49,PG,95.46,11,BID
2018-12-17 09:44:48,PG,95.48,9,ASK
2018-12-17 09:44:49,PG,95.46,11,BID
2018-12-17 09:44:48,PG,95.48,9,ASK
2018-12-17 09:44:53,PG,95.46,12,BID
2018-12-17 09:44:52,PG,95.47,6,ASK
2018-12-17 09:44:53,PG,95.46,14,BID
2018-12-17 09:44:48,PG,95.48,6,ASK
2018-12-17 09:44:55,PG,95.46,13,BID
2018-12-17 09:44:55,PG,95.47,1,ASK
2018-12-17 09:44:48,PG,95.45,9,BID
2018-12-17 09:44:56,PG,95.46,3,ASK
2018-12-17 09:44:57,PG,95.41,19,BID
2018-12-17 09:44:57,PG,95.44,15,ASK
2018-12-17 09:44:57,PG,95.41,19,BID
2018-12-17 09:44:57,PG,95.43,1,ASK
2018-12-17 09:44:59,PG,95.42,4,BID
2018-12-17 09:44:58,PG,95.43,4,ASK
2018-12-17 09:44:59,PG,95.42,4,BID
2018-12-17 09:45:00,PG,95.44,16,ASK
2018-12-17 09:45:00,PG,95.45,3,BID
2018-12-17 09:45:00,PG,95.47,8,ASK
2018-12-17 09:45:01,PG,95.46,4,BID
2018-12-17 09:44:48,PG,95.48,6,ASK
2018-12-17 09:45:02,PG,95.47,2,BID
2018-12-17 09:45:02,PG,95.48,15,ASK
2018-12-17 09:45:02,PG,95.45,3,BID
2018-12-17 09:45:02,PG,95.47,15,ASK
2018-12-17 09:45:03,PG,95.44,9,BID
2018-12-17 09:45:03,PG,95.45,4,ASK
2018-12-17 09:45:05,PG,95.43,19,BID
2018-12-17 09:45:05,PG,95.46,17,ASK
2018-12-17 09:45:05,PG,95.43,18,BID
2018-12-17 09:45:07,PG,95.45,6,ASK
2018-12-17 09:45:05,PG,95.43,18,BID
2018-12-17 09:45:07,PG,95.45,5,ASK
2018-12-17 09:45:09,PG,95.44,10,BID
2018-12-17 09:45:09,PG,95.45,2,ASK
2018-12-17 09:45:09,PG,95.44,10,BID
2018-12-17 09:45:09,PG,95.46,14,ASK
2018-12-17 09:45:09,PG,95.44,10,BID
2018-12-17 09:45:09,PG,95.46,14,ASK
2018-12-17 09:45:11,PG,95.44,3,BID
2018-12-17 09:45:11,PG,95.46,16,ASK
2018-12-17 09:45:12,PG,95.44,11,BID
2018-12-17 09:45:12,PG,95.46,18,ASK
2018-12-17 09:45:13,PG,95.44,11,BID
2018-12-17 09:45:13,PG,95.46,12,ASK
2018-12-17 09:45:15,PG,95.45,4,BID
2018-12-17 09:45:15,PG,95.47,6,ASK
2018-12-17 09:45:15,PG,95.44,11,BID
2018-12-17 09:45:15,PG,95.46,7,ASK
2018-12-17 09:45:16,PG,95.44,11,BID
2018-12-17 09:45:16,PG,95.47,9,ASK
2018-12-17 09:45:17,PG,95.44,11,BID
2018-12-17 09:45:17,PG,95.46,10,ASK
2018-12-17 09:45:18,PG,95.45,1,BID
2018-12-17 09:45:18,PG,95.46,21,ASK
2018-12-17 09:45:19,PG,95.45,2,BID
2018-12-17 09:45:19,PG,95.47,14,ASK
2018-12-17 09:45:20,PG,95.45,8,BID
2018-12-17 09:45:19,PG,95.47,9,ASK
2018-12-17 09:45:21,PG,95.45,7,BID
2018-12-17 09:45:20,PG,95.47,6,ASK
2018-12-17 09:45:21,PG,95.45,8,BID
2018-12-17 09:45:21,PG,95.47,6,ASK
2018-12-17 09:45:22,PG,95.46,1,BID
2018-12-17 09:45:22,PG,95.48,16,ASK
2018-12-17 09:45:21,PG,95.45,6,BID
2018-12-17 09:45:23,PG,95.47,12,ASK
2018-12-17 09:45:24,PG,95.44,14,BID
2018-12-17 09:45:23,PG,95.47,13,ASK
2018-12-17 09:45:25,PG,95.45,3,BID
2018-12-17 09:45:23,PG,95.47,13,ASK
2018-12-17 09:45:26,PG,95.39,6,BID
2018-12-17 09:45:26,PG,95.42,10,ASK
2018-12-17 09:45:28,PG,95.35,9,BID
2018-12-17 09:45:28,PG,95.38,5,ASK
2018-12-17 09:45:29,PG,95.4,8,BID
2018-12-17 09:45:30,PG,95.42,1,ASK
2018-12-17 09:45:30,PG,95.4,7,BID
2018-12-17 09:45:30,PG,95.42,1,ASK
2018-12-17 09:45:30,PG,95.4,7,BID
2018-12-17 09:45:30,PG,95.42,1,ASK
2018-12-17 09:45:32,PG,95.4,8,BID
2018-12-17 09:45:33,PG,95.42,21,ASK
2018-12-17 09:45:29,PG,95.38,9,BID
2018-12-17 09:45:34,PG,95.4,9,ASK
2018-12-17 09:45:34,PG,95.39,3,BID
2018-12-17 09:45:34,PG,95.41,10,ASK
2018-12-17 09:45:35,PG,95.4,1,BID
2018-12-17 09:45:33,PG,95.42,21,ASK
2018-12-17 09:45:35,PG,95.4,3,BID
2018-12-17 09:45:33,PG,95.42,19,ASK
2018-12-17 09:45:35,PG,95.4,6,BID
2018-12-17 09:45:38,PG,95.42,14,ASK
2018-12-17 09:45:35,PG,95.4,9,BID
2018-12-17 09:45:39,PG,95.42,13,ASK
2018-12-17 09:45:39,PG,95.41,4,BID
2018-12-17 09:45:39,PG,95.42,11,ASK
2018-12-17 09:45:40,PG,95.41,7,BID
2018-12-17 09:45:40,PG,95.43,20,ASK
2018-12-17 09:45:40,PG,95.41,7,BID
2018-12-17 09:45:42,PG,95.42,2,ASK
2018-12-17 09:45:43,PG,95.41,9,BID
2018-12-17 09:45:40,PG,95.43,19,ASK
2018-12-17 09:45:43,PG,95.41,9,BID
2018-12-17 09:45:40,PG,95.43,14,ASK
2018-12-17 09:45:45,PG,95.42,1,BID
2018-12-17 09:45:40,PG,95.43,14,ASK
2018-12-17 09:45:45,PG,95.41,13,BID
2018-12-17 09:45:40,PG,95.43,16,ASK
2018-12-17 09:45:47,PG,95.42,1,BID
2018-12-17 09:45:40,PG,95.43,13,ASK
2018-12-17 09:45:45,PG,95.41,7,BID
2018-12-17 09:45:48,PG,95.42,9,ASK
2018-12-17 09:45:49,PG,95.41,8,BID
2018-12-17 09:45:40,PG,95.43,16,ASK
2018-12-17 09:45:50,PG,95.38,15,BID
2018-12-17 09:45:50,PG,95.4,18,ASK
2018-12-17 09:45:51,PG,95.36,11,BID
2018-12-17 09:45:51,PG,95.38,9,ASK
2018-12-17 09:45:51,PG,95.35,3,BID
2018-12-17 09:45:51,PG,95.36,7,ASK
2018-12-17 09:45:51,PG,95.34,7,BID
2018-12-17 09:45:53,PG,95.35,19,ASK
2018-12-17 09:45:54,PG,95.36,5,BID
2018-12-17 09:45:54,PG,95.37,15,ASK
2018-12-17 09:45:54,PG,95.37,7,BID
2018-12-17 09:45:54,PG,95.38,7,ASK
2018-12-17 09:45:56,PG,95.35,15,BID
2018-12-17 09:45:56,PG,95.37,8,ASK
2018-12-17 09:45:56,PG,95.36,1,BID
2018-12-17 09:45:56,PG,95.37,9,ASK
2018-12-17 09:45:57,PG,95.36,4,BID
2018-12-17 09:45:57,PG,95.38,8,ASK
2018-12-17 09:45:57,PG,95.36,4,BID
2018-12-17 09:45:57,PG,95.38,9,ASK
2018-12-17 09:46:00,PG,95.36,5,BID
2018-12-17 09:45:57,PG,95.38,9,ASK
2018-12-17 09:46:01,PG,95.36,5,BID
2018-12-17 09:45:57,PG,95.38,9,ASK
2018-12-17 09:46:01,PG,95.36,7,BID
2018-12-17 09:45:57,PG,95.38,9,ASK
2018-12-17 09:46:03,PG,95.36,6,BID
2018-12-17 09:46:03,PG,95.37,2,ASK
2018-12-17 09:46:03,PG,95.36,6,BID
2018-12-17 09:45:57,PG,95.38,9,ASK
2018-12-17 09:46:03,PG,95.36,6,BID
2018-12-17 09:45:57,PG,95.38,9,ASK
2018-12-17 09:46:06,PG,95.35,1,BID
2018-12-17 09:46:06,PG,95.36,14,ASK
2018-12-17 09:46:07,PG,95.32,8,BID
2018-12-17 09:46:07,PG,95.34,3,ASK
2018-12-17 09:46:08,PG,95.31,8,BID
2018-12-17 09:46:07,PG,95.33,5,ASK
2018-12-17 09:46:09,PG,95.33,10,BID
2018-12-17 09:46:09,PG,95.35,15,ASK
2018-12-17 09:46:09,PG,95.33,10,BID
2018-12-17 09:46:09,PG,95.35,17,ASK
2018-12-17 09:46:11,PG,95.34,1,BID
2018-12-17 09:46:11,PG,95.35,1,ASK
2018-12-17 09:46:12,PG,95.34,3,BID
2018-12-17 09:46:11,PG,95.35,3,ASK
2018-12-17 09:46:13,PG,95.34,4,BID
2018-12-17 09:46:13,PG,95.35,3,ASK
2018-12-17 09:46:14,PG,95.35,3,BID
2018-12-17 09:46:14,PG,95.36,11,ASK
2018-12-17 09:46:15,PG,95.35,6,BID
2018-12-17 09:46:15,PG,95.37,14,ASK
2018-12-17 09:46:08,PG,95.31,12,BID
2018-12-17 09:46:16,PG,95.34,8,ASK
2018-12-17 09:46:16,PG,95.31,12,BID
2018-12-17 09:46:17,PG,95.32,3,ASK
2018-12-17 09:46:16,PG,95.31,12,BID
2018-12-17 09:46:18,PG,95.32,6,ASK
2018-12-17 09:46:19,PG,95.32,4,BID
2018-12-17 09:46:19,PG,95.34,8,ASK
2018-12-17 09:46:20,PG,95.32,5,BID
2018-12-17 09:46:20,PG,95.34,8,ASK
2018-12-17 09:46:20,PG,95.32,6,BID
2018-12-17 09:46:21,PG,95.35,19,ASK
2018-12-17 09:46:16,PG,95.31,8,BID
2018-12-17 09:46:22,PG,95.32,5,ASK
2018-12-17 09:46:16,PG,95.31,8,BID
2018-12-17 09:46:22,PG,95.32,5,ASK
2018-12-17 09:46:16,PG,95.31,8,BID
2018-12-17 09:46:22,PG,95.33,13,ASK
2018-12-17 09:46:16,PG,95.31,8,BID
2018-12-17 09:46:22,PG,95.33,13,ASK
2018-12-17 09:46:16,PG,95.31,9,BID
2018-12-17 09:46:26,PG,95.32,12,ASK
2018-12-17 09:46:16,PG,95.31,9,BID
2018-12-17 09:46:26,PG,95.32,12,ASK
2018-12-17 09:46:28,PG,95.31,1,BID
2018-12-17 09:46:28,PG,95.32,14,ASK
2018-12-17 09:46:28,PG,95.31,1,BID
2018-12-17 09:46:28,PG,95.32,14,ASK
2018-12-17 09:46:30,PG,95.3,6,BID
2018-12-17 09:46:28,PG,95.32,15,ASK
2018-12-17 09:46:31,PG,95.31,1,BID
2018-12-17 09:46:28,PG,95.32,14,ASK
2018-12-17 09:46:31,PG,95.34,2,BID
2018-12-17 09:46:31,PG,95.36,3,ASK
2018-12-17 09:46:32,PG,95.36,3,BID
2018-12-17 09:46:32,PG,95.38,13,ASK
2018-12-17 09:46:32,PG,95.36,4,BID
2018-12-17 09:46:32,PG,95.38,7,ASK
2018-12-17 09:46:32,PG,95.36,4,BID
2018-12-17 09:46:32,PG,95.38,7,ASK
2018-12-17 09:46:33,PG,95.36,4,BID
2018-12-17 09:46:33,PG,95.38,7,ASK
2018-12-17 09:46:37,PG,95.36,5,BID
2018-12-17 09:46:37,PG,95.38,7,ASK
2018-12-17 09:46:38,PG,95.36,5,BID
2018-12-17 09:46:38,PG,95.38,7,ASK
2018-12-17 09:46:38,PG,95.36,5,BID
2018-12-17 09:46:38,PG,95.38,7,ASK
2018-12-17 09:46:40,PG,95.37,4,BID
2018-12-17 09:46:40,PG,95.38,6,ASK
2018-12-17 09:46:41,PG,95.34,8,BID
2018-12-17 09:46:41,PG,95.37,10,ASK
2018-12-17 09:46:42,PG,95.32,17,BID
2018-12-17 09:46:42,PG,95.34,3,ASK
2018-12-17 09:46:42,PG,95.32,17,BID
2018-12-17 09:46:42,PG,95.34,3,ASK
2018-12-17 09:46:42,PG,95.32,16,BID
2018-12-17 09:46:44,PG,95.34,2,ASK
2018-12-17 09:46:42,PG,95.32,17,BID
2018-12-17 09:46:41,PG,95.35,14,ASK
2018-12-17 09:46:42,PG,95.32,17,BID
2018-12-17 09:46:41,PG,95.35,14,ASK
2018-12-17 09:46:42,PG,95.32,17,BID
2018-12-17 09:46:47,PG,95.35,10,ASK
2018-12-17 09:46:42,PG,95.32,17,BID
2018-12-17 09:46:47,PG,95.35,10,ASK
2018-12-17 09:46:42,PG,95.32,17,BID
2018-12-17 09:46:47,PG,95.35,10,ASK
2018-12-17 09:46:42,PG,95.32,17,BID
2018-12-17 09:46:47,PG,95.35,10,ASK
2018-12-17 09:46:51,PG,95.31,10,BID
2018-12-17 09:46:50,PG,95.34,8,ASK
2018-12-17 09:46:51,PG,95.31,10,BID
2018-12-17 09:46:50,PG,95.34,8,ASK
2018-12-17 09:46:51,PG,95.31,10,BID
2018-12-17 09:46:50,PG,95.34,8,ASK
2018-12-17 09:46:54,PG,95.31,12,BID
2018-12-17 09:46:54,PG,95.33,4,ASK
2018-12-17 09:46:54,PG,95.31,11,BID
2018-12-17 09:46:54,PG,95.33,4,ASK
2018-12-17 09:46:54,PG,95.31,8,BID
2018-12-17 09:46:54,PG,95.33,4,ASK
2018-12-17 09:46:57,PG,95.29,10,BID
2018-12-17 09:46:57,PG,95.31,11,ASK
2018-12-17 09:46:58,PG,95.3,3,BID
2018-12-17 09:46:58,PG,95.33,7,ASK
2018-12-17 09:46:59,PG,95.3,3,BID
2018-12-17 09:46:59,PG,95.33,7,ASK
2018-12-17 09:47:00,PG,95.3,4,BID
2018-12-17 09:47:00,PG,95.32,6,ASK
2018-12-17 09:47:00,PG,95.3,11,BID
2018-12-17 09:47:01,PG,95.33,8,ASK
2018-12-17 09:47:00,PG,95.3,12,BID
2018-12-17 09:47:02,PG,95.33,8,ASK
2018-12-17 09:47:03,PG,95.34,1,BID
2018-12-17 09:47:03,PG,95.35,13,ASK
2018-12-17 09:47:03,PG,95.33,8,BID
2018-12-17 09:47:03,PG,95.35,12,ASK
2018-12-17 09:47:05,PG,95.32,4,BID
2018-12-17 09:47:05,PG,95.34,10,ASK
2018-12-17 09:47:05,PG,95.31,8,BID
2018-12-17 09:47:06,PG,95.34,13,ASK
2018-12-17 09:47:06,PG,95.3,11,BID
2018-12-17 09:47:07,PG,95.32,10,ASK
2018-12-17 09:47:06,PG,95.3,11,BID
2018-12-17 09:47:07,PG,95.32,10,ASK
2018-12-17 09:47:06,PG,95.3,13,BID
2018-12-17 09:47:09,PG,95.32,8,ASK
2018-12-17 09:47:09,PG,95.3,11,BID
2018-12-17 09:47:09,PG,95.32,7,ASK
2018-12-17 09:47:09,PG,95.3,11,BID
2018-12-17 09:47:10,PG,95.32,7,ASK
2018-12-17 09:47:09,PG,95.3,11,BID
2018-12-17 09:47:10,PG,95.32,7,ASK
2018-12-17 09:46:28,PG,95.28,11,BID
2018-12-17 09:47:13,PG,95.3,7,ASK
2018-12-17 09:46:28,PG,95.28,11,BID
2018-12-17 09:47:13,PG,95.3,7,ASK
2018-12-17 09:46:28,PG,95.28,11,BID
2018-12-17 09:47:13,PG,95.3,7,ASK
2018-12-17 09:46:28,PG,95.28,11,BID
2018-12-17 09:47:13,PG,95.3,7,ASK
2018-12-17 09:46:28,PG,95.28,10,BID
2018-12-17 09:47:13,PG,95.3,7,ASK
2018-12-17 09:47:18,PG,95.26,10,BID
2018-12-17 09:47:18,PG,95.28,18,ASK
2018-12-17 09:47:18,PG,95.26,10,BID
2018-12-17 09:47:18,PG,95.28,18,ASK
2018-12-17 09:47:18,PG,95.26,10,BID
2018-12-17 09:47:18,PG,95.28,18,ASK
2018-12-17 09:47:18,PG,95.26,10,BID
2018-12-17 09:47:18,PG,95.28,18,ASK
2018-12-17 09:47:22,PG,95.26,10,BID
2018-12-17 09:47:22,PG,95.28,12,ASK
2018-12-17 09:47:22,PG,95.26,10,BID
2018-12-17 09:47:22,PG,95.28,12,ASK
2018-12-17 09:47:24,PG,95.26,10,BID
2018-12-17 09:47:22,PG,95.28,15,ASK
2018-12-17 09:47:25,PG,95.26,9,BID
2018-12-17 09:47:22,PG,95.28,15,ASK
2018-12-17 09:47:26,PG,95.27,1,BID
2018-12-17 09:47:22,PG,95.28,14,ASK
2018-12-17 09:47:27,PG,95.28,9,BID
2018-12-17 09:47:27,PG,95.29,7,ASK
2018-12-17 09:47:28,PG,95.27,1,BID
2018-12-17 09:47:28,PG,95.28,14,ASK
2018-12-17 09:47:29,PG,95.27,1,BID
2018-12-17 09:47:29,PG,95.28,19,ASK
2018-12-17 09:47:30,PG,95.27,3,BID
2018-12-17 09:47:30,PG,95.28,19,ASK
2018-12-17 09:47:31,PG,95.28,5,BID
2018-12-17 09:47:28,PG,95.29,10,ASK
2018-12-17 09:47:32,PG,95.28,15,BID
2018-12-17 09:47:32,PG,95.31,7,ASK
2018-12-17 09:47:33,PG,95.31,1,BID
2018-12-17 09:47:33,PG,95.33,4,ASK
2018-12-17 09:47:34,PG,95.33,2,BID
2018-12-17 09:47:34,PG,95.34,11,ASK
2018-12-17 09:47:35,PG,95.32,4,BID
2018-12-17 09:47:35,PG,95.34,11,ASK
2018-12-17 09:47:35,PG,95.32,4,BID
2018-12-17 09:47:35,PG,95.34,11,ASK
2018-12-17 09:47:37,PG,95.33,5,BID
2018-12-17 09:47:37,PG,95.35,17,ASK
2018-12-17 09:47:38,PG,95.33,6,BID
2018-12-17 09:47:37,PG,95.35,17,ASK
2018-12-17 09:47:38,PG,95.33,6,BID
2018-12-17 09:47:37,PG,95.35,17,ASK
2018-12-17 09:47:38,PG,95.33,5,BID
2018-12-17 09:47:37,PG,95.35,17,ASK
2018-12-17 09:47:37,PG,95.32,10,BID
2018-12-17 09:47:41,PG,95.33,5,ASK
2018-12-17 09:47:37,PG,95.32,10,BID
2018-12-17 09:47:42,PG,95.34,11,ASK
2018-12-17 09:47:37,PG,95.32,10,BID
2018-12-17 09:47:43,PG,95.33,3,ASK
2018-12-17 09:47:44,PG,95.29,7,BID
2018-12-17 09:47:44,PG,95.31,7,ASK
2018-12-17 09:47:45,PG,95.27,5,BID
2018-12-17 09:47:45,PG,95.29,9,ASK
2018-12-17 09:47:45,PG,95.27,5,BID
2018-12-17 09:47:45,PG,95.29,8,ASK
2018-12-17 09:47:47,PG,95.25,6,BID
2018-12-17 09:47:47,PG,95.27,5,ASK
2018-12-17 09:47:47,PG,95.25,4,BID
2018-12-17 09:47:47,PG,95.27,5,ASK
2018-12-17 09:47:47,PG,95.25,4,BID
2018-12-17 09:47:47,PG,95.27,5,ASK
2018-12-17 09:47:47,PG,95.25,4,BID
2018-12-17 09:47:50,PG,95.26,3,ASK
2018-12-17 09:47:52,PG,95.27,1,BID
2018-12-17 09:47:52,PG,95.29,9,ASK
2018-12-17 09:47:53,PG,95.27,12,BID
2018-12-17 09:47:53,PG,95.29,2,ASK
2018-12-17 09:47:53,PG,95.27,12,BID
2018-12-17 09:47:53,PG,95.29,8,ASK
2018-12-17 09:47:53,PG,95.27,11,BID
2018-12-17 09:47:54,PG,95.29,8,ASK
2018-12-17 09:47:53,PG,95.27,10,BID
2018-12-17 09:47:55,PG,95.29,12,ASK
2018-12-17 09:47:53,PG,95.27,14,BID
2018-12-17 09:47:56,PG,95.3,8,ASK
2018-12-17 09:47:57,PG,95.29,1,BID
2018-12-17 09:47:57,PG,95.31,14,ASK
2018-12-17 09:47:58,PG,95.31,4,BID
2018-12-17 09:47:43,PG,95.33,12,ASK
2018-12-17 09:47:59,PG,95.31,6,BID
2018-12-17 09:47:59,PG,95.32,3,ASK
2018-12-17 09:48:00,PG,95.3,6,BID
2018-12-17 09:48:00,PG,95.31,12,ASK
2018-12-17 09:48:01,PG,95.3,7,BID
2018-12-17 09:48:01,PG,95.32,7,ASK
2018-12-17 09:48:01,PG,95.3,7,BID
2018-12-17 09:48:01,PG,95.32,7,ASK
2018-12-17 09:48:03,PG,95.3,7,BID
2018-12-17 09:48:01,PG,95.32,7,ASK
2018-12-17 09:48:03,PG,95.3,7,BID
2018-12-17 09:48:01,PG,95.32,7,ASK
2018-12-17 09:48:03,PG,95.3,7,BID
2018-12-17 09:48:01,PG,95.32,7,ASK
2018-12-17 09:48:03,PG,95.3,7,BID
2018-12-17 09:48:01,PG,95.32,7,ASK
2018-12-17 09:48:07,PG,95.3,7,BID
2018-12-17 09:48:07,PG,95.31,15,ASK
2018-12-17 09:48:07,PG,95.3,7,BID
2018-12-17 09:48:07,PG,95.31,15,ASK
2018-12-17 09:48:07,PG,95.3,7,BID
2018-12-17 09:48:09,PG,95.31,15,ASK
2018-12-17 09:48:10,PG,95.28,7,BID
2018-12-17 09:48:10,PG,95.3,25,ASK
2018-12-17 09:48:10,PG,95.28,8,BID
2018-12-17 09:48:11,PG,95.3,15,ASK
2018-12-17 09:47:53,PG,95.27,8,BID
2018-12-17 09:48:12,PG,95.29,9,ASK
2018-12-17 09:48:12,PG,95.27,8,BID
2018-12-17 09:48:12,PG,95.29,9,ASK
2018-12-17 09:48:15,PG,95.29,3,BID
2018-12-17 09:48:15,PG,95.3,5,ASK
2018-12-17 09:48:15,PG,95.29,3,BID
2018-12-17 09:48:15,PG,95.3,4,ASK
2018-12-17 09:48:12,PG,95.27,8,BID
2018-12-17 09:48:16,PG,95.29,9,ASK
2018-12-17 09:48:17,PG,95.27,8,BID
2018-12-17 09:48:16,PG,95.29,9,ASK
2018-12-17 09:48:18,PG,95.27,8,BID
2018-12-17 09:48:18,PG,95.29,14,ASK
2018-12-17 09:48:18,PG,95.27,8,BID
2018-12-17 09:48:19,PG,95.29,12,ASK
2018-12-17 09:48:18,PG,95.27,8,BID
2018-12-17 09:48:20,PG,95.29,7,ASK
2018-12-17 09:48:18,PG,95.27,8,BID
2018-12-17 09:48:20,PG,95.29,8,ASK
2018-12-17 09:48:22,PG,95.27,2,BID
2018-12-17 09:48:22,PG,95.29,11,ASK
2018-12-17 09:48:22,PG,95.27,2,BID
2018-12-17 09:48:22,PG,95.29,11,ASK
2018-12-17 09:48:25,PG,95.29,3,BID
2018-12-17 09:48:07,PG,95.31,19,ASK
2018-12-17 09:48:26,PG,95.29,10,BID
2018-12-17 09:48:07,PG,95.31,17,ASK
2018-12-17 09:48:26,PG,95.28,5,BID
2018-12-17 09:48:26,PG,95.3,10,ASK
2018-12-17 09:48:26,PG,95.28,5,BID
2018-12-17 09:48:26,PG,95.3,10,ASK
2018-12-17 09:48:28,PG,95.29,2,BID
2018-12-17 09:48:07,PG,95.31,21,ASK
2018-12-17 09:48:30,PG,95.3,1,BID
2018-12-17 09:48:07,PG,95.31,20,ASK
2018-12-17 09:48:30,PG,95.29,2,BID
2018-12-17 09:48:07,PG,95.31,21,ASK
2018-12-17 09:48:30,PG,95.29,2,BID
2018-12-17 09:48:07,PG,95.31,21,ASK
2018-12-17 09:48:33,PG,95.29,6,BID
2018-12-17 09:48:07,PG,95.31,20,ASK
2018-12-17 09:48:33,PG,95.29,7,BID
2018-12-17 09:48:07,PG,95.31,21,ASK
2018-12-17 09:48:34,PG,95.29,7,BID
2018-12-17 09:48:07,PG,95.31,20,ASK
2018-12-17 09:48:35,PG,95.31,3,BID
2018-12-17 09:48:35,PG,95.32,6,ASK
2018-12-17 09:48:36,PG,95.31,3,BID
2018-12-17 09:48:36,PG,95.32,9,ASK
2018-12-17 09:48:37,PG,95.3,10,BID
2018-12-17 09:48:37,PG,95.32,8,ASK
2018-12-17 09:48:37,PG,95.3,10,BID
2018-12-17 09:48:38,PG,95.32,9,ASK
2018-12-17 09:48:39,PG,95.28,10,BID
2018-12-17 09:48:39,PG,95.3,14,ASK
2018-12-17 09:48:41,PG,95.3,6,BID
2018-12-17 09:48:41,PG,95.32,10,ASK
2018-12-17 09:48:41,PG,95.3,7,BID
2018-12-17 09:48:42,PG,95.32,10,ASK
2018-12-17 09:48:43,PG,95.29,8,BID
2018-12-17 09:48:43,PG,95.31,5,ASK
2018-12-17 09:48:43,PG,95.3,2,BID
2018-12-17 09:48:44,PG,95.32,10,ASK
2018-12-17 09:48:44,PG,95.3,4,BID
2018-12-17 09:48:44,PG,95.32,10,ASK
2018-12-17 09:48:45,PG,95.3,4,BID
2018-12-17 09:48:45,PG,95.32,10,ASK
2018-12-17 09:48:46,PG,95.3,6,BID
2018-12-17 09:48:45,PG,95.32,10,ASK
2018-12-17 09:48:48,PG,95.3,3,BID
2018-12-17 09:48:47,PG,95.32,10,ASK
2018-12-17 09:48:48,PG,95.3,3,BID
2018-12-17 09:48:47,PG,95.32,10,ASK
2018-12-17 09:48:50,PG,95.3,4,BID
2018-12-17 09:48:47,PG,95.32,10,ASK
2018-12-17 09:48:50,PG,95.3,3,BID
2018-12-17 09:48:47,PG,95.32,10,ASK
2018-12-17 09:48:51,PG,95.28,9,BID
2018-12-17 09:48:52,PG,95.29,1,ASK
2018-12-17 09:48:52,PG,95.29,2,BID
2018-12-17 09:48:53,PG,95.31,18,ASK
2018-12-17 09:48:52,PG,95.29,2,BID
2018-12-17 09:48:53,PG,95.31,17,ASK
2018-12-17 09:48:51,PG,95.28,12,BID
2018-12-17 09:48:55,PG,95.3,2,ASK
2018-12-17 09:48:56,PG,95.31,1,BID
2018-12-17 09:48:47,PG,95.32,10,ASK
2018-12-17 09:48:56,PG,95.33,3,BID
2018-12-17 09:47:37,PG,95.35,14,ASK
2018-12-17 09:48:58,PG,95.33,8,BID
2018-12-17 09:48:58,PG,95.34,2,ASK
2018-12-17 09:48:58,PG,95.33,11,BID
2018-12-17 09:48:59,PG,95.34,7,ASK
2018-12-17 09:48:58,PG,95.33,11,BID
2018-12-17 09:49:00,PG,95.34,7,ASK
2018-12-17 09:49:00,PG,95.31,15,BID
2018-12-17 09:49:00,PG,95.33,8,ASK
2018-12-17 09:49:01,PG,95.34,28,BID
2018-12-17 09:48:57,PG,95.35,13,ASK
2018-12-17 09:49:02,PG,95.35,7,BID
2018-12-17 09:49:02,PG,95.37,13,ASK
2018-12-17 09:49:03,PG,95.35,7,BID
2018-12-17 09:49:03,PG,95.37,9,ASK
2018-12-17 09:49:03,PG,95.35,10,BID
2018-12-17 09:49:03,PG,95.37,2,ASK
2018-12-17 09:49:04,PG,95.36,4,BID
2018-12-17 09:49:04,PG,95.37,3,ASK
2018-12-17 09:49:05,PG,95.37,9,BID
2018-12-17 09:49:04,PG,95.38,12,ASK
2018-12-17 09:49:05,PG,95.38,5,BID
2018-12-17 09:49:05,PG,95.39,8,ASK
2018-12-17 09:49:06,PG,95.38,5,BID
2018-12-17 09:49:06,PG,95.39,8,ASK
2018-12-17 09:49:08,PG,95.4,4,BID
2018-12-17 09:49:08,PG,95.41,5,ASK
2018-12-17 09:49:09,PG,95.39,4,BID
2018-12-17 09:49:09,PG,95.4,8,ASK
2018-12-17 09:49:10,PG,95.35,12,BID
2018-12-17 09:49:10,PG,95.37,19,ASK
2018-12-17 09:49:02,PG,95.35,10,BID
2018-12-17 09:49:11,PG,95.36,5,ASK
2018-12-17 09:49:12,PG,95.34,8,BID
2018-12-17 09:49:12,PG,95.36,14,ASK
2018-12-17 09:49:12,PG,95.34,8,BID
2018-12-17 09:49:13,PG,95.36,15,ASK
2018-12-17 09:49:15,PG,95.34,10,BID
2018-12-17 09:49:13,PG,95.36,16,ASK
2018-12-17 09:49:15,PG,95.34,9,BID
2018-12-17 09:49:16,PG,95.36,14,ASK
2018-12-17 09:49:18,PG,95.36,6,BID
2018-12-17 09:49:18,PG,95.37,4,ASK
2018-12-17 09:49:18,PG,95.36,6,BID
2018-12-17 09:49:18,PG,95.37,3,ASK
2018-12-17 09:49:19,PG,95.35,1,BID
2018-12-17 09:49:19,PG,95.36,14,ASK
2018-12-17 09:49:20,PG,95.34,2,BID
2018-12-17 09:49:19,PG,95.36,17,ASK
2018-12-17 09:49:20,PG,95.32,9,BID
2018-12-17 09:49:20,PG,95.34,7,ASK
2018-12-17 09:48:56,PG,95.31,15,BID
2018-12-17 09:49:21,PG,95.34,6,ASK
2018-12-17 09:49:22,PG,95.32,1,BID
2018-12-17 09:49:21,PG,95.34,8,ASK
2018-12-17 09:48:56,PG,95.31,14,BID
2018-12-17 09:49:21,PG,95.34,9,ASK
2018-12-17 09:49:23,PG,95.32,13,BID
2018-12-17 09:49:23,PG,95.33,5,ASK
2018-12-17 09:49:23,PG,95.32,9,BID
2018-12-17 09:49:24,PG,95.33,5,ASK
2018-12-17 09:49:24,PG,95.29,10,BID
2018-12-17 09:49:24,PG,95.31,14,ASK
2018-12-17 09:49:25,PG,95.29,11,BID
2018-12-17 09:49:24,PG,95.31,12,ASK
2018-12-17 09:49:26,PG,95.31,7,BID
2018-12-17 09:49:24,PG,95.32,11,ASK
2018-12-17 09:49:27,PG,95.33,9,BID
2018-12-17 09:49:27,PG,95.34,12,ASK
2018-12-17 09:49:27,PG,95.31,10,BID
2018-12-17 09:49:27,PG,95.33,14,ASK
2018-12-17 09:49:25,PG,95.29,11,BID
2018-12-17 09:49:27,PG,95.31,7,ASK
2018-12-17 09:49:27,PG,95.29,7,BID
2018-12-17 09:49:28,PG,95.3,4,ASK
2018-12-17 09:49:28,PG,95.28,5,BID
2018-12-17 09:49:28,PG,95.29,7,ASK
2018-12-17 09:49:28,PG,95.28,5,BID
2018-12-17 09:49:28,PG,95.29,7,ASK
2018-12-17 09:49:29,PG,95.27,5,BID
2018-12-17 09:49:29,PG,95.28,3,ASK
2018-12-17 09:49:30,PG,95.26,6,BID
2018-12-17 09:49:29,PG,95.28,15,ASK
2018-12-17 09:49:32,PG,95.26,5,BID
2018-12-17 09:49:32,PG,95.28,13,ASK
2018-12-17 09:49:33,PG,95.29,4,BID
2018-12-17 09:49:33,PG,95.3,9,ASK
2018-12-17 09:49:34,PG,95.27,6,BID
2018-12-17 09:49:33,PG,95.29,11,ASK
2018-12-17 09:49:35,PG,95.28,6,BID
2018-12-17 09:49:27,PG,95.31,10,ASK
2018-12-17 09:49:36,PG,95.29,7,BID
2018-12-17 09:49:36,PG,95.31,1,ASK
2018-12-17 09:49:36,PG,95.29,7,BID
2018-12-17 09:49:37,PG,95.31,3,ASK
2018-12-17 09:49:39,PG,95.31,3,BID
2018-12-17 09:49:39,PG,95.33,13,ASK
2018-12-17 09:49:41,PG,95.32,10,BID
2018-12-17 09:49:40,PG,95.33,3,ASK
2018-12-17 09:49:42,PG,95.3,9,BID
2018-12-17 09:49:42,PG,95.33,7,ASK
2018-12-17 09:49:45,PG,95.32,2,BID
2018-12-17 09:49:45,PG,95.33,5,ASK
2018-12-17 09:49:46,PG,95.32,5,BID
2018-12-17 09:49:46,PG,95.33,9,ASK
2018-12-17 09:49:48,PG,95.33,6,BID
2018-12-17 09:49:42,PG,95.34,12,ASK
2018-12-17 09:49:49,PG,95.33,13,BID
2018-12-17 09:49:42,PG,95.34,11,ASK
2018-12-17 09:49:51,PG,95.35,5,BID
2018-12-17 09:49:50,PG,95.36,10,ASK
2018-12-17 09:49:52,PG,95.36,3,BID
2018-12-17 09:49:52,PG,95.37,8,ASK
2018-12-17 09:49:53,PG,95.33,3,BID
2018-12-17 09:49:53,PG,95.35,14,ASK
2018-12-17 09:49:55,PG,95.33,2,BID
2018-12-17 09:49:55,PG,95.35,15,ASK
2018-12-17 09:49:56,PG,95.33,1,BID
2018-12-17 09:49:56,PG,95.35,13,ASK
2018-12-17 09:49:57,PG,95.33,1,BID
2018-12-17 09:49:57,PG,95.35,14,ASK
2018-12-17 09:49:58,PG,95.33,4,BID
2018-12-17 09:49:58,PG,95.35,13,ASK
2018-12-17 09:49:59,PG,95.33,3,BID
2018-12-17 09:49:59,PG,95.34,8,ASK
2018-12-17 09:50:00,PG,95.33,2,BID
2018-12-17 09:50:00,PG,95.34,7,ASK
2018-12-17 09:50:01,PG,95.34,5,BID
2018-12-17 09:49:58,PG,95.35,16,ASK
2018-12-17 09:50:01,PG,95.34,5,BID
2018-12-17 09:49:58,PG,95.35,16,ASK
2018-12-17 09:50:03,PG,95.34,4,BID
2018-12-17 09:49:58,PG,95.35,16,ASK
2018-12-17 09:50:04,PG,95.31,9,BID
2018-12-17 09:50:04,PG,95.33,7,ASK
2018-12-17 09:50:04,PG,95.31,9,BID
2018-12-17 09:50:04,PG,95.33,7,ASK
2018-12-17 09:50:06,PG,95.31,7,BID
2018-12-17 09:50:06,PG,95.32,6,ASK
2018-12-17 09:50:06,PG,95.32,14,BID
2018-12-17 09:50:06,PG,95.33,8,ASK
2018-12-17 09:50:08,PG,95.33,11,BID
2018-12-17 09:50:08,PG,95.35,14,ASK
2018-12-17 09:50:09,PG,95.33,8,BID
2018-12-17 09:50:08,PG,95.35,14,ASK
2018-12-17 09:50:10,PG,95.32,10,BID
2018-12-17 09:50:10,PG,95.33,1,ASK
2018-12-17 09:50:10,PG,95.31,10,BID
2018-12-17 09:50:11,PG,95.33,3,ASK
2018-12-17 09:50:10,PG,95.31,9,BID
2018-12-17 09:50:11,PG,95.33,5,ASK
2018-12-17 09:50:11,PG,95.31,9,BID
2018-12-17 09:50:13,PG,95.33,5,ASK
2018-12-17 09:50:11,PG,95.31,9,BID
2018-12-17 09:50:14,PG,95.33,5,ASK
2018-12-17 09:50:11,PG,95.31,9,BID
2018-12-17 09:50:14,PG,95.33,5,ASK
2018-12-17 09:50:11,PG,95.31,12,BID
2018-12-17 09:50:16,PG,95.33,5,ASK
2018-12-17 09:50:11,PG,95.31,12,BID
2018-12-17 09:50:16,PG,95.33,5,ASK
2018-12-17 09:50:11,PG,95.31,12,BID
2018-12-17 09:50:16,PG,95.33,6,ASK
2018-12-17 09:50:19,PG,95.31,12,BID
2018-12-17 09:50:19,PG,95.33,8,ASK
2018-12-17 09:49:36,PG,95.29,14,BID
2018-12-17 09:50:20,PG,95.31,23,ASK
2018-12-17 09:50:21,PG,95.29,11,BID
2018-12-17 09:50:20,PG,95.31,16,ASK
2018-12-17 09:50:21,PG,95.29,11,BID
2018-12-17 09:50:21,PG,95.31,13,ASK
2018-12-17 09:50:23,PG,95.29,8,BID
2018-12-17 09:50:23,PG,95.31,15,ASK
2018-12-17 09:50:24,PG,95.28,8,BID
2018-12-17 09:50:24,PG,95.3,9,ASK
2018-12-17 09:50:25,PG,95.3,9,BID
2018-12-17 09:50:25,PG,95.32,12,ASK
2018-12-17 09:50:26,PG,95.3,8,BID
2018-12-17 09:50:26,PG,95.31,6,ASK
2018-12-17 09:50:27,PG,95.3,9,BID
2018-12-17 09:50:27,PG,95.31,22,ASK
2018-12-17 09:50:28,PG,95.31,9,BID
2018-12-17 09:50:28,PG,95.32,10,ASK
2018-12-17 09:50:28,PG,95.32,9,BID
2018-12-17 09:50:28,PG,95.33,14,ASK
2018-12-17 09:50:30,PG,95.32,11,BID
2018-12-17 09:50:28,PG,95.33,14,ASK
2018-12-17 09:50:30,PG,95.32,9,BID
2018-12-17 09:50:28,PG,95.33,14,ASK
2018-12-17 09:50:32,PG,95.31,14,BID
2018-12-17 09:50:31,PG,95.32,4,ASK
2018-12-17 09:50:27,PG,95.3,22,BID
2018-12-17 09:50:33,PG,95.32,17,ASK
2018-12-17 09:50:27,PG,95.3,22,BID
2018-12-17 09:50:34,PG,95.31,10,ASK
2018-12-17 09:50:27,PG,95.3,11,BID
2018-12-17 09:50:35,PG,95.29,2,ASK
2018-12-17 09:50:36,PG,95.27,9,BID
2018-12-17 09:50:36,PG,95.28,2,ASK
2018-12-17 09:50:37,PG,95.27,9,BID
2018-12-17 09:50:37,PG,95.28,2,ASK
2018-12-17 09:50:38,PG,95.27,9,BID
2018-12-17 09:50:38,PG,95.28,2,ASK
2018-12-17 09:50:39,PG,95.27,9,BID
2018-12-17 09:50:39,PG,95.28,1,ASK
2018-12-17 09:50:40,PG,95.27,8,BID
2018-12-17 09:50:40,PG,95.28,14,ASK
2018-12-17 09:50:41,PG,95.27,9,BID
2018-12-17 09:50:41,PG,95.28,15,ASK
2018-12-17 09:50:42,PG,95.27,9,BID
2018-12-17 09:50:41,PG,95.28,15,ASK
2018-12-17 09:50:43,PG,95.27,7,BID
2018-12-17 09:50:43,PG,95.29,13,ASK
2018-12-17 09:50:44,PG,95.27,6,BID
2018-12-17 09:50:44,PG,95.28,4,ASK
2018-12-17 09:50:45,PG,95.27,9,BID
2018-12-17 09:50:45,PG,95.28,6,ASK
2018-12-17 09:50:46,PG,95.29,20,BID
2018-12-17 09:50:34,PG,95.31,15,ASK
2018-12-17 09:50:46,PG,95.29,20,BID
2018-12-17 09:50:34,PG,95.31,15,ASK
2018-12-17 09:50:48,PG,95.31,6,BID
2018-12-17 09:50:33,PG,95.32,16,ASK
2018-12-17 09:50:49,PG,95.31,10,BID
2018-12-17 09:50:49,PG,95.32,9,ASK
2018-12-17 09:50:50,PG,95.31,12,BID
2018-12-17 09:50:50,PG,95.32,20,ASK
2018-12-17 09:50:51,PG,95.3,8,BID
2018-12-17 09:50:50,PG,95.32,16,ASK
2018-12-17 09:50:52,PG,95.29,16,BID
2018-12-17 09:50:52,PG,95.31,10,ASK
2018-12-17 09:50:53,PG,95.29,16,BID
2018-12-17 09:50:53,PG,95.31,9,ASK
2018-12-17 09:50:53,PG,95.29,15,BID
2018-12-17 09:50:53,PG,95.3,3,ASK
2018-12-17 09:50:53,PG,95.29,15,BID
2018-12-17 09:50:53,PG,95.3,3,ASK
2018-12-17 09:50:53,PG,95.29,15,BID
2018-12-17 09:50:53,PG,95.3,3,ASK
2018-12-17 09:50:55,PG,95.29,3,BID
2018-12-17 09:50:55,PG,95.3,4,ASK
2018-12-17 09:50:56,PG,95.27,13,BID
2018-12-17 09:50:58,PG,95.28,11,ASK
2018-12-17 09:50:56,PG,95.27,13,BID
2018-12-17 09:50:59,PG,95.28,1,ASK
2018-12-17 09:50:56,PG,95.27,13,BID
2018-12-17 09:51:00,PG,95.28,1,ASK
2018-12-17 09:50:56,PG,95.27,14,BID
2018-12-17 09:51:01,PG,95.28,1,ASK
2018-12-17 09:50:56,PG,95.27,13,BID
2018-12-17 09:51:02,PG,95.28,4,ASK
2018-12-17 09:47:48,PG,95.25,13,BID
2018-12-17 09:51:03,PG,95.27,11,ASK
2018-12-17 09:47:48,PG,95.25,10,BID
2018-12-17 09:51:03,PG,95.27,9,ASK
2018-12-17 09:47:48,PG,95.25,13,BID
2018-12-17 09:51:03,PG,95.27,9,ASK
2018-12-17 09:51:06,PG,95.27,3,BID
2018-12-17 09:51:06,PG,95.28,6,ASK
2018-12-17 09:51:07,PG,95.26,1,BID
2018-12-17 09:51:07,PG,95.27,12,ASK
2018-12-17 09:51:08,PG,95.25,1,BID
2018-12-17 09:51:08,PG,95.26,8,ASK
2018-12-17 09:51:09,PG,95.25,1,BID
2018-12-17 09:51:08,PG,95.26,9,ASK
2018-12-17 09:51:10,PG,95.24,3,BID
2018-12-17 09:51:08,PG,95.26,11,ASK
2018-12-17 09:51:10,PG,95.24,6,BID
2018-12-17 09:51:10,PG,95.26,8,ASK
2018-12-17 09:51:12,PG,95.27,10,BID
2018-12-17 09:51:12,PG,95.28,17,ASK
2018-12-17 09:51:11,PG,95.26,11,BID
2018-12-17 09:51:13,PG,95.27,8,ASK
2018-12-17 09:51:13,PG,95.25,17,BID
2018-12-17 09:51:13,PG,95.27,8,ASK
2018-12-17 09:51:13,PG,95.25,17,BID
2018-12-17 09:51:13,PG,95.27,8,ASK
2018-12-17 09:51:15,PG,95.23,11,BID
2018-12-17 09:51:15,PG,95.25,5,ASK
2018-12-17 09:51:16,PG,95.23,11,BID
2018-12-17 09:51:16,PG,95.24,4,ASK
2018-12-17 09:51:17,PG,95.24,12,BID
2018-12-17 09:51:17,PG,95.26,9,ASK
2018-12-17 09:51:18,PG,95.27,7,BID
2018-12-17 09:51:18,PG,95.29,18,ASK
2018-12-17 09:51:19,PG,95.28,6,BID
2018-12-17 09:51:19,PG,95.3,11,ASK
2018-12-17 09:51:20,PG,95.26,7,BID
2018-12-17 09:51:20,PG,95.28,9,ASK
2018-12-17 09:51:21,PG,95.25,14,BID
2018-12-17 09:51:20,PG,95.28,12,ASK
2018-12-17 09:51:23,PG,95.25,8,BID
2018-12-17 09:51:23,PG,95.27,8,ASK
2018-12-17 09:51:24,PG,95.25,14,BID
2018-12-17 09:51:24,PG,95.26,2,ASK
2018-12-17 09:51:25,PG,95.26,6,BID
2018-12-17 09:51:25,PG,95.27,5,ASK
2018-12-17 09:51:26,PG,95.25,12,BID
2018-12-17 09:51:26,PG,95.26,1,ASK
2018-12-17 09:51:27,PG,95.26,7,BID
2018-12-17 09:51:27,PG,95.28,13,ASK
2018-12-17 09:51:28,PG,95.26,5,BID
2018-12-17 09:51:28,PG,95.28,14,ASK
2018-12-17 09:51:29,PG,95.26,2,BID
2018-12-17 09:51:29,PG,95.28,15,ASK
2018-12-17 09:51:30,PG,95.27,4,BID
2018-12-17 09:51:30,PG,95.28,10,ASK
2018-12-17 09:51:31,PG,95.3,6,BID
2018-12-17 09:51:31,PG,95.31,11,ASK
2018-12-17 09:51:31,PG,95.3,12,BID
2018-12-17 09:51:31,PG,95.31,11,ASK
2018-12-17 09:51:31,PG,95.3,13,BID
2018-12-17 09:51:31,PG,95.31,10,ASK
2018-12-17 09:51:32,PG,95.3,16,BID
2018-12-17 09:51:32,PG,95.31,11,ASK
2018-12-17 09:51:34,PG,95.3,16,BID
2018-12-17 09:51:34,PG,95.32,18,ASK
2018-12-17 09:51:32,PG,95.29,11,BID
2018-12-17 09:51:36,PG,95.31,10,ASK
2018-12-17 09:51:37,PG,95.28,4,BID
2018-12-17 09:51:37,PG,95.29,7,ASK
2018-12-17 09:51:38,PG,95.27,11,BID
2018-12-17 09:51:38,PG,95.29,7,ASK
2018-12-17 09:51:39,PG,95.27,11,BID
2018-12-17 09:51:39,PG,95.29,7,ASK
2018-12-17 09:51:40,PG,95.27,13,BID
2018-12-17 09:51:40,PG,95.29,6,ASK
2018-12-17 09:51:40,PG,95.27,13,BID
2018-12-17 09:51:40,PG,95.29,6,ASK
2018-12-17 09:51:42,PG,95.28,5,BID
2018-12-17 09:51:42,PG,95.3,8,ASK
2018-12-17 09:51:43,PG,95.28,8,BID
2018-12-17 09:51:43,PG,95.3,4,ASK
2018-12-17 09:51:43,PG,95.28,8,BID
2018-12-17 09:51:44,PG,95.3,6,ASK
2018-12-17 09:51:43,PG,95.28,9,BID
2018-12-17 09:51:45,PG,95.3,28,ASK
2018-12-17 09:51:40,PG,95.27,13,BID
2018-12-17 09:51:45,PG,95.29,2,ASK
2018-12-17 09:51:47,PG,95.28,2,BID
2018-12-17 09:51:47,PG,95.29,7,ASK
2018-12-17 09:51:48,PG,95.26,8,BID
2018-12-17 09:51:48,PG,95.27,12,ASK
2018-12-17 09:51:49,PG,95.27,10,BID
2018-12-17 09:51:49,PG,95.28,3,ASK
2018-12-17 09:51:50,PG,95.27,10,BID
2018-12-17 09:51:50,PG,95.29,12,ASK
2018-12-17 09:51:52,PG,95.26,9,BID
2018-12-17 09:51:52,PG,95.27,3,ASK
2018-12-17 09:51:52,PG,95.26,8,BID
2018-12-17 09:51:52,PG,95.27,3,ASK
2018-12-17 09:51:53,PG,95.27,4,BID
2018-12-17 09:51:53,PG,95.29,14,ASK
2018-12-17 09:51:54,PG,95.27,4,BID
2018-12-17 09:51:54,PG,95.29,13,ASK
2018-12-17 09:51:55,PG,95.27,5,BID
2018-12-17 09:51:55,PG,95.29,10,ASK
2018-12-17 09:51:56,PG,95.27,5,BID
2018-12-17 09:51:56,PG,95.29,13,ASK
2018-12-17 09:51:56,PG,95.27,5,BID
2018-12-17 09:51:56,PG,95.29,13,ASK
2018-12-17 09:51:58,PG,95.27,5,BID
2018-12-17 09:51:58,PG,95.29,13,ASK
2018-12-17 09:52:00,PG,95.27,8,BID
2018-12-17 09:52:00,PG,95.29,13,ASK
2018-12-17 09:52:00,PG,95.27,9,BID
2018-12-17 09:52:00,PG,95.29,13,ASK
2018-12-17 09:52:00,PG,95.27,10,BID
2018-12-17 09:52:01,PG,95.29,17,ASK
2018-12-17 09:52:01,PG,95.27,10,BID
2018-12-17 09:52:01,PG,95.29,16,ASK
2018-12-17 09:52:02,PG,95.27,11,BID
2018-12-17 09:52:02,PG,95.29,14,ASK
2018-12-17 09:52:03,PG,95.28,1,BID
2018-12-17 09:52:02,PG,95.29,12,ASK
2018-12-17 09:52:05,PG,95.27,11,BID
2018-12-17 09:52:06,PG,95.28,4,ASK
2018-12-17 09:52:06,PG,95.27,10,BID
2018-12-17 09:52:02,PG,95.29,14,ASK
2018-12-17 09:52:06,PG,95.27,11,BID
2018-12-17 09:52:02,PG,95.29,14,ASK
2018-12-17 09:52:06,PG,95.27,11,BID
2018-12-17 09:52:02,PG,95.29,14,ASK
2018-12-17 09:52:06,PG,95.27,10,BID
2018-12-17 09:52:10,PG,95.28,3,ASK
2018-12-17 09:52:06,PG,95.27,10,BID
2018-12-17 09:52:10,PG,95.28,5,ASK
2018-12-17 09:52:06,PG,95.27,10,BID
2018-12-17 09:52:11,PG,95.28,7,ASK
2018-12-17 09:52:06,PG,95.27,11,BID
2018-12-17 09:52:13,PG,95.28,6,ASK
2018-12-17 09:52:06,PG,95.27,10,BID
2018-12-17 09:52:13,PG,95.28,9,ASK
2018-12-17 09:52:06,PG,95.27,10,BID
2018-12-17 09:52:13,PG,95.28,9,ASK
2018-12-17 09:52:06,PG,95.27,10,BID
2018-12-17 09:52:13,PG,95.28,9,ASK
2018-12-17 09:52:06,PG,95.27,10,BID
2018-12-17 09:52:13,PG,95.28,9,ASK
2018-12-17 09:52:17,PG,95.24,6,BID
2018-12-17 09:52:17,PG,95.25,16,ASK
2018-12-17 09:51:16,PG,95.23,12,BID
2018-12-17 09:52:18,PG,95.24,16,ASK
2018-12-17 09:52:19,PG,95.22,3,BID
2018-12-17 09:52:19,PG,95.23,15,ASK
2018-12-17 09:52:20,PG,95.22,8,BID
2018-12-17 09:52:20,PG,95.23,1,ASK
2018-12-17 09:52:20,PG,95.22,7,BID
2018-12-17 09:52:21,PG,95.24,18,ASK
2018-12-17 09:52:20,PG,95.22,7,BID
2018-12-17 09:52:21,PG,95.24,21,ASK
2018-12-17 09:52:20,PG,95.22,7,BID
2018-12-17 09:52:21,PG,95.24,20,ASK
2018-12-17 09:52:25,PG,95.24,4,BID
2018-12-17 09:52:21,PG,95.24,18,ASK
2018-12-17 09:52:26,PG,95.23,11,BID
2018-12-17 09:52:26,PG,95.24,4,ASK
2018-12-17 09:52:26,PG,95.23,16,BID
2018-12-17 09:52:25,PG,95.25,14,ASK
2018-12-17 09:52:27,PG,95.25,9,BID
2018-12-17 09:52:27,PG,95.27,10,ASK
2018-12-17 09:52:27,PG,95.25,9,BID
2018-12-17 09:52:28,PG,95.26,1,ASK
2018-12-17 09:52:30,PG,95.25,8,BID
2018-12-17 09:52:28,PG,95.26,7,ASK
2018-12-17 09:52:30,PG,95.25,16,BID
2018-12-17 09:52:30,PG,95.26,4,ASK
2018-12-17 09:52:30,PG,95.25,15,BID
2018-12-17 09:52:32,PG,95.26,5,ASK
2018-12-17 09:52:30,PG,95.25,16,BID
2018-12-17 09:52:33,PG,95.26,5,ASK
2018-12-17 09:52:33,PG,95.24,9,BID
2018-12-17 09:52:33,PG,95.25,15,ASK
2018-12-17 09:52:34,PG,95.23,16,BID
2018-12-17 09:52:34,PG,95.25,4,ASK
2018-12-17 09:52:34,PG,95.23,14,BID
2018-12-17 09:52:35,PG,95.25,4,ASK
2018-12-17 09:52:36,PG,95.23,12,BID
2018-12-17 09:52:36,PG,95.25,6,ASK
2018-12-17 09:52:38,PG,95.22,8,BID
2018-12-17 09:52:37,PG,95.23,17,ASK
2018-12-17 09:52:38,PG,95.23,2,BID
2018-12-17 09:52:37,PG,95.24,20,ASK
2018-12-17 09:52:38,PG,95.23,2,BID
2018-12-17 09:52:37,PG,95.24,20,ASK
2018-12-17 09:52:40,PG,95.22,7,BID
2018-12-17 09:52:40,PG,95.23,21,ASK
2018-12-17 09:52:40,PG,95.22,7,BID
2018-12-17 09:52:40,PG,95.23,21,ASK
2018-12-17 09:52:42,PG,95.22,7,BID
2018-12-17 09:52:42,PG,95.23,18,ASK
2018-12-17 09:52:44,PG,95.19,9,BID
2018-12-17 09:52:44,PG,95.21,16,ASK
2018-12-17 09:52:44,PG,95.21,15,BID
2018-12-17 09:52:44,PG,95.22,17,ASK
2018-12-17 09:52:46,PG,95.2,17,BID
2018-12-17 09:52:44,PG,95.22,19,ASK
2018-12-17 09:52:47,PG,95.2,3,BID
2018-12-17 09:52:47,PG,95.21,9,ASK
2018-12-17 09:52:47,PG,95.2,9,BID
2018-12-17 09:52:44,PG,95.22,20,ASK
2018-12-17 09:52:47,PG,95.2,9,BID
2018-12-17 09:52:44,PG,95.22,20,ASK
2018-12-17 09:52:47,PG,95.2,11,BID
2018-12-17 09:52:44,PG,95.22,20,ASK
2018-12-17 09:52:51,PG,95.22,6,BID
2018-12-17 09:52:50,PG,95.23,2,ASK
2018-12-17 09:52:52,PG,95.23,4,BID
2018-12-17 09:52:52,PG,95.25,7,ASK
2018-12-17 09:52:52,PG,95.23,15,BID
2018-12-17 09:52:53,PG,95.25,12,ASK
2018-12-17 09:52:54,PG,95.22,15,BID
2018-12-17 09:52:54,PG,95.23,7,ASK
2018-12-17 09:52:54,PG,95.22,15,BID
2018-12-17 09:52:54,PG,95.23,5,ASK
2018-12-17 09:52:55,PG,95.22,12,BID
2018-12-17 09:52:55,PG,95.24,11,ASK
2018-12-17 09:52:56,PG,95.22,4,BID
2018-12-17 09:52:55,PG,95.24,14,ASK
2018-12-17 09:52:57,PG,95.21,15,BID
2018-12-17 09:52:57,PG,95.23,4,ASK
2018-12-17 09:52:58,PG,95.21,11,BID
2018-12-17 09:52:58,PG,95.23,11,ASK
2018-12-17 09:53:00,PG,95.21,7,BID
2018-12-17 09:53:00,PG,95.23,11,ASK
2018-12-17 09:53:00,PG,95.21,7,BID
2018-12-17 09:53:00,PG,95.23,11,ASK
2018-12-17 09:53:00,PG,95.21,7,BID
2018-12-17 09:53:00,PG,95.23,11,ASK
2018-12-17 09:53:03,PG,95.22,4,BID
2018-12-17 09:53:03,PG,95.23,1,ASK
2018-12-17 09:53:03,PG,95.24,10,BID
2018-12-17 09:53:03,PG,95.25,8,ASK
2018-12-17 09:53:05,PG,95.26,7,BID
2018-12-17 09:53:05,PG,95.28,17,ASK
2018-12-17 09:53:06,PG,95.27,10,BID
2018-12-17 09:52:02,PG,95.29,16,ASK
2018-12-17 09:53:07,PG,95.28,4,BID
2018-12-17 09:52:02,PG,95.29,10,ASK
2018-12-17 09:53:08,PG,95.29,13,BID
2018-12-17 09:53:08,PG,95.3,6,ASK
2018-12-17 09:53:09,PG,95.28,18,BID
2018-12-17 09:53:09,PG,95.29,1,ASK
2018-12-17 09:53:09,PG,95.28,14,BID
2018-12-17 09:53:09,PG,95.29,5,ASK
2018-12-17 09:53:11,PG,95.28,10,BID
2018-12-17 09:53:11,PG,95.29,11,ASK
2018-12-17 09:53:11,PG,95.28,9,BID
2018-12-17 09:53:11,PG,95.29,10,ASK
2018-12-17 09:53:11,PG,95.28,9,BID
2018-12-17 09:53:12,PG,95.29,12,ASK
2018-12-17 09:53:13,PG,95.28,9,BID
2018-12-17 09:53:13,PG,95.29,13,ASK
2018-12-17 09:53:15,PG,95.27,1,BID
2018-12-17 09:53:15,PG,95.28,19,ASK
2018-12-17 09:53:04,PG,95.24,18,BID
2018-12-17 09:53:15,PG,95.26,11,ASK
2018-12-17 09:53:17,PG,95.25,11,BID
2018-12-17 09:53:17,PG,95.26,9,ASK
2018-12-17 09:53:17,PG,95.26,4,BID
2018-12-17 09:53:17,PG,95.27,15,ASK
2018-12-17 09:53:18,PG,95.28,9,BID
2018-12-17 09:53:17,PG,95.29,10,ASK
2018-12-17 09:53:18,PG,95.28,6,BID
2018-12-17 09:53:17,PG,95.29,13,ASK
2018-12-17 09:53:18,PG,95.28,5,BID
2018-12-17 09:53:17,PG,95.29,13,ASK
2018-12-17 09:53:19,PG,95.28,5,BID
2018-12-17 09:53:17,PG,95.29,12,ASK
2018-12-17 09:53:21,PG,95.28,6,BID
2018-12-17 09:53:17,PG,95.29,10,ASK
2018-12-17 09:53:23,PG,95.27,7,BID
2018-12-17 09:53:24,PG,95.28,9,ASK
2018-12-17 09:53:23,PG,95.27,7,BID
2018-12-17 09:53:24,PG,95.28,9,ASK
2018-12-17 09:53:23,PG,95.27,7,BID
2018-12-17 09:53:24,PG,95.28,9,ASK
2018-12-17 09:53:23,PG,95.27,8,BID
2018-12-17 09:53:24,PG,95.28,11,ASK
2018-12-17 09:53:28,PG,95.25,4,BID
2018-12-17 09:53:28,PG,95.27,24,ASK
2018-12-17 09:53:29,PG,95.25,4,BID
2018-12-17 09:53:28,PG,95.27,22,ASK
2018-12-17 09:53:29,PG,95.25,4,BID
2018-12-17 09:53:29,PG,95.26,5,ASK
2018-12-17 09:53:29,PG,95.25,4,BID
2018-12-17 09:53:29,PG,95.26,5,ASK
2018-12-17 09:53:31,PG,95.24,15,BID
2018-12-17 09:53:31,PG,95.25,5,ASK
2018-12-17 09:53:32,PG,95.23,12,BID
2018-12-17 09:53:32,PG,95.24,8,ASK
2018-12-17 09:53:33,PG,95.22,11,BID
2018-12-17 09:53:33,PG,95.23,8,ASK
2018-12-17 09:53:34,PG,95.21,14,BID
2018-12-17 09:53:34,PG,95.22,3,ASK
2018-12-17 09:53:35,PG,95.18,10,BID
2018-12-17 09:53:35,PG,95.2,9,ASK
2018-12-17 09:53:35,PG,95.18,11,BID
2018-12-17 09:53:35,PG,95.2,9,ASK
2018-12-17 09:53:35,PG,95.18,11,BID
2018-12-17 09:53:35,PG,95.2,9,ASK
2018-12-17 09:53:37,PG,95.18,4,BID
2018-12-17 09:53:38,PG,95.2,8,ASK
2018-12-17 09:53:38,PG,95.18,5,BID
2018-12-17 09:53:38,PG,95.2,11,ASK
2018-12-17 09:53:40,PG,95.17,4,BID
2018-12-17 09:53:40,PG,95.2,10,ASK
2018-12-17 09:53:41,PG,95.18,4,BID
2018-12-17 09:53:40,PG,95.2,10,ASK
2018-12-17 09:53:43,PG,95.18,4,BID
2018-12-17 09:53:43,PG,95.2,10,ASK
2018-12-17 09:53:44,PG,95.18,6,BID
2018-12-17 09:53:43,PG,95.2,10,ASK
2018-12-17 09:53:44,PG,95.18,6,BID
2018-12-17 09:53:43,PG,95.2,9,ASK
2018-12-17 09:53:44,PG,95.18,6,BID
2018-12-17 09:53:43,PG,95.2,9,ASK
2018-12-17 09:53:44,PG,95.18,6,BID
2018-12-17 09:53:43,PG,95.2,9,ASK
2018-12-17 09:53:48,PG,95.16,3,BID
2018-12-17 09:53:48,PG,95.17,11,ASK
2018-12-17 09:53:49,PG,95.15,6,BID
2018-12-17 09:53:49,PG,95.17,11,ASK
2018-12-17 09:53:50,PG,95.16,5,BID
2018-12-17 09:53:50,PG,95.18,21,ASK
2018-12-17 09:53:51,PG,95.16,5,BID
2018-12-17 09:53:50,PG,95.18,22,ASK
2018-12-17 09:53:51,PG,95.16,6,BID
2018-12-17 09:53:50,PG,95.18,22,ASK
2018-12-17 09:53:52,PG,95.17,7,BID
2018-12-17 09:53:52,PG,95.18,16,ASK
2018-12-17 09:53:53,PG,95.16,6,BID
2018-12-17 09:53:53,PG,95.17,11,ASK
2018-12-17 09:53:54,PG,95.17,1,BID
2018-12-17 09:53:52,PG,95.18,14,ASK
2018-12-17 09:53:54,PG,95.16,7,BID
2018-12-17 09:53:52,PG,95.18,16,ASK
2018-12-17 09:53:57,PG,95.17,7,BID
2018-12-17 09:53:57,PG,95.18,13,ASK
2018-12-17 09:53:57,PG,95.17,7,BID
2018-12-17 09:53:57,PG,95.18,13,ASK
2018-12-17 09:53:58,PG,95.16,5,BID
2018-12-17 09:53:58,PG,95.17,5,ASK
2018-12-17 09:54:00,PG,95.17,1,BID
2018-12-17 09:53:57,PG,95.18,14,ASK
2018-12-17 09:53:58,PG,95.16,7,BID
2018-12-17 09:53:57,PG,95.18,15,ASK
2018-12-17 09:54:02,PG,95.15,8,BID
2018-12-17 09:54:02,PG,95.17,2,ASK
2018-12-17 09:54:03,PG,95.15,7,BID
2018-12-17 09:54:03,PG,95.17,3,ASK
2018-12-17 09:54:04,PG,95.15,7,BID
2018-12-17 09:53:57,PG,95.18,16,ASK
2018-12-17 09:54:05,PG,95.16,10,BID
2018-12-17 09:53:57,PG,95.18,14,ASK
2018-12-17 09:54:06,PG,95.17,4,BID
2018-12-17 09:53:57,PG,95.18,10,ASK
2018-12-17 09:54:06,PG,95.18,8,BID
2018-12-17 09:54:06,PG,95.19,9,ASK
2018-12-17 09:54:07,PG,95.17,13,BID
2018-12-17 09:54:07,PG,95.19,12,ASK
2018-12-17 09:54:07,PG,95.17,16,BID
2018-12-17 09:54:07,PG,95.19,12,ASK
2018-12-17 09:54:09,PG,95.17,6,BID
2018-12-17 09:54:09,PG,95.18,2,ASK
2018-12-17 09:54:09,PG,95.17,6,BID
2018-12-17 09:54:09,PG,95.18,4,ASK
2018-12-17 09:54:09,PG,95.17,6,BID
2018-12-17 09:54:09,PG,95.18,4,ASK
2018-12-17 09:54:09,PG,95.17,6,BID
2018-12-17 09:54:09,PG,95.18,3,ASK
2018-12-17 09:54:09,PG,95.17,6,BID
2018-12-17 09:54:09,PG,95.18,4,ASK
2018-12-17 09:54:14,PG,95.15,6,BID
2018-12-17 09:54:14,PG,95.16,2,ASK
2018-12-17 09:54:14,PG,95.14,7,BID
2018-12-17 09:54:15,PG,95.15,6,ASK
2018-12-17 09:54:16,PG,95.15,4,BID
2018-12-17 09:54:15,PG,95.16,18,ASK
2018-12-17 09:54:17,PG,95.15,8,BID
2018-12-17 09:54:17,PG,95.17,13,ASK
2018-12-17 09:54:18,PG,95.19,1,BID
2018-12-17 09:53:47,PG,95.2,24,ASK
2018-12-17 09:54:19,PG,95.2,2,BID
2018-12-17 09:54:19,PG,95.21,10,ASK
2018-12-17 09:54:21,PG,95.2,1,BID
2018-12-17 09:54:19,PG,95.21,9,ASK
2018-12-17 09:54:21,PG,95.2,1,BID
2018-12-17 09:54:19,PG,95.21,10,ASK
2018-12-17 09:54:23,PG,95.17,14,BID
2018-12-17 09:54:23,PG,95.19,14,ASK
2018-12-17 09:54:23,PG,95.17,12,BID
2018-12-17 09:54:24,PG,95.19,8,ASK
2018-12-17 09:54:23,PG,95.17,12,BID
2018-12-17 09:54:24,PG,95.19,8,ASK
2018-12-17 09:54:26,PG,95.17,9,BID
2018-12-17 09:54:26,PG,95.19,12,ASK
2018-12-17 09:54:27,PG,95.15,9,BID
2018-12-17 09:54:27,PG,95.17,17,ASK
2018-12-17 09:54:28,PG,95.15,6,BID
2018-12-17 09:54:28,PG,95.17,13,ASK
2018-12-17 09:54:28,PG,95.15,6,BID
2018-12-17 09:54:28,PG,95.17,13,ASK
2018-12-17 09:54:28,PG,95.15,6,BID
2018-12-17 09:54:28,PG,95.17,12,ASK
2018-12-17 09:54:28,PG,95.15,6,BID
2018-12-17 09:54:28,PG,95.17,12,ASK
2018-12-17 09:54:32,PG,95.17,13,BID
2018-12-17 09:54:32,PG,95.19,8,ASK
2018-12-17 09:54:32,PG,95.17,13,BID
2018-12-17 09:54:32,PG,95.19,9,ASK
2018-12-17 09:54:34,PG,95.18,10,BID
2018-12-17 09:54:34,PG,95.19,1,ASK
2018-12-17 09:54:35,PG,95.18,9,BID
2018-12-17 09:54:35,PG,95.2,13,ASK
2018-12-17 09:54:36,PG,95.2,3,BID
2018-12-17 09:54:23,PG,95.21,12,ASK
2018-12-17 09:54:37,PG,95.22,4,BID
2018-12-17 09:54:37,PG,95.23,11,ASK
2018-12-17 09:54:38,PG,95.22,6,BID
2018-12-17 09:54:37,PG,95.23,10,ASK
2018-12-17 09:54:39,PG,95.22,7,BID
2018-12-17 09:54:37,PG,95.23,12,ASK
2018-12-17 09:54:40,PG,95.22,8,BID
2018-12-17 09:54:37,PG,95.23,12,ASK
2018-12-17 09:54:41,PG,95.22,9,BID
2018-12-17 09:54:37,PG,95.23,12,ASK
2018-12-17 09:54:42,PG,95.23,15,BID
2018-12-17 09:54:42,PG,95.24,6,ASK
2018-12-17 09:54:43,PG,95.23,14,BID
2018-12-17 09:54:43,PG,95.24,6,ASK
2018-12-17 09:54:44,PG,95.24,13,BID
2018-12-17 09:54:44,PG,95.26,12,ASK
2018-12-17 09:54:45,PG,95.25,1,BID
2018-12-17 09:54:44,PG,95.26,10,ASK
2018-12-17 09:54:46,PG,95.25,1,BID
2018-12-17 09:54:44,PG,95.26,11,ASK
2018-12-17 09:54:47,PG,95.25,14,BID
2018-12-17 09:54:47,PG,95.26,16,ASK
2018-12-17 09:54:48,PG,95.25,13,BID
2018-12-17 09:54:48,PG,95.26,16,ASK
2018-12-17 09:54:49,PG,95.25,12,BID
2018-12-17 09:54:49,PG,95.26,16,ASK
2018-12-17 09:54:49,PG,95.25,11,BID
2018-12-17 09:54:50,PG,95.26,18,ASK
2018-12-17 09:54:49,PG,95.25,11,BID
2018-12-17 09:54:51,PG,95.26,17,ASK
2018-12-17 09:54:49,PG,95.25,11,BID
2018-12-17 09:54:51,PG,95.26,18,ASK
2018-12-17 09:54:49,PG,95.25,11,BID
2018-12-17 09:54:53,PG,95.26,17,ASK
2018-12-17 09:54:49,PG,95.25,11,BID
2018-12-17 09:54:53,PG,95.26,18,ASK
2018-12-17 09:54:49,PG,95.25,11,BID
2018-12-17 09:54:53,PG,95.26,17,ASK
2018-12-17 09:54:49,PG,95.25,11,BID
2018-12-17 09:54:53,PG,95.26,18,ASK
2018-12-17 09:54:49,PG,95.25,11,BID
2018-12-17 09:54:53,PG,95.26,19,ASK
2018-12-17 09:54:49,PG,95.25,11,BID
2018-12-17 09:54:53,PG,95.26,19,ASK
2018-12-17 09:54:59,PG,95.24,9,BID
2018-12-17 09:54:59,PG,95.25,14,ASK
2018-12-17 09:55:00,PG,95.24,12,BID
2018-12-17 09:55:00,PG,95.25,14,ASK
2018-12-17 09:55:01,PG,95.26,16,BID
2018-12-17 09:54:46,PG,95.27,14,ASK
2018-12-17 09:55:01,PG,95.29,4,BID
2018-12-17 09:55:01,PG,95.31,16,ASK
2018-12-17 09:55:01,PG,95.29,4,BID
2018-12-17 09:55:01,PG,95.31,17,ASK
2018-12-17 09:55:02,PG,95.29,6,BID
2018-12-17 09:55:01,PG,95.31,14,ASK
2018-12-17 09:55:03,PG,95.27,10,BID
2018-12-17 09:55:03,PG,95.28,8,ASK
2018-12-17 09:55:04,PG,95.26,3,BID
2018-12-17 09:55:03,PG,95.28,13,ASK
2018-12-17 09:55:04,PG,95.26,5,BID
2018-12-17 09:55:04,PG,95.27,2,ASK
2018-12-17 09:55:04,PG,95.26,5,BID
2018-12-17 09:55:04,PG,95.27,1,ASK
2018-12-17 09:55:05,PG,95.25,20,BID
2018-12-17 09:55:05,PG,95.27,3,ASK
2018-12-17 09:55:08,PG,95.25,19,BID
2018-12-17 09:55:08,PG,95.27,4,ASK
2018-12-17 09:55:09,PG,95.23,11,BID
2018-12-17 09:55:09,PG,95.24,4,ASK
2018-12-17 09:55:09,PG,95.23,12,BID
2018-12-17 09:55:09,PG,95.24,4,ASK
2018-12-17 09:55:12,PG,95.24,2,BID
2018-12-17 09:55:12,PG,95.25,10,ASK
2018-12-17 09:55:13,PG,95.24,3,BID
2018-12-17 09:55:14,PG,95.25,10,ASK
2018-12-17 09:55:13,PG,95.24,6,BID
2018-12-17 09:55:15,PG,95.26,18,ASK
2018-12-17 09:55:16,PG,95.24,8,BID
2018-12-17 09:55:16,PG,95.26,19,ASK
2018-12-17 09:55:17,PG,95.24,6,BID
2018-12-17 09:55:17,PG,95.25,2,ASK
2018-12-17 09:55:18,PG,95.24,5,BID
2018-12-17 09:55:18,PG,95.25,3,ASK
2018-12-17 09:55:18,PG,95.24,5,BID
2018-12-17 09:55:18,PG,95.25,12,ASK
2018-12-17 09:55:18,PG,95.24,5,BID
2018-12-17 09:55:18,PG,95.25,10,ASK
2018-12-17 09:54:37,PG,95.21,8,BID
2018-12-17 09:55:21,PG,95.22,2,ASK
2018-12-17 09:55:22,PG,95.21,8,BID
2018-12-17 09:55:22,PG,95.22,5,ASK
2018-12-17 09:55:22,PG,95.21,8,BID
2018-12-17 09:55:23,PG,95.22,4,ASK
2018-12-17 09:55:22,PG,95.21,8,BID
2018-12-17 09:55:23,PG,95.22,4,ASK
2018-12-17 09:54:37,PG,95.2,8,BID
2018-12-17 09:55:25,PG,95.21,20,ASK
2018-12-17 09:55:26,PG,95.18,12,BID
2018-12-17 09:55:26,PG,95.2,10,ASK
2018-12-17 09:55:27,PG,95.21,7,BID
2018-12-17 09:55:27,PG,95.23,19,ASK
2018-12-17 09:55:28,PG,95.21,3,BID
2018-12-17 09:55:28,PG,95.22,7,ASK
2018-12-17 09:55:30,PG,95.21,3,BID
2018-12-17 09:55:28,PG,95.22,7,ASK
2018-12-17 09:55:27,PG,95.2,19,BID
2018-12-17 09:55:28,PG,95.22,12,ASK
2018-12-17 09:55:31,PG,95.19,15,BID
2018-12-17 09:55:31,PG,95.21,12,ASK
2018-12-17 09:55:32,PG,95.2,3,BID
2018-12-17 09:55:32,PG,95.21,7,ASK
2018-12-17 09:55:33,PG,95.19,15,BID
2018-12-17 09:55:33,PG,95.21,8,ASK
2018-12-17 09:55:33,PG,95.19,15,BID
2018-12-17 09:55:33,PG,95.21,8,ASK
2018-12-17 09:55:35,PG,95.2,5,BID
2018-12-17 09:55:33,PG,95.21,10,ASK
2018-12-17 09:55:36,PG,95.2,3,BID
2018-12-17 09:55:33,PG,95.21,10,ASK
2018-12-17 09:55:37,PG,95.2,3,BID
2018-12-17 09:55:33,PG,95.21,10,ASK
2018-12-17 09:55:38,PG,95.18,14,BID
2018-12-17 09:55:38,PG,95.2,14,ASK
2018-12-17 09:55:39,PG,95.18,12,BID
2018-12-17 09:55:39,PG,95.19,15,ASK
2018-12-17 09:55:41,PG,95.16,16,BID
2018-12-17 09:55:41,PG,95.17,2,ASK
2018-12-17 09:55:41,PG,95.17,2,BID
2018-12-17 09:55:41,PG,95.18,19,ASK
2018-12-17 09:55:42,PG,95.17,5,BID
2018-12-17 09:55:42,PG,95.18,11,ASK
2018-12-17 09:55:43,PG,95.17,5,BID
2018-12-17 09:55:43,PG,95.18,11,ASK
2018-12-17 09:55:45,PG,95.18,7,BID
2018-12-17 09:55:44,PG,95.19,13,ASK
2018-12-17 09:55:45,PG,95.18,7,BID
2018-12-17 09:55:45,PG,95.19,12,ASK
2018-12-17 09:55:46,PG,95.18,7,BID
2018-12-17 09:55:46,PG,95.19,12,ASK
2018-12-17 09:55:47,PG,95.18,1,BID
2018-12-17 09:55:47,PG,95.19,16,ASK
2018-12-17 09:55:49,PG,95.17,7,BID
2018-12-17 09:55:48,PG,95.19,16,ASK
2018-12-17 09:55:49,PG,95.17,7,BID
2018-12-17 09:55:49,PG,95.19,16,ASK
2018-12-17 09:55:50,PG,95.17,7,BID
2018-12-17 09:55:50,PG,95.19,16,ASK
2018-12-17 09:55:51,PG,95.17,7,BID
2018-12-17 09:55:51,PG,95.18,6,ASK
2018-12-17 09:55:52,PG,95.16,13,BID
2018-12-17 09:55:52,PG,95.18,15,ASK
2018-12-17 09:55:53,PG,95.15,13,BID
2018-12-17 09:55:53,PG,95.16,6,ASK
2018-12-17 09:55:54,PG,95.15,13,BID
2018-12-17 09:55:54,PG,95.16,8,ASK
2018-12-17 09:55:55,PG,95.14,9,BID
2018-12-17 09:55:55,PG,95.15,22,ASK
2018-12-17 09:55:55,PG,95.14,9,BID
2018-12-17 09:55:57,PG,95.15,22,ASK
2018-12-17 09:55:55,PG,95.14,9,BID
2018-12-17 09:55:57,PG,95.15,22,ASK
2018-12-17 09:55:55,PG,95.14,9,BID
2018-12-17 09:55:58,PG,95.15,23,ASK
2018-12-17 09:55:55,PG,95.14,9,BID
2018-12-17 09:56:00,PG,95.15,23,ASK
2018-12-17 09:55:55,PG,95.14,9,BID
2018-12-17 09:56:00,PG,95.15,23,ASK
2018-12-17 09:56:02,PG,95.1,7,BID
2018-12-17 09:56:02,PG,95.11,4,ASK
2018-12-17 09:56:03,PG,95.1,8,BID
2018-12-17 09:56:03,PG,95.11,7,ASK
2018-12-17 09:56:03,PG,95.1,8,BID
2018-12-17 09:56:04,PG,95.11,7,ASK
2018-12-17 09:56:03,PG,95.1,7,BID
2018-12-17 09:56:04,PG,95.11,7,ASK
2018-12-17 09:56:03,PG,95.1,7,BID
2018-12-17 09:56:04,PG,95.11,7,ASK
2018-12-17 09:56:07,PG,95.1,7,BID
2018-12-17 09:56:07,PG,95.11,6,ASK
2018-12-17 09:56:07,PG,95.1,8,BID
2018-12-17 09:56:07,PG,95.11,16,ASK
2018-12-17 09:56:07,PG,95.1,7,BID
2018-12-17 09:56:08,PG,95.11,16,ASK
2018-12-17 09:56:09,PG,95.1,6,BID
2018-12-17 09:56:09,PG,95.11,17,ASK
2018-12-17 09:56:09,PG,95.1,7,BID
2018-12-17 09:56:09,PG,95.11,17,ASK
2018-12-17 09:56:12,PG,95.12,7,BID
2018-12-17 09:56:12,PG,95.13,10,ASK
2018-12-17 09:56:12,PG,95.12,10,BID
2018-12-17 09:56:12,PG,95.13,2,ASK
2018-12-17 09:56:11,PG,95.11,6,BID
2018-12-17 09:56:13,PG,95.13,14,ASK
2018-12-17 09:56:15,PG,95.1,8,BID
2018-12-17 09:56:15,PG,95.11,3,ASK
2018-12-17 09:56:15,PG,95.1,10,BID
2018-12-17 09:56:16,PG,95.11,15,ASK
2018-12-17 09:56:16,PG,95.1,6,BID
2018-12-17 09:56:17,PG,95.11,17,ASK
2018-12-17 09:56:16,PG,95.1,6,BID
2018-12-17 09:56:17,PG,95.11,17,ASK
2018-12-17 09:56:18,PG,95.1,6,BID
2018-12-17 09:56:18,PG,95.11,17,ASK
2018-12-17 09:56:18,PG,95.1,6,BID
2018-12-17 09:56:18,PG,95.11,17,ASK
2018-12-17 09:56:18,PG,95.1,7,BID
2018-12-17 09:56:20,PG,95.11,18,ASK
2018-12-17 09:56:18,PG,95.1,7,BID
2018-12-17 09:56:20,PG,95.11,18,ASK
2018-12-17 09:56:18,PG,95.1,7,BID
2018-12-17 09:56:20,PG,95.11,18,ASK
2018-12-17 09:56:18,PG,95.1,7,BID
2018-12-17 09:56:20,PG,95.11,18,ASK
2018-12-17 09:56:18,PG,95.1,6,BID
2018-12-17 09:56:24,PG,95.11,18,ASK
2018-12-17 09:56:18,PG,95.1,6,BID
2018-12-17 09:56:25,PG,95.11,18,ASK
2018-12-17 09:56:18,PG,95.1,6,BID
2018-12-17 09:56:25,PG,95.11,18,ASK
2018-12-17 09:56:18,PG,95.1,6,BID
2018-12-17 09:56:27,PG,95.11,18,ASK
2018-12-17 09:56:28,PG,95.1,10,BID
2018-12-17 09:56:28,PG,95.11,4,ASK
2018-12-17 09:56:29,PG,95.09,8,BID
2018-12-17 09:56:29,PG,95.1,13,ASK
2018-12-17 09:56:30,PG,95.09,8,BID
2018-12-17 09:56:30,PG,95.1,8,ASK
2018-12-17 09:56:30,PG,95.09,8,BID
2018-12-17 09:56:30,PG,95.1,9,ASK
2018-12-17 09:56:32,PG,95.09,12,BID
2018-12-17 09:56:33,PG,95.1,3,ASK
2018-12-17 09:56:32,PG,95.09,12,BID
2018-12-17 09:56:34,PG,95.1,4,ASK
2018-12-17 09:56:35,PG,95.07,8,BID
2018-12-17 09:56:35,PG,95.08,8,ASK
2018-12-17 09:56:36,PG,95.07,6,BID
2018-12-17 09:56:36,PG,95.08,19,ASK
2018-12-17 09:56:36,PG,95.07,6,BID
2018-12-17 09:56:36,PG,95.08,16,ASK
2018-12-17 09:56:37,PG,95.08,5,BID
2018-12-17 09:56:37,PG,95.09,13,ASK
2018-12-17 09:56:38,PG,95.08,10,BID
2018-12-17 09:56:34,PG,95.1,11,ASK
2018-12-17 09:56:37,PG,95.07,8,BID
2018-12-17 09:56:39,PG,95.09,26,ASK
2018-12-17 09:56:40,PG,95.07,9,BID
2018-12-17 09:56:40,PG,95.09,27,ASK
2018-12-17 09:56:41,PG,95.07,9,BID
2018-12-17 09:56:41,PG,95.09,27,ASK
2018-12-17 09:56:42,PG,95.07,9,BID
2018-12-17 09:56:42,PG,95.08,13,ASK
2018-12-17 09:56:44,PG,95.07,9,BID
2018-12-17 09:56:44,PG,95.09,23,ASK
2018-12-17 09:56:44,PG,95.07,8,BID
2018-12-17 09:56:45,PG,95.09,24,ASK
2018-12-17 09:56:45,PG,95.07,10,BID
2018-12-17 09:56:45,PG,95.09,23,ASK
2018-12-17 09:56:46,PG,95.07,12,BID
2018-12-17 09:56:47,PG,95.08,2,ASK
2018-12-17 09:56:47,PG,95.07,14,BID
2018-12-17 09:56:48,PG,95.08,2,ASK
2018-12-17 09:56:47,PG,95.07,14,BID
2018-12-17 09:56:48,PG,95.09,24,ASK
2018-12-17 09:56:47,PG,95.07,14,BID
2018-12-17 09:56:48,PG,95.09,24,ASK
2018-12-17 09:56:47,PG,95.07,14,BID
2018-12-17 09:56:48,PG,95.09,24,ASK
2018-12-17 09:56:47,PG,95.07,14,BID
2018-12-17 09:56:52,PG,95.09,23,ASK
2018-12-17 09:56:47,PG,95.07,15,BID
2018-12-17 09:56:52,PG,95.09,23,ASK
2018-12-17 09:56:47,PG,95.07,15,BID
2018-12-17 09:56:54,PG,95.09,19,ASK
2018-12-17 09:56:55,PG,95.08,10,BID
2018-12-17 09:56:55,PG,95.09,19,ASK
2018-12-17 09:56:47,PG,95.07,17,BID
2018-12-17 09:56:56,PG,95.09,18,ASK
2018-12-17 09:56:47,PG,95.07,16,BID
2018-12-17 09:56:56,PG,95.09,18,ASK
2018-12-17 09:56:47,PG,95.07,16,BID
2018-12-17 09:56:56,PG,95.09,18,ASK
2018-12-17 09:56:47,PG,95.07,16,BID
2018-12-17 09:56:56,PG,95.09,18,ASK
2018-12-17 09:56:47,PG,95.07,16,BID
2018-12-17 09:56:56,PG,95.09,18,ASK
2018-12-17 09:56:47,PG,95.07,17,BID
2018-12-17 09:57:01,PG,95.09,18,ASK
2018-12-17 09:56:47,PG,95.07,16,BID
2018-12-17 09:57:02,PG,95.08,4,ASK
2018-12-17 09:57:02,PG,95.05,7,BID
2018-12-17 09:57:02,PG,95.06,2,ASK
2018-12-17 09:57:04,PG,95.04,4,BID
2018-12-17 09:57:04,PG,95.05,4,ASK
2018-12-17 09:57:04,PG,95.04,4,BID
2018-12-17 09:57:04,PG,95.05,6,ASK
2018-12-17 09:57:04,PG,95.04,4,BID
2018-12-17 09:57:05,PG,95.05,10,ASK
2018-12-17 09:57:07,PG,95.02,6,BID
2018-12-17 09:57:07,PG,95.03,7,ASK
2018-12-17 09:57:08,PG,95.03,6,BID
2018-12-17 09:57:08,PG,95.05,10,ASK
2018-12-17 09:57:09,PG,95.03,16,BID
2018-12-17 09:57:09,PG,95.05,10,ASK
2018-12-17 09:57:09,PG,95.04,2,BID
2018-12-17 09:57:09,PG,95.05,11,ASK
2018-12-17 09:57:11,PG,95.04,5,BID
2018-12-17 09:57:11,PG,95.05,11,ASK
2018-12-17 09:57:11,PG,95.04,14,BID
2018-12-17 09:57:11,PG,95.05,11,ASK
2018-12-17 09:57:11,PG,95.04,14,BID
2018-12-17 09:57:11,PG,95.05,11,ASK
2018-12-17 09:57:07,PG,95.02,6,BID
2018-12-17 09:57:14,PG,95.04,24,ASK
2018-12-17 09:57:14,PG,95.02,5,BID
2018-12-17 09:57:14,PG,95.04,25,ASK
2018-12-17 09:57:16,PG,94.98,6,BID
2018-12-17 09:57:16,PG,94.99,2,ASK
2018-12-17 09:57:16,PG,94.98,7,BID
2018-12-17 09:57:16,PG,95.0,12,ASK
2018-12-17 09:57:16,PG,94.98,7,BID
2018-12-17 09:57:16,PG,95.0,12,ASK
2018-12-17 09:57:16,PG,94.98,7,BID
2018-12-17 09:57:16,PG,95.0,12,ASK
2018-12-17 09:57:20,PG,94.98,3,BID
2018-12-17 09:57:20,PG,94.99,16,ASK
2018-12-17 09:57:19,PG,94.97,10,BID
2018-12-17 09:57:21,PG,94.98,5,ASK
2018-12-17 09:57:22,PG,94.96,3,BID
2018-12-17 09:57:22,PG,94.97,10,ASK
2018-12-17 09:57:22,PG,94.97,4,BID
2018-12-17 09:57:22,PG,94.98,11,ASK
2018-12-17 09:57:24,PG,94.98,8,BID
2018-12-17 09:57:24,PG,94.99,13,ASK
2018-12-17 09:57:24,PG,94.98,8,BID
2018-12-17 09:57:24,PG,94.99,13,ASK
2018-12-17 09:57:26,PG,94.97,5,BID
2018-12-17 09:57:24,PG,94.99,17,ASK
2018-12-17 09:57:27,PG,94.98,15,BID
2018-12-17 09:57:27,PG,95.0,15,ASK
2018-12-17 09:57:27,PG,94.99,2,BID
2018-12-17 09:57:27,PG,95.0,16,ASK
2018-12-17 09:57:29,PG,94.99,2,BID
2018-12-17 09:57:27,PG,95.0,18,ASK
2018-12-17 09:57:30,PG,94.99,3,BID
2018-12-17 09:57:29,PG,95.0,23,ASK
2018-12-17 09:57:31,PG,95.0,15,BID
2018-12-17 09:57:15,PG,95.01,13,ASK
2018-12-17 09:57:32,PG,94.99,20,BID
2018-12-17 09:57:32,PG,95.0,6,ASK
2018-12-17 09:57:33,PG,95.0,12,BID
2018-12-17 09:57:33,PG,95.01,11,ASK
2018-12-17 09:57:34,PG,95.0,5,BID
2018-12-17 09:57:34,PG,95.01,11,ASK
2018-12-17 09:57:35,PG,95.02,5,BID
2018-12-17 09:57:35,PG,95.04,24,ASK
2018-12-17 09:57:36,PG,95.03,4,BID
2018-12-17 09:57:36,PG,95.04,10,ASK
2018-12-17 09:57:37,PG,95.05,6,BID
2018-12-17 09:57:37,PG,95.06,10,ASK
2018-12-17 09:57:37,PG,95.05,6,BID
2018-12-17 09:57:37,PG,95.06,10,ASK
2018-12-17 09:57:37,PG,95.05,6,BID
2018-12-17 09:57:37,PG,95.06,10,ASK
2018-12-17 09:57:39,PG,95.05,6,BID
2018-12-17 09:57:37,PG,95.06,9,ASK
2018-12-17 09:57:41,PG,95.07,6,BID
2018-12-17 09:56:39,PG,95.09,17,ASK
2018-12-17 09:57:41,PG,95.08,13,BID
2018-12-17 09:57:41,PG,95.09,1,ASK
2018-12-17 09:57:42,PG,95.08,10,BID
2018-12-17 09:57:43,PG,95.09,1,ASK
2018-12-17 09:57:44,PG,95.08,8,BID
2018-12-17 09:57:43,PG,95.09,5,ASK
2018-12-17 09:57:44,PG,95.08,8,BID
2018-12-17 09:57:43,PG,95.09,5,ASK
2018-12-17 09:57:44,PG,95.08,8,BID
2018-12-17 09:57:43,PG,95.09,5,ASK
2018-12-17 09:57:47,PG,95.07,2,BID
2018-12-17 09:57:47,PG,95.08,17,ASK
2018-12-17 09:57:48,PG,95.07,11,BID
2018-12-17 09:57:48,PG,95.08,1,ASK
2018-12-17 09:57:49,PG,95.05,6,BID
2018-12-17 09:57:49,PG,95.06,5,ASK
2018-12-17 09:57:50,PG,95.04,7,BID
2018-12-17 09:57:50,PG,95.06,15,ASK
2018-12-17 09:57:51,PG,95.05,2,BID
2018-12-17 09:57:51,PG,95.06,15,ASK
2018-12-17 09:57:52,PG,95.04,7,BID
2018-12-17 09:57:52,PG,95.05,10,ASK
2018-12-17 09:57:53,PG,95.05,5,BID
2018-12-17 09:57:52,PG,95.06,13,ASK
2018-12-17 09:57:54,PG,95.04,8,BID
2018-12-17 09:57:54,PG,95.05,20,ASK
2018-12-17 09:57:54,PG,95.04,8,BID
2018-12-17 09:57:53,PG,95.06,18,ASK
2018-12-17 09:57:56,PG,95.05,1,BID
2018-12-17 09:57:53,PG,95.06,16,ASK
2018-12-17 09:57:56,PG,95.05,2,BID
2018-12-17 09:57:53,PG,95.06,16,ASK
2018-12-17 09:57:56,PG,95.05,2,BID
2018-12-17 09:57:53,PG,95.06,16,ASK
2018-12-17 09:57:56,PG,95.05,2,BID
2018-12-17 09:57:53,PG,95.06,16,ASK
2018-12-17 09:57:59,PG,95.05,15,BID
2018-12-17 09:57:59,PG,95.06,15,ASK
2018-12-17 09:57:54,PG,95.04,10,BID
2018-12-17 09:57:59,PG,95.06,15,ASK
2018-12-17 09:57:54,PG,95.04,10,BID
2018-12-17 09:57:59,PG,95.06,15,ASK
2018-12-17 09:58:02,PG,95.05,1,BID
2018-12-17 09:57:59,PG,95.06,15,ASK
2018-12-17 09:57:54,PG,95.04,11,BID
2018-12-17 09:58:04,PG,95.05,1,ASK
2018-12-17 09:57:54,PG,95.04,11,BID
2018-12-17 09:58:05,PG,95.05,13,ASK
2018-12-17 09:57:54,PG,95.04,11,BID
2018-12-17 09:58:06,PG,95.05,13,ASK
2018-12-17 09:57:54,PG,95.04,11,BID
2018-12-17 09:58:06,PG,95.05,13,ASK
2018-12-17 09:57:54,PG,95.04,11,BID
2018-12-17 09:58:06,PG,95.05,13,ASK
2018-12-17 09:58:09,PG,95.03,10,BID
2018-12-17 09:58:09,PG,95.04,28,ASK
2018-12-17 09:58:09,PG,95.03,10,BID
2018-12-17 09:58:09,PG,95.04,28,ASK
2018-12-17 09:58:09,PG,95.03,10,BID
2018-12-17 09:58:10,PG,95.04,26,ASK
2018-12-17 09:57:34,PG,95.0,8,BID
2018-12-17 09:58:12,PG,95.02,12,ASK
2018-12-17 09:58:12,PG,95.0,12,BID
2018-12-17 09:58:12,PG,95.02,12,ASK
2018-12-17 09:58:14,PG,95.0,11,BID
2018-12-17 09:58:14,PG,95.01,3,ASK
2018-12-17 09:58:14,PG,95.0,11,BID
2018-12-17 09:58:14,PG,95.01,3,ASK
2018-12-17 09:58:14,PG,95.0,12,BID
2018-12-17 09:58:15,PG,95.01,3,ASK
2018-12-17 09:58:14,PG,95.0,12,BID
2018-12-17 09:58:15,PG,95.01,3,ASK
2018-12-17 09:58:14,PG,95.0,12,BID
2018-12-17 09:58:15,PG,95.01,5,ASK
2018-12-17 09:58:14,PG,95.0,13,BID
2018-12-17 09:58:15,PG,95.01,5,ASK
2018-12-17 09:58:14,PG,95.0,13,BID
2018-12-17 09:58:15,PG,95.01,5,ASK
2018-12-17 09:58:21,PG,95.0,27,BID
2018-12-17 09:58:12,PG,95.02,11,ASK
2018-12-17 09:58:22,PG,95.02,6,BID
2018-12-17 09:58:22,PG,95.03,15,ASK
2018-12-17 09:58:22,PG,95.02,6,BID
2018-12-17 09:58:22,PG,95.03,14,ASK
2018-12-17 09:58:22,PG,95.02,6,BID
2018-12-17 09:58:22,PG,95.03,14,ASK
2018-12-17 09:58:25,PG,95.03,11,BID
2018-12-17 09:58:25,PG,95.05,10,ASK
2018-12-17 09:58:26,PG,95.03,12,BID
2018-12-17 09:58:03,PG,95.06,19,ASK
2018-12-17 09:58:27,PG,95.03,6,BID
2018-12-17 09:58:27,PG,95.04,1,ASK
2018-12-17 09:58:25,PG,95.02,11,BID
2018-12-17 09:58:28,PG,95.03,6,ASK
2018-12-17 09:58:25,PG,95.02,11,BID
2018-12-17 09:58:28,PG,95.04,14,ASK
2018-12-17 09:58:25,PG,95.02,11,BID
2018-12-17 09:58:30,PG,95.04,14,ASK
2018-12-17 09:58:25,PG,95.02,11,BID
2018-12-17 09:58:30,PG,95.04,14,ASK
2018-12-17 09:58:25,PG,95.02,11,BID
2018-12-17 09:58:30,PG,95.04,14,ASK
2018-12-17 09:58:25,PG,95.02,11,BID
2018-12-17 09:58:30,PG,95.04,14,ASK
2018-12-17 09:58:25,PG,95.02,9,BID
2018-12-17 09:58:33,PG,95.04,17,ASK
2018-12-17 09:58:25,PG,95.02,8,BID
2018-12-17 09:58:33,PG,95.04,18,ASK
2018-12-17 09:58:25,PG,95.02,9,BID
2018-12-17 09:58:33,PG,95.04,17,ASK
2018-12-17 09:58:25,PG,95.02,8,BID
2018-12-17 09:58:33,PG,95.04,17,ASK
2018-12-17 09:58:25,PG,95.02,9,BID
2018-12-17 09:58:33,PG,95.04,17,ASK
2018-12-17 09:58:25,PG,95.02,9,BID
2018-12-17 09:58:33,PG,95.04,17,ASK
2018-12-17 09:58:25,PG,95.02,9,BID
2018-12-17 09:58:33,PG,95.04,17,ASK
2018-12-17 09:58:25,PG,95.02,9,BID
2018-12-17 09:58:33,PG,95.04,17,ASK
2018-12-17 09:58:25,PG,95.02,9,BID
2018-12-17 09:58:33,PG,95.04,17,ASK
2018-12-17 09:58:25,PG,95.02,9,BID
2018-12-17 09:58:33,PG,95.04,17,ASK
2018-12-17 09:58:44,PG,95.01,2,BID
2018-12-17 09:58:44,PG,95.02,9,ASK
2018-12-17 09:58:45,PG,94.97,11,BID
2018-12-17 09:58:45,PG,94.99,10,ASK
2018-12-17 09:58:46,PG,94.97,10,BID
2018-12-17 09:58:46,PG,94.99,5,ASK
2018-12-17 09:58:47,PG,94.97,10,BID
2018-12-17 09:58:46,PG,95.0,15,ASK
2018-12-17 09:58:47,PG,94.97,10,BID
2018-12-17 09:58:46,PG,95.0,15,ASK
2018-12-17 09:58:48,PG,94.97,10,BID
2018-12-17 09:58:46,PG,95.0,15,ASK
2018-12-17 09:58:50,PG,94.98,2,BID
2018-12-17 09:58:46,PG,95.0,13,ASK
2018-12-17 09:58:50,PG,94.98,2,BID
2018-12-17 09:58:46,PG,95.0,13,ASK
2018-12-17 09:58:50,PG,94.98,2,BID
2018-12-17 09:58:46,PG,95.0,13,ASK
2018-12-17 09:58:53,PG,94.98,2,BID
2018-12-17 09:58:46,PG,95.0,13,ASK
2018-12-17 09:58:54,PG,94.97,10,BID
2018-12-17 09:58:54,PG,94.98,16,ASK
2018-12-17 09:58:55,PG,94.93,9,BID
2018-12-17 09:58:55,PG,94.95,3,ASK
2018-12-17 09:58:56,PG,94.94,6,BID
2018-12-17 09:58:56,PG,94.96,4,ASK
2018-12-17 09:58:57,PG,94.94,7,BID
2018-12-17 09:58:56,PG,94.96,4,ASK
2018-12-17 09:58:58,PG,94.96,21,BID
2018-12-17 09:58:58,PG,94.97,9,ASK
2018-12-17 09:58:58,PG,94.96,18,BID
2018-12-17 09:58:54,PG,94.98,13,ASK
2018-12-17 09:58:58,PG,94.96,17,BID
2018-12-17 09:59:00,PG,94.98,16,ASK
2018-12-17 09:58:58,PG,94.96,17,BID
2018-12-17 09:59:01,PG,94.97,3,ASK
2018-12-17 09:59:02,PG,94.94,7,BID
2018-12-17 09:59:02,PG,94.96,6,ASK
2018-12-17 09:59:02,PG,94.94,7,BID
2018-12-17 09:59:02,PG,94.96,6,ASK
2018-12-17 09:59:02,PG,94.94,9,BID
2018-12-17 09:59:03,PG,94.96,7,ASK
2018-12-17 09:59:02,PG,94.94,10,BID
2018-12-17 09:59:05,PG,94.96,7,ASK
2018-12-17 09:59:05,PG,94.94,11,BID
2018-12-17 09:59:05,PG,94.96,7,ASK
2018-12-17 09:59:07,PG,94.97,2,BID
2018-12-17 09:59:07,PG,94.98,18,ASK
2018-12-17 09:59:08,PG,94.96,13,BID
2018-12-17 09:59:08,PG,94.98,23,ASK
2018-12-17 09:59:09,PG,94.95,10,BID
2018-12-17 09:59:09,PG,94.97,13,ASK
2018-12-17 09:59:10,PG,94.95,10,BID
2018-12-17 09:59:10,PG,94.98,23,ASK
2018-12-17 09:59:11,PG,94.97,2,BID
2018-12-17 09:59:11,PG,94.98,20,ASK
2018-12-17 09:59:11,PG,94.97,2,BID
2018-12-17 09:59:11,PG,94.98,20,ASK
2018-12-17 09:59:11,PG,94.97,3,BID
2018-12-17 09:59:12,PG,94.98,20,ASK
2018-12-17 09:59:07,PG,94.95,13,BID
2018-12-17 09:59:14,PG,94.97,10,ASK
2018-12-17 09:59:07,PG,94.95,14,BID
2018-12-17 09:58:54,PG,94.98,19,ASK
2018-12-17 09:59:07,PG,94.95,14,BID
2018-12-17 09:58:54,PG,94.98,18,ASK
2018-12-17 09:59:17,PG,94.97,1,BID
2018-12-17 09:58:54,PG,94.98,17,ASK
2018-12-17 09:59:18,PG,94.96,4,BID
2018-12-17 09:58:54,PG,94.98,17,ASK
2018-12-17 09:59:19,PG,94.97,4,BID
2018-12-17 09:58:54,PG,94.98,17,ASK
2018-12-17 09:59:19,PG,94.97,3,BID
2018-12-17 09:59:20,PG,94.98,18,ASK
2018-12-17 09:59:19,PG,94.97,3,BID
2018-12-17 09:59:20,PG,94.98,18,ASK
2018-12-17 09:59:22,PG,94.96,11,BID
2018-12-17 09:59:22,PG,94.98,19,ASK
2018-12-17 09:59:22,PG,94.96,11,BID
2018-12-17 09:59:23,PG,94.98,19,ASK
2018-12-17 09:59:24,PG,94.96,11,BID
2018-12-17 09:59:24,PG,94.97,6,ASK
2018-12-17 09:59:25,PG,94.98,9,BID
2018-12-17 09:58:54,PG,94.99,15,ASK
2018-12-17 09:59:26,PG,94.98,10,BID
2018-12-17 09:58:54,PG,94.99,14,ASK
2018-12-17 09:59:27,PG,94.99,10,BID
2018-12-17 09:59:27,PG,95.0,13,ASK
2018-12-17 09:59:28,PG,95.0,15,BID
2018-12-17 09:59:28,PG,95.02,9,ASK
2018-12-17 09:59:29,PG,95.0,9,BID
2018-12-17 09:59:29,PG,95.01,1,ASK
2018-12-17 09:59:30,PG,94.99,15,BID
2018-12-17 09:59:30,PG,95.02,8,ASK
2018-12-17 09:59:31,PG,95.01,2,BID
2018-12-17 09:59:30,PG,95.02,11,ASK
2018-12-17 09:59:30,PG,94.99,16,BID
2018-12-17 09:59:32,PG,95.02,15,ASK
2018-12-17 09:59:30,PG,94.99,24,BID
2018-12-17 09:59:33,PG,95.02,15,ASK
2018-12-17 09:59:30,PG,94.99,24,BID
2018-12-17 09:59:33,PG,95.02,14,ASK
2018-12-17 09:59:30,PG,94.99,24,BID
2018-12-17 09:59:36,PG,95.02,8,ASK
2018-12-17 09:59:36,PG,95.03,4,BID
2018-12-17 09:59:36,PG,95.04,11,ASK
2018-12-17 09:59:36,PG,95.03,8,BID
2018-12-17 09:59:36,PG,95.04,12,ASK
2018-12-17 09:59:36,PG,95.03,7,BID
2018-12-17 09:59:36,PG,95.04,12,ASK
2018-12-17 09:59:37,PG,95.03,10,BID
2018-12-17 09:59:37,PG,95.05,7,ASK
2018-12-17 09:59:38,PG,95.04,10,BID
2018-12-17 09:59:38,PG,95.06,3,ASK
2018-12-17 09:59:41,PG,95.04,7,BID
2018-12-17 09:59:41,PG,95.05,2,ASK
2018-12-17 09:59:41,PG,95.03,11,BID
2018-12-17 09:59:41,PG,95.04,13,ASK
2018-12-17 09:59:43,PG,95.03,11,BID
2018-12-17 09:59:41,PG,95.04,13,ASK
2018-12-17 09:59:44,PG,95.03,10,BID
2018-12-17 09:59:45,PG,95.04,14,ASK
2018-12-17 09:59:45,PG,95.03,6,BID
2018-12-17 09:59:45,PG,95.04,14,ASK
2018-12-17 09:59:46,PG,95.03,6,BID
2018-12-17 09:59:45,PG,95.04,14,ASK
2018-12-17 09:59:47,PG,95.03,7,BID
2018-12-17 09:59:47,PG,95.04,14,ASK
2018-12-17 09:59:49,PG,95.04,9,BID
2018-12-17 09:59:49,PG,95.06,5,ASK
2018-12-17 09:59:49,PG,95.04,8,BID
2018-12-17 09:59:49,PG,95.06,6,ASK
2018-12-17 09:59:50,PG,95.06,5,BID
2018-12-17 09:59:50,PG,95.08,13,ASK
2018-12-17 09:59:50,PG,95.06,7,BID
2018-12-17 09:59:50,PG,95.08,11,ASK
2018-12-17 09:59:52,PG,95.08,3,BID
2018-12-17 09:59:52,PG,95.09,3,ASK
2018-12-17 09:59:53,PG,95.05,6,BID
2018-12-17 09:59:53,PG,95.07,3,ASK
2018-12-17 09:59:54,PG,95.07,3,BID
2018-12-17 09:59:54,PG,95.09,11,ASK
2018-12-17 09:59:53,PG,95.05,5,BID
2018-12-17 09:59:54,PG,95.07,2,ASK
2018-12-17 09:59:55,PG,95.05,4,BID
2018-12-17 09:59:55,PG,95.07,1,ASK
2018-12-17 09:59:57,PG,95.06,3,BID
2018-12-17 09:59:57,PG,95.08,7,ASK
2018-12-17 09:59:58,PG,95.05,2,BID
2018-12-17 09:59:58,PG,95.06,1,ASK
2018-12-17 09:59:59,PG,95.05,2,BID
2018-12-17 09:59:59,PG,95.06,3,ASK
2018-12-17 10:00:00,PG,95.05,7,BID
2018-12-17 09:59:58,PG,95.07,10,ASK
2018-12-17 09:59:49,PG,95.03,12,BID
2018-12-17 10:00:00,PG,95.05,4,ASK
2018-12-17 09:59:49,PG,95.03,12,BID
2018-12-17 10:00:00,PG,95.05,4,ASK
2018-12-17 10:00:02,PG,95.06,4,BID
2018-12-17 10:00:01,PG,95.07,7,ASK
2018-12-17 10:00:02,PG,95.07,3,BID
2018-12-17 09:59:57,PG,95.08,7,ASK
2018-12-17 09:59:30,PG,94.99,17,BID
2018-12-17 10:00:02,PG,95.01,4,ASK
2018-12-17 10:00:04,PG,95.0,1,BID
2018-12-17 10:00:04,PG,95.03,8,ASK
2018-12-17 10:00:05,PG,95.0,1,BID
2018-12-17 10:00:05,PG,95.03,7,ASK
2018-12-17 10:00:07,PG,95.0,9,BID
2018-12-17 10:00:07,PG,95.03,6,ASK
2018-12-17 10:00:07,PG,95.0,9,BID
2018-12-17 10:00:07,PG,95.03,6,ASK
2018-12-17 10:00:07,PG,95.04,2,BID
2018-12-17 10:00:07,PG,95.05,1,ASK
2018-12-17 10:00:08,PG,95.03,6,BID
2018-12-17 10:00:08,PG,95.05,5,ASK
2018-12-17 10:00:09,PG,95.05,3,BID
2018-12-17 10:00:09,PG,95.07,3,ASK
2018-12-17 10:00:09,PG,95.03,10,BID
2018-12-17 10:00:09,PG,95.05,3,ASK
2018-12-17 10:00:10,PG,95.0,3,BID
2018-12-17 10:00:10,PG,95.03,7,ASK
2018-12-17 10:00:03,PG,94.99,17,BID
2018-12-17 10:00:12,PG,95.01,2,ASK
2018-12-17 10:00:13,PG,94.98,1,BID
2018-12-17 10:00:13,PG,95.01,5,ASK
2018-12-17 10:00:15,PG,94.99,3,BID
2018-12-17 10:00:15,PG,95.02,3,ASK
2018-12-17 10:00:15,PG,94.99,4,BID
2018-12-17 10:00:15,PG,95.02,2,ASK
2018-12-17 10:00:17,PG,94.99,6,BID
2018-12-17 10:00:15,PG,95.02,5,ASK
2018-12-17 10:00:19,PG,95.01,1,BID
2018-12-17 10:00:19,PG,95.03,5,ASK
2018-12-17 10:00:22,PG,95.0,5,BID
2018-12-17 10:00:22,PG,95.02,3,ASK
2018-12-17 10:00:22,PG,95.0,6,BID
2018-12-17 10:00:22,PG,95.02,4,ASK
2018-12-17 10:00:22,PG,95.0,6,BID
2018-12-17 10:00:22,PG,95.02,4,ASK
2018-12-17 10:00:22,PG,95.0,7,BID
2018-12-17 10:00:24,PG,95.02,8,ASK
2018-12-17 10:00:22,PG,95.0,7,BID
2018-12-17 10:00:24,PG,95.02,8,ASK
2018-12-17 10:00:26,PG,94.99,1,BID
2018-12-17 10:00:26,PG,95.01,11,ASK
2018-12-17 10:00:26,PG,94.97,6,BID
2018-12-17 10:00:27,PG,95.0,3,ASK
2018-12-17 10:00:28,PG,94.97,6,BID
2018-12-17 10:00:28,PG,94.99,4,ASK
2018-12-17 10:00:28,PG,94.97,6,BID
2018-12-17 10:00:30,PG,94.99,5,ASK
2018-12-17 10:00:30,PG,94.97,9,BID
2018-12-17 10:00:30,PG,95.0,7,ASK
2018-12-17 10:00:30,PG,94.97,9,BID
2018-12-17 10:00:32,PG,95.0,8,ASK
2018-12-17 10:00:33,PG,94.97,5,BID
2018-12-17 10:00:33,PG,94.99,2,ASK
2018-12-17 10:00:34,PG,94.97,12,BID
2018-12-17 10:00:33,PG,94.99,9,ASK
2018-12-17 10:00:35,PG,94.97,10,BID
2018-12-17 10:00:35,PG,94.99,8,ASK
2018-12-17 10:00:35,PG,94.97,10,BID
2018-12-17 10:00:35,PG,94.99,9,ASK
2018-12-17 10:00:36,PG,94.97,12,BID
2018-12-17 10:00:37,PG,94.99,8,ASK
2018-12-17 10:00:37,PG,94.98,11,BID
2018-12-17 10:00:37,PG,95.0,12,ASK
2018-12-17 10:00:38,PG,94.99,10,BID
2018-12-17 10:00:38,PG,95.01,11,ASK
2018-12-17 10:00:38,PG,94.99,10,BID
2018-12-17 10:00:38,PG,95.01,11,ASK
2018-12-17 10:00:41,PG,94.98,14,BID
2018-12-17 10:00:41,PG,94.99,15,ASK
2018-12-17 10:00:42,PG,94.98,13,BID
2018-12-17 10:00:41,PG,95.0,15,ASK
2018-12-17 10:00:42,PG,94.98,1,BID
2018-12-17 10:00:42,PG,94.99,5,ASK
2018-12-17 10:00:44,PG,94.97,15,BID
2018-12-17 10:00:44,PG,94.99,4,ASK
2018-12-17 10:00:45,PG,94.97,14,BID
2018-12-17 10:00:45,PG,94.98,1,ASK
2018-12-17 10:00:45,PG,94.97,14,BID
2018-12-17 10:00:45,PG,94.98,2,ASK
2018-12-17 10:00:45,PG,94.97,16,BID
2018-12-17 10:00:46,PG,94.98,2,ASK
2018-12-17 10:00:48,PG,94.97,15,BID
2018-12-17 10:00:47,PG,94.99,9,ASK
2018-12-17 10:00:48,PG,94.97,15,BID
2018-12-17 10:00:47,PG,94.99,9,ASK
2018-12-17 10:00:49,PG,94.97,20,BID
2018-12-17 10:00:47,PG,94.99,10,ASK
2018-12-17 10:00:49,PG,94.97,20,BID
2018-12-17 10:00:47,PG,94.99,11,ASK
2018-12-17 10:00:52,PG,94.97,17,BID
2018-12-17 10:00:47,PG,94.99,23,ASK
2018-12-17 10:00:53,PG,94.95,15,BID
2018-12-17 10:00:53,PG,94.97,2,ASK
2018-12-17 10:00:53,PG,94.95,21,BID
2018-12-17 10:00:54,PG,94.97,3,ASK
2018-12-17 10:00:54,PG,94.97,1,BID
2018-12-17 10:00:53,PG,94.98,15,ASK
2018-12-17 10:00:55,PG,94.95,17,BID
2018-12-17 10:00:55,PG,94.97,5,ASK
2018-12-17 10:00:56,PG,94.94,15,BID
2018-12-17 10:00:56,PG,94.96,9,ASK
2018-12-17 10:00:58,PG,94.96,13,BID
2018-12-17 10:00:55,PG,94.97,8,ASK
2018-12-17 10:00:58,PG,94.96,13,BID
2018-12-17 10:00:55,PG,94.97,8,ASK
2018-12-17 10:01:00,PG,94.95,11,BID
2018-12-17 10:01:00,PG,94.96,1,ASK
2018-12-17 10:01:00,PG,94.96,3,BID
2018-12-17 10:00:55,PG,94.97,10,ASK
2018-12-17 10:01:00,PG,94.96,3,BID
2018-12-17 10:00:55,PG,94.97,10,ASK
2018-12-17 10:01:02,PG,94.95,14,BID
2018-12-17 10:01:02,PG,94.96,12,ASK
2018-12-17 10:01:03,PG,94.96,12,BID
2018-12-17 10:00:55,PG,94.97,10,ASK
2018-12-17 10:01:04,PG,94.96,8,BID
2018-12-17 10:00:55,PG,94.97,10,ASK
2018-12-17 10:01:02,PG,94.95,14,BID
2018-12-17 10:01:06,PG,94.97,16,ASK
2018-12-17 10:01:02,PG,94.95,16,BID
2018-12-17 10:01:06,PG,94.97,15,ASK
2018-12-17 10:01:02,PG,94.95,16,BID
2018-12-17 10:01:06,PG,94.97,15,ASK
2018-12-17 10:01:02,PG,94.95,16,BID
2018-12-17 10:01:06,PG,94.97,15,ASK
2018-12-17 10:01:10,PG,94.96,1,BID
2018-12-17 10:01:06,PG,94.97,15,ASK
2018-12-17 10:01:02,PG,94.95,16,BID
2018-12-17 10:01:06,PG,94.97,15,ASK
2018-12-17 10:01:12,PG,94.95,9,BID
2018-12-17 10:01:06,PG,94.97,15,ASK
2018-12-17 10:01:12,PG,94.95,10,BID
2018-12-17 10:01:06,PG,94.97,15,ASK
2018-12-17 10:01:13,PG,94.95,1,BID
2018-12-17 10:01:13,PG,94.96,12,ASK
2018-12-17 10:01:15,PG,94.95,1,BID
2018-12-17 10:01:15,PG,94.96,11,ASK
2018-12-17 10:01:15,PG,94.95,1,BID
2018-12-17 10:01:15,PG,94.96,11,ASK
2018-12-17 10:01:17,PG,94.95,1,BID
2018-12-17 10:01:17,PG,94.96,12,ASK
2018-12-17 10:01:17,PG,94.94,2,BID
2018-12-17 10:01:17,PG,94.95,9,ASK
2018-12-17 10:01:19,PG,94.94,5,BID
2018-12-17 10:01:17,PG,94.95,11,ASK
2018-12-17 10:01:20,PG,94.94,5,BID
2018-12-17 10:01:17,PG,94.95,11,ASK
2018-12-17 10:01:20,PG,94.94,13,BID
2018-12-17 10:01:21,PG,94.96,28,ASK
2018-12-17 10:01:22,PG,94.94,15,BID
2018-12-17 10:01:22,PG,94.95,14,ASK
2018-12-17 10:01:23,PG,94.95,13,BID
2018-12-17 10:01:23,PG,94.96,18,ASK
2018-12-17 10:01:23,PG,94.95,19,BID
2018-12-17 10:01:23,PG,94.96,10,ASK
2018-12-17 10:01:22,PG,94.93,19,BID
2018-12-17 10:01:24,PG,94.95,12,ASK
2018-12-17 10:01:26,PG,94.93,21,BID
2018-12-17 10:01:26,PG,94.95,8,ASK
2018-12-17 10:01:26,PG,94.93,16,BID
2018-12-17 10:01:26,PG,94.95,7,ASK
2018-12-17 10:01:26,PG,94.93,16,BID
2018-12-17 10:01:26,PG,94.95,7,ASK
2018-12-17 10:01:26,PG,94.93,16,BID
2018-12-17 10:01:26,PG,94.95,7,ASK
2018-12-17 10:01:26,PG,94.93,17,BID
2018-12-17 10:01:26,PG,94.95,7,ASK
2018-12-17 10:01:30,PG,94.93,16,BID
2018-12-17 10:01:26,PG,94.95,7,ASK
2018-12-17 10:01:32,PG,94.93,18,BID
2018-12-17 10:01:32,PG,94.94,4,ASK
2018-12-17 10:01:32,PG,94.93,1,BID
2018-12-17 10:01:32,PG,94.94,10,ASK
2018-12-17 10:01:33,PG,94.93,4,BID
2018-12-17 10:01:32,PG,94.94,9,ASK
2018-12-17 10:01:34,PG,94.94,14,BID
2018-12-17 10:01:34,PG,94.95,12,ASK
2018-12-17 10:01:34,PG,94.93,13,BID
2018-12-17 10:01:35,PG,94.94,9,ASK
2018-12-17 10:01:37,PG,94.93,16,BID
2018-12-17 10:01:37,PG,94.95,14,ASK
2018-12-17 10:01:37,PG,94.93,16,BID
2018-12-17 10:01:37,PG,94.95,14,ASK
2018-12-17 10:01:37,PG,94.93,13,BID
2018-12-17 10:01:38,PG,94.95,15,ASK
2018-12-17 10:01:40,PG,94.94,1,BID
2018-12-17 10:01:38,PG,94.95,13,ASK
2018-12-17 10:01:40,PG,94.94,1,BID
2018-12-17 10:01:38,PG,94.95,13,ASK
2018-12-17 10:01:40,PG,94.94,1,BID
2018-12-17 10:01:38,PG,94.95,13,ASK
2018-12-17 10:01:39,PG,94.93,15,BID
2018-12-17 10:01:42,PG,94.95,14,ASK
2018-12-17 10:01:39,PG,94.93,16,BID
2018-12-17 10:01:43,PG,94.95,12,ASK
2018-12-17 10:01:45,PG,94.94,1,BID
2018-12-17 10:01:43,PG,94.95,11,ASK
2018-12-17 10:01:39,PG,94.93,17,BID
2018-12-17 10:01:43,PG,94.95,11,ASK
2018-12-17 10:01:47,PG,94.93,19,BID
2018-12-17 10:01:46,PG,94.95,14,ASK
2018-12-17 10:01:48,PG,94.95,12,BID
2018-12-17 10:01:24,PG,94.96,15,ASK
2018-12-17 10:01:49,PG,94.95,16,BID
2018-12-17 10:01:49,PG,94.97,21,ASK
2018-12-17 10:01:50,PG,94.97,17,BID
2018-12-17 10:01:50,PG,94.98,3,ASK
2018-12-17 10:01:51,PG,94.98,4,BID
2018-12-17 10:01:49,PG,94.99,9,ASK
2018-12-17 10:01:51,PG,94.97,10,BID
2018-12-17 10:01:52,PG,94.98,5,ASK
2018-12-17 10:01:52,PG,94.97,11,BID
2018-12-17 10:01:52,PG,94.98,7,ASK
2018-12-17 10:01:49,PG,94.95,14,BID
2018-12-17 10:01:54,PG,94.97,18,ASK
2018-12-17 10:01:49,PG,94.95,14,BID
2018-12-17 10:01:54,PG,94.97,18,ASK
2018-12-17 10:01:55,PG,94.97,7,BID
2018-12-17 10:01:55,PG,94.99,12,ASK
2018-12-17 10:01:56,PG,94.96,9,BID
2018-12-17 10:01:56,PG,94.97,13,ASK
2018-12-17 10:01:58,PG,94.95,1,BID
2018-12-17 10:01:58,PG,94.96,12,ASK
2018-12-17 10:01:58,PG,94.95,4,BID
2018-12-17 10:01:58,PG,94.96,11,ASK
2018-12-17 10:02:00,PG,94.95,4,BID
2018-12-17 10:02:00,PG,94.96,2,ASK
2018-12-17 10:02:00,PG,94.95,13,BID
2018-12-17 10:02:01,PG,94.96,5,ASK
2018-12-17 10:02:00,PG,94.95,13,BID
2018-12-17 10:02:01,PG,94.96,5,ASK
2018-12-17 10:02:00,PG,94.95,13,BID
2018-12-17 10:02:03,PG,94.96,5,ASK
2018-12-17 10:02:04,PG,94.95,13,BID
2018-12-17 10:02:04,PG,94.96,5,ASK
2018-12-17 10:02:04,PG,94.95,13,BID
2018-12-17 10:02:04,PG,94.96,5,ASK
2018-12-17 10:02:06,PG,94.95,16,BID
2018-12-17 10:02:06,PG,94.97,11,ASK
2018-12-17 10:02:06,PG,94.95,16,BID
2018-12-17 10:02:06,PG,94.97,11,ASK
2018-12-17 10:02:08,PG,94.97,7,BID
2018-12-17 10:01:55,PG,94.99,13,ASK
2018-12-17 10:02:09,PG,94.97,14,BID
2018-12-17 10:01:55,PG,94.99,13,ASK
2018-12-17 10:02:10,PG,94.97,14,BID
2018-12-17 10:01:55,PG,94.99,10,ASK
2018-12-17 10:02:11,PG,94.96,9,BID
2018-12-17 10:02:11,PG,94.98,14,ASK
2018-12-17 10:02:11,PG,94.96,9,BID
2018-12-17 10:02:11,PG,94.98,14,ASK
2018-12-17 10:02:06,PG,94.95,15,BID
2018-12-17 10:02:13,PG,94.97,15,ASK
2018-12-17 10:02:14,PG,94.96,1,BID
2018-12-17 10:02:14,PG,94.98,19,ASK
2018-12-17 10:02:14,PG,94.96,3,BID
2018-12-17 10:02:13,PG,94.98,19,ASK
2018-12-17 10:02:16,PG,94.98,18,BID
2018-12-17 10:02:16,PG,94.99,21,ASK
2018-12-17 10:02:17,PG,94.98,9,BID
2018-12-17 10:02:17,PG,94.99,22,ASK
2018-12-17 10:02:18,PG,94.97,14,BID
2018-12-17 10:02:18,PG,94.99,23,ASK
2018-12-17 10:02:18,PG,94.97,16,BID
2018-12-17 10:02:19,PG,94.99,22,ASK
2018-12-17 10:02:20,PG,94.98,12,BID
2018-12-17 10:02:20,PG,94.99,22,ASK
2018-12-17 10:02:21,PG,94.98,6,BID
2018-12-17 10:02:21,PG,94.99,19,ASK
2018-12-17 10:02:21,PG,94.98,6,BID
2018-12-17 10:02:21,PG,94.99,19,ASK
2018-12-17 10:02:21,PG,94.98,6,BID
2018-12-17 10:02:21,PG,94.99,19,ASK
2018-12-17 10:02:21,PG,94.98,6,BID
2018-12-17 10:02:21,PG,94.99,19,ASK
2018-12-17 10:02:21,PG,94.98,6,BID
2018-12-17 10:02:21,PG,94.99,19,ASK
2018-12-17 10:02:26,PG,94.98,3,BID
2018-12-17 10:02:26,PG,94.99,21,ASK
2018-12-17 10:02:18,PG,94.97,16,BID
2018-12-17 10:02:27,PG,94.99,21,ASK
2018-12-17 10:02:18,PG,94.97,18,BID
2018-12-17 10:02:27,PG,94.99,21,ASK
2018-12-17 10:02:18,PG,94.97,18,BID
2018-12-17 10:02:27,PG,94.99,21,ASK
2018-12-17 10:02:18,PG,94.97,18,BID
2018-12-17 10:02:27,PG,94.99,21,ASK
2018-12-17 10:02:31,PG,94.98,1,BID
2018-12-17 10:02:27,PG,94.99,22,ASK
2018-12-17 10:02:18,PG,94.97,19,BID
2018-12-17 10:02:27,PG,94.99,22,ASK
2018-12-17 10:02:18,PG,94.97,18,BID
2018-12-17 10:02:27,PG,94.99,22,ASK
2018-12-17 10:02:18,PG,94.97,18,BID
2018-12-17 10:02:27,PG,94.99,22,ASK
2018-12-17 10:02:35,PG,94.99,10,BID
2018-12-17 10:02:35,PG,95.0,18,ASK
2018-12-17 10:02:35,PG,94.99,14,BID
2018-12-17 10:02:35,PG,95.0,18,ASK
2018-12-17 10:02:37,PG,94.98,15,BID
2018-12-17 10:02:37,PG,95.0,22,ASK
2018-12-17 10:02:37,PG,94.98,15,BID
2018-12-17 10:02:37,PG,95.0,22,ASK
2018-12-17 10:02:38,PG,94.98,15,BID
2018-12-17 10:02:38,PG,94.99,1,ASK
2018-12-17 10:02:40,PG,94.99,17,BID
2018-12-17 10:02:39,PG,95.0,20,ASK
2018-12-17 10:02:40,PG,94.99,17,BID
2018-12-17 10:02:39,PG,95.0,20,ASK
2018-12-17 10:02:41,PG,94.99,16,BID
2018-12-17 10:02:39,PG,95.0,20,ASK
2018-12-17 10:02:41,PG,94.99,16,BID
2018-12-17 10:02:39,PG,95.0,20,ASK
2018-12-17 10:02:44,PG,95.0,15,BID
2018-12-17 10:02:44,PG,95.01,21,ASK
2018-12-17 10:02:45,PG,95.0,7,BID
2018-12-17 10:02:44,PG,95.01,17,ASK
2018-12-17 10:02:45,PG,95.0,2,BID
2018-12-17 10:02:44,PG,95.01,18,ASK
2018-12-17 10:02:46,PG,95.0,6,BID
2018-12-17 10:02:44,PG,95.01,17,ASK
2018-12-17 10:02:47,PG,95.0,6,BID
2018-12-17 10:02:44,PG,95.01,17,ASK
2018-12-17 10:02:45,PG,94.99,18,BID
2018-12-17 10:02:44,PG,95.01,17,ASK
2018-12-17 10:02:45,PG,94.99,19,BID
2018-12-17 10:02:44,PG,95.01,19,ASK
2018-12-17 10:02:45,PG,94.99,20,BID
2018-12-17 10:02:44,PG,95.01,19,ASK
2018-12-17 10:02:45,PG,94.99,18,BID
2018-12-17 10:02:52,PG,95.0,10,ASK
2018-12-17 10:02:45,PG,94.99,19,BID
2018-12-17 10:02:44,PG,95.01,19,ASK
2018-12-17 10:02:45,PG,94.99,19,BID
2018-12-17 10:02:44,PG,95.01,19,ASK
2018-12-17 10:02:54,PG,95.0,1,BID
2018-12-17 10:02:54,PG,95.01,12,ASK
2018-12-17 10:02:54,PG,95.0,1,BID
2018-12-17 10:02:54,PG,95.01,12,ASK
2018-12-17 10:02:56,PG,95.0,4,BID
2018-12-17 10:02:56,PG,95.01,12,ASK
2018-12-17 10:02:56,PG,95.0,4,BID
2018-12-17 10:02:56,PG,95.01,12,ASK
2018-12-17 10:02:45,PG,94.99,16,BID
2018-12-17 10:02:59,PG,95.0,19,ASK
2018-12-17 10:03:00,PG,94.99,5,BID
2018-12-17 10:03:00,PG,95.0,8,ASK
2018-12-17 10:03:01,PG,94.99,7,BID
2018-12-17 10:03:00,PG,95.0,7,ASK
2018-12-17 10:03:02,PG,94.99,7,BID
2018-12-17 10:03:02,PG,95.0,18,ASK
2018-12-17 10:03:03,PG,94.98,8,BID
2018-12-17 10:03:03,PG,94.99,7,ASK
2018-12-17 10:03:04,PG,94.98,9,BID
2018-12-17 10:03:04,PG,94.99,12,ASK
2018-12-17 10:03:04,PG,94.98,9,BID
2018-12-17 10:03:04,PG,94.99,12,ASK
2018-12-17 10:03:06,PG,94.98,8,BID
2018-12-17 10:03:04,PG,94.99,13,ASK
2018-12-17 10:03:06,PG,94.98,8,BID
2018-12-17 10:03:04,PG,94.99,14,ASK
2018-12-17 10:03:08,PG,94.98,11,BID
2018-12-17 10:03:08,PG,94.99,11,ASK
2018-12-17 10:03:08,PG,94.98,13,BID
2018-12-17 10:03:09,PG,94.99,15,ASK
2018-12-17 10:03:10,PG,94.99,25,BID
2018-12-17 10:03:02,PG,95.0,17,ASK
2018-12-17 10:03:10,PG,95.0,8,BID
2018-12-17 10:03:10,PG,95.01,10,ASK
2018-12-17 10:03:12,PG,95.01,17,BID
2018-12-17 10:03:12,PG,95.02,14,ASK
2018-12-17 10:03:13,PG,95.01,11,BID
2018-12-17 10:03:12,PG,95.02,13,ASK
2018-12-17 10:03:13,PG,95.0,8,BID
2018-12-17 10:03:14,PG,95.01,9,ASK
2018-12-17 10:03:15,PG,94.99,23,BID
2018-12-17 10:03:15,PG,95.0,19,ASK
2018-12-17 10:03:15,PG,94.99,20,BID
2018-12-17 10:03:15,PG,95.0,19,ASK
2018-12-17 10:03:17,PG,94.99,14,BID
2018-12-17 10:03:17,PG,95.0,18,ASK
2018-12-17 10:03:18,PG,94.98,14,BID
2018-12-17 10:03:18,PG,94.99,13,ASK
2018-12-17 10:03:19,PG,94.95,11,BID
2018-12-17 10:03:19,PG,94.96,14,ASK
2018-12-17 10:03:20,PG,94.91,3,BID
2018-12-17 10:03:20,PG,94.94,8,ASK
2018-12-17 10:03:20,PG,94.91,3,BID
2018-12-17 10:03:20,PG,94.94,12,ASK
2018-12-17 10:03:21,PG,94.92,7,BID
2018-12-17 10:03:22,PG,94.93,7,ASK
2018-12-17 10:03:23,PG,94.93,8,BID
2018-12-17 10:03:23,PG,94.94,16,ASK
2018-12-17 10:03:23,PG,94.93,13,BID
2018-12-17 10:03:23,PG,94.94,24,ASK
2018-12-17 10:03:25,PG,94.93,15,BID
2018-12-17 10:03:25,PG,94.95,12,ASK
2018-12-17 10:03:25,PG,94.93,15,BID
2018-12-17 10:03:25,PG,94.95,17,ASK
2018-12-17 10:03:27,PG,94.94,4,BID
2018-12-17 10:03:27,PG,94.95,20,ASK
2018-12-17 10:03:28,PG,94.94,5,BID
2018-12-17 10:03:28,PG,94.95,23,ASK
2018-12-17 10:03:28,PG,94.94,4,BID
2018-12-17 10:03:28,PG,94.95,21,ASK
2018-12-17 10:03:25,PG,94.93,13,BID
2018-12-17 10:03:30,PG,94.95,20,ASK
2018-12-17 10:03:31,PG,94.95,12,BID
2018-12-17 10:03:19,PG,94.97,20,ASK
2018-12-17 10:03:31,PG,94.95,12,BID
2018-12-17 10:03:32,PG,94.97,24,ASK
2018-12-17 10:03:31,PG,94.95,12,BID
2018-12-17 10:03:33,PG,94.97,24,ASK
2018-12-17 10:03:31,PG,94.95,12,BID
2018-12-17 10:03:34,PG,94.97,24,ASK
2018-12-17 10:03:31,PG,94.95,12,BID
2018-12-17 10:03:34,PG,94.97,24,ASK
2018-12-17 10:03:36,PG,94.95,13,BID
2018-12-17 10:03:36,PG,94.96,15,ASK
2018-12-17 10:03:37,PG,94.95,12,BID
2018-12-17 10:03:37,PG,94.96,18,ASK
2018-12-17 10:03:37,PG,94.95,12,BID
2018-12-17 10:03:38,PG,94.96,19,ASK
2018-12-17 10:03:37,PG,94.95,12,BID
2018-12-17 10:03:38,PG,94.96,19,ASK
2018-12-17 10:03:40,PG,94.95,1,BID
2018-12-17 10:03:38,PG,94.96,20,ASK
2018-12-17 10:03:31,PG,94.94,14,BID
2018-12-17 10:03:38,PG,94.96,20,ASK
2018-12-17 10:03:31,PG,94.94,14,BID
2018-12-17 10:03:38,PG,94.96,20,ASK
2018-12-17 10:03:31,PG,94.94,13,BID
2018-12-17 10:03:43,PG,94.95,5,ASK
2018-12-17 10:03:31,PG,94.94,13,BID
2018-12-17 10:03:43,PG,94.95,5,ASK
2018-12-17 10:03:44,PG,94.94,19,BID
2018-12-17 10:03:44,PG,94.96,16,ASK
2018-12-17 10:03:44,PG,94.94,19,BID
2018-12-17 10:03:46,PG,94.96,21,ASK
2018-12-17 10:03:44,PG,94.94,19,BID
2018-12-17 10:03:46,PG,94.96,21,ASK
2018-12-17 10:03:44,PG,94.94,19,BID
2018-12-17 10:03:46,PG,94.96,21,ASK
2018-12-17 10:03:44,PG,94.94,19,BID
2018-12-17 10:03:46,PG,94.96,21,ASK
2018-12-17 10:03:44,PG,94.94,19,BID
2018-12-17 10:03:50,PG,94.96,21,ASK
2018-12-17 10:03:44,PG,94.94,19,BID
2018-12-17 10:03:51,PG,94.95,1,ASK
2018-12-17 10:03:44,PG,94.94,19,BID
2018-12-17 10:03:52,PG,94.95,11,ASK
2018-12-17 10:03:44,PG,94.94,20,BID
2018-12-17 10:03:52,PG,94.95,15,ASK
2018-12-17 10:03:44,PG,94.94,20,BID
2018-12-17 10:03:52,PG,94.95,15,ASK
2018-12-17 10:03:44,PG,94.94,20,BID
2018-12-17 10:03:52,PG,94.95,14,ASK
2018-12-17 10:03:56,PG,94.91,10,BID
2018-12-17 10:03:56,PG,94.92,16,ASK
2018-12-17 10:03:56,PG,94.91,9,BID
2018-12-17 10:03:57,PG,94.92,5,ASK
2018-12-17 10:03:56,PG,94.91,9,BID
2018-12-17 10:03:58,PG,94.91,2,ASK
2018-12-17 10:03:59,PG,94.88,6,BID
2018-12-17 10:03:59,PG,94.89,11,ASK
2018-12-17 10:03:59,PG,94.88,14,BID
2018-12-17 10:04:00,PG,94.9,6,ASK
2018-12-17 10:04:01,PG,94.88,12,BID
2018-12-17 10:04:01,PG,94.89,16,ASK
2018-12-17 10:04:01,PG,94.88,12,BID
2018-12-17 10:04:02,PG,94.89,18,ASK
2018-12-17 10:04:03,PG,94.89,3,BID
2018-12-17 10:04:03,PG,94.9,9,ASK
2018-12-17 10:04:03,PG,94.89,3,BID
2018-12-17 10:04:03,PG,94.9,9,ASK
2018-12-17 10:04:05,PG,94.89,12,BID
2018-12-17 10:04:05,PG,94.9,13,ASK
2018-12-17 10:04:05,PG,94.89,12,BID
2018-12-17 10:04:05,PG,94.9,13,ASK
2018-12-17 10:04:07,PG,94.88,11,BID
2018-12-17 10:04:07,PG,94.89,14,ASK
2018-12-17 10:04:08,PG,94.87,1,BID
2018-12-17 10:04:08,PG,94.88,2,ASK
2018-12-17 10:04:09,PG,94.88,15,BID
2018-12-17 10:04:09,PG,94.89,13,ASK
2018-12-17 10:04:10,PG,94.89,2,BID
2018-12-17 10:04:10,PG,94.9,16,ASK
2018-12-17 10:04:11,PG,94.9,13,BID
2018-12-17 10:04:11,PG,94.91,8,ASK
2018-12-17 10:04:11,PG,94.91,11,BID
2018-12-17 10:04:11,PG,94.92,7,ASK
