timestamp,ticker,price,volume,bid_ask
2018-12-17 09:40:36,SPY,258.38,3,BID
2018-12-17 09:40:30,SPY,258.39,17,ASK
2018-12-17 09:40:37,SPY,258.38,4,BID
2018-12-17 09:40:37,SPY,258.39,6,ASK
2018-12-17 09:40:38,SPY,258.39,10,BID
2018-12-17 09:40:38,SPY,258.4,21,ASK
2018-12-17 09:40:39,SPY,258.39,10,BID
2018-12-17 09:40:39,SPY,258.39,3,ASK
2018-12-17 09:40:40,SPY,258.39,6,BID
2018-12-17 09:40:40,SPY,258.4,7,ASK
2018-12-17 09:40:41,SPY,258.37,21,BID
2018-12-17 09:40:41,SPY,258.38,10,ASK
2018-12-17 09:40:42,SPY,258.34,38,BID
2018-12-17 09:40:42,SPY,258.35,32,ASK
2018-12-17 09:40:43,SPY,258.32,61,BID
2018-12-17 09:40:43,SPY,258.33,5,ASK
2018-12-17 09:40:44,SPY,258.32,61,BID
2018-12-17 09:40:43,SPY,258.34,9,ASK
2018-12-17 09:40:44,SPY,258.36,50,BID
2018-12-17 09:40:45,SPY,258.37,45,ASK
2018-12-17 09:40:46,SPY,258.33,27,BID
2018-12-17 09:40:46,SPY,258.34,5,ASK
2018-12-17 09:40:47,SPY,258.38,23,BID
2018-12-17 09:40:47,SPY,258.4,29,ASK
2018-12-17 09:40:47,SPY,258.39,11,BID
2018-12-17 09:40:47,SPY,258.4,58,ASK
2018-12-17 09:40:49,SPY,258.38,6,BID
2018-12-17 09:40:48,SPY,258.39,14,ASK
2018-12-17 09:40:49,SPY,258.36,10,BID
2018-12-17 09:40:49,SPY,258.37,4,ASK
2018-12-17 09:40:51,SPY,258.39,27,BID
2018-12-17 09:40:51,SPY,258.4,18,ASK
2018-12-17 09:40:52,SPY,258.4,2,BID
2018-12-17 09:40:52,SPY,258.41,27,ASK
2018-12-17 09:40:52,SPY,258.38,7,BID
2018-12-17 09:40:52,SPY,258.39,6,ASK
2018-12-17 09:40:54,SPY,258.4,14,BID
2018-12-17 09:40:54,SPY,258.41,32,ASK
2018-12-17 09:40:55,SPY,258.41,19,BID
2018-12-17 09:40:55,SPY,258.42,10,ASK
2018-12-17 09:40:54,SPY,258.4,38,BID
2018-12-17 09:40:56,SPY,258.42,14,ASK
2018-12-17 09:40:57,SPY,258.38,38,BID
2018-12-17 09:40:57,SPY,258.39,11,ASK
2018-12-17 09:40:57,SPY,258.37,46,BID
2018-12-17 09:40:58,SPY,258.38,31,ASK
2018-12-17 09:40:59,SPY,258.35,8,BID
2018-12-17 09:40:59,SPY,258.36,44,ASK
2018-12-17 09:41:00,SPY,258.36,76,BID
2018-12-17 09:41:00,SPY,258.37,7,ASK
2018-12-17 09:41:01,SPY,258.39,11,BID
2018-12-17 09:41:01,SPY,258.4,3,ASK
2018-12-17 09:41:01,SPY,258.38,78,BID
2018-12-17 09:41:02,SPY,258.39,1,ASK
2018-12-17 09:41:03,SPY,258.39,38,BID
2018-12-17 09:41:03,SPY,258.4,1,ASK
2018-12-17 09:41:04,SPY,258.38,3,BID
2018-12-17 09:41:04,SPY,258.39,9,ASK
2018-12-17 09:41:05,SPY,258.32,56,BID
2018-12-17 09:41:05,SPY,258.34,8,ASK
2018-12-17 09:41:05,SPY,258.32,21,BID
2018-12-17 09:41:05,SPY,258.33,29,ASK
2018-12-17 09:41:06,SPY,258.28,6,BID
2018-12-17 09:41:06,SPY,258.29,7,ASK
2018-12-17 09:41:06,SPY,258.27,115,BID
2018-12-17 09:41:08,SPY,258.28,32,ASK
2018-12-17 09:41:08,SPY,258.24,43,BID
2018-12-17 09:41:08,SPY,258.25,9,ASK
2018-12-17 09:41:09,SPY,258.22,55,BID
2018-12-17 09:41:09,SPY,258.23,7,ASK
2018-12-17 09:41:10,SPY,258.22,30,BID
2018-12-17 09:41:10,SPY,258.23,10,ASK
2018-12-17 09:41:11,SPY,258.17,30,BID
2018-12-17 09:41:11,SPY,258.18,15,ASK
2018-12-17 09:41:12,SPY,258.15,7,BID
2018-12-17 09:41:12,SPY,258.16,25,ASK
2018-12-17 09:41:14,SPY,258.15,9,BID
2018-12-17 09:41:13,SPY,258.16,17,ASK
2018-12-17 09:41:14,SPY,258.12,30,BID
2018-12-17 09:41:14,SPY,258.13,2,ASK
2018-12-17 09:41:15,SPY,258.1,13,BID
2018-12-17 09:41:15,SPY,258.11,7,ASK
2018-12-17 09:41:16,SPY,258.1,2,BID
2018-12-17 09:41:16,SPY,258.1,8,ASK
2018-12-17 09:41:17,SPY,258.09,9,BID
2018-12-17 09:41:17,SPY,258.1,24,ASK
2018-12-17 09:41:18,SPY,258.07,1,BID
2018-12-17 09:41:18,SPY,258.07,1,ASK
2018-12-17 09:41:20,SPY,258.05,4,BID
2018-12-17 09:41:20,SPY,258.06,7,ASK
2018-12-17 09:41:21,SPY,258.04,37,BID
2018-12-17 09:41:21,SPY,258.06,67,ASK
2018-12-17 09:41:22,SPY,258.03,10,BID
2018-12-17 09:41:22,SPY,258.05,74,ASK
2018-12-17 09:41:23,SPY,258.03,11,BID
2018-12-17 09:41:23,SPY,258.04,20,ASK
2018-12-17 09:41:24,SPY,258.06,12,BID
2018-12-17 09:41:19,SPY,258.07,12,ASK
2018-12-17 09:41:25,SPY,258.06,2,BID
2018-12-17 09:41:25,SPY,258.07,13,ASK
2018-12-17 09:41:25,SPY,258.05,18,BID
2018-12-17 09:41:25,SPY,258.07,44,ASK
2018-12-17 09:41:27,SPY,258.06,3,BID
2018-12-17 09:41:27,SPY,258.07,10,ASK
2018-12-17 09:41:27,SPY,258.06,65,BID
2018-12-17 09:41:28,SPY,258.07,4,ASK
2018-12-17 09:41:29,SPY,258.09,44,BID
2018-12-17 09:41:29,SPY,258.1,38,ASK
2018-12-17 09:41:30,SPY,258.12,7,BID
2018-12-17 09:41:30,SPY,258.13,101,ASK
2018-12-17 09:41:30,SPY,258.13,56,BID
2018-12-17 09:41:30,SPY,258.14,6,ASK
2018-12-17 09:41:31,SPY,258.13,73,BID
2018-12-17 09:41:31,SPY,258.15,70,ASK
2018-12-17 09:41:32,SPY,258.15,4,BID
2018-12-17 09:41:32,SPY,258.15,1,ASK
2018-12-17 09:41:33,SPY,258.09,18,BID
2018-12-17 09:41:34,SPY,258.1,9,ASK
2018-12-17 09:41:35,SPY,258.1,2,BID
2018-12-17 09:41:35,SPY,258.11,29,ASK
2018-12-17 09:41:36,SPY,258.07,53,BID
2018-12-17 09:41:36,SPY,258.09,8,ASK
2018-12-17 09:41:36,SPY,258.07,40,BID
2018-12-17 09:41:37,SPY,258.08,53,ASK
2018-12-17 09:41:36,SPY,258.07,39,BID
2018-12-17 09:41:37,SPY,258.08,68,ASK
2018-12-17 09:41:39,SPY,258.08,6,BID
2018-12-17 09:41:39,SPY,258.09,15,ASK
2018-12-17 09:41:40,SPY,258.04,63,BID
2018-12-17 09:41:40,SPY,258.05,15,ASK
2018-12-17 09:41:41,SPY,258.04,66,BID
2018-12-17 09:41:40,SPY,258.06,32,ASK
2018-12-17 09:41:42,SPY,258.02,21,BID
2018-12-17 09:41:42,SPY,258.03,4,ASK
2018-12-17 09:41:43,SPY,258.01,53,BID
2018-12-17 09:41:43,SPY,258.02,10,ASK
2018-12-17 09:41:44,SPY,258.01,33,BID
2018-12-17 09:41:44,SPY,258.02,64,ASK
2018-12-17 09:41:45,SPY,257.99,40,BID
2018-12-17 09:41:45,SPY,258.0,6,ASK
2018-12-17 09:41:46,SPY,258.0,14,BID
2018-12-17 09:41:46,SPY,258.01,6,ASK
2018-12-17 09:41:47,SPY,258.01,15,BID
2018-12-17 09:41:44,SPY,258.02,67,ASK
2018-12-17 09:41:48,SPY,258.03,47,BID
2018-12-17 09:41:48,SPY,258.04,40,ASK
2018-12-17 09:41:49,SPY,258.04,4,BID
2018-12-17 09:41:49,SPY,258.05,79,ASK
2018-12-17 09:41:49,SPY,258.07,6,BID
2018-12-17 09:41:49,SPY,258.08,75,ASK
2018-12-17 09:41:51,SPY,258.08,6,BID
2018-12-17 09:41:50,SPY,258.09,62,ASK
2018-12-17 09:41:52,SPY,258.11,3,BID
2018-12-17 09:41:52,SPY,258.12,25,ASK
2018-12-17 09:41:52,SPY,258.15,7,BID
2018-12-17 09:41:52,SPY,258.16,38,ASK
2018-12-17 09:41:53,SPY,258.17,25,BID
2018-12-17 09:41:53,SPY,258.18,68,ASK
2018-12-17 09:41:54,SPY,258.18,18,BID
2018-12-17 09:41:54,SPY,258.19,5,ASK
2018-12-17 09:41:54,SPY,258.18,5,BID
2018-12-17 09:41:54,SPY,258.19,12,ASK
2018-12-17 09:41:56,SPY,258.16,39,BID
2018-12-17 09:41:56,SPY,258.18,44,ASK
2018-12-17 09:41:58,SPY,258.16,26,BID
2018-12-17 09:41:58,SPY,258.16,5,ASK
2018-12-17 09:41:58,SPY,258.14,38,BID
2018-12-17 09:41:58,SPY,258.13,1,ASK
2018-12-17 09:41:59,SPY,258.08,56,BID
2018-12-17 09:41:59,SPY,258.09,12,ASK
2018-12-17 09:41:49,SPY,258.04,98,BID
2018-12-17 09:42:01,SPY,258.05,3,ASK
2018-12-17 09:42:02,SPY,258.07,4,BID
2018-12-17 09:42:02,SPY,258.08,23,ASK
2018-12-17 09:41:49,SPY,258.04,98,BID
2018-12-17 09:42:03,SPY,258.05,11,ASK
2018-12-17 09:42:04,SPY,258.01,44,BID
2018-12-17 09:42:04,SPY,258.02,3,ASK
2018-12-17 09:42:05,SPY,258.03,2,BID
2018-12-17 09:42:05,SPY,258.04,21,ASK
2018-12-17 09:42:06,SPY,257.95,7,BID
2018-12-17 09:42:06,SPY,257.96,17,ASK
2018-12-17 09:42:07,SPY,257.99,10,BID
2018-12-17 09:42:06,SPY,258.0,36,ASK
2018-12-17 09:42:08,SPY,257.98,73,BID
2018-12-17 09:42:08,SPY,257.99,1,ASK
2018-12-17 09:42:09,SPY,257.98,7,BID
2018-12-17 09:42:09,SPY,257.99,18,ASK
2018-12-17 09:42:10,SPY,258.01,19,BID
2018-12-17 09:42:10,SPY,258.02,3,ASK
2018-12-17 09:42:11,SPY,257.98,16,BID
2018-12-17 09:42:11,SPY,257.99,29,ASK
2018-12-17 09:42:12,SPY,257.98,20,BID
2018-12-17 09:42:12,SPY,257.99,3,ASK
2018-12-17 09:42:13,SPY,257.94,15,BID
2018-12-17 09:42:13,SPY,257.94,6,ASK
2018-12-17 09:42:14,SPY,257.92,8,BID
2018-12-17 09:42:14,SPY,257.94,11,ASK
2018-12-17 09:42:15,SPY,257.92,36,BID
2018-12-17 09:42:15,SPY,257.93,10,ASK
2018-12-17 09:42:16,SPY,257.92,36,BID
2018-12-17 09:42:16,SPY,257.93,8,ASK
2018-12-17 09:42:17,SPY,257.9,45,BID
2018-12-17 09:42:17,SPY,257.92,22,ASK
2018-12-17 09:42:18,SPY,257.93,4,BID
2018-12-17 09:42:14,SPY,257.94,15,ASK
2018-12-17 09:42:19,SPY,257.89,25,BID
2018-12-17 09:42:19,SPY,257.9,10,ASK
2018-12-17 09:42:19,SPY,257.86,16,BID
2018-12-17 09:42:19,SPY,257.87,12,ASK
2018-12-17 09:42:20,SPY,257.86,27,BID
2018-12-17 09:42:21,SPY,257.87,13,ASK
2018-12-17 09:42:22,SPY,257.84,50,BID
2018-12-17 09:42:22,SPY,257.85,7,ASK
2018-12-17 09:42:23,SPY,257.83,3,BID
2018-12-17 09:42:23,SPY,257.84,9,ASK
2018-12-17 09:42:24,SPY,257.83,8,BID
2018-12-17 09:42:24,SPY,257.84,16,ASK
2018-12-17 09:42:25,SPY,257.85,3,BID
2018-12-17 09:42:25,SPY,257.86,12,ASK
2018-12-17 09:42:26,SPY,257.84,3,BID
2018-12-17 09:42:26,SPY,257.85,33,ASK
2018-12-17 09:42:27,SPY,257.87,11,BID
2018-12-17 09:42:26,SPY,257.89,22,ASK
2018-12-17 09:42:28,SPY,257.82,42,BID
2018-12-17 09:42:28,SPY,257.83,5,ASK
2018-12-17 09:42:28,SPY,257.85,13,BID
2018-12-17 09:42:28,SPY,257.87,24,ASK
2018-12-17 09:42:30,SPY,257.84,45,BID
2018-12-17 09:42:30,SPY,257.85,27,ASK
2018-12-17 09:42:30,SPY,257.84,30,BID
2018-12-17 09:42:31,SPY,257.85,16,ASK
2018-12-17 09:42:32,SPY,257.82,45,BID
2018-12-17 09:42:32,SPY,257.83,11,ASK
2018-12-17 09:42:33,SPY,257.87,4,BID
2018-12-17 09:42:33,SPY,257.88,68,ASK
2018-12-17 09:42:34,SPY,257.86,5,BID
2018-12-17 09:42:34,SPY,257.87,32,ASK
2018-12-17 09:42:35,SPY,257.86,15,BID
2018-12-17 09:42:35,SPY,257.87,2,ASK
2018-12-17 09:42:36,SPY,257.88,1,BID
2018-12-17 09:42:26,SPY,257.89,26,ASK
2018-12-17 09:42:37,SPY,257.85,38,BID
2018-12-17 09:42:37,SPY,257.87,7,ASK
2018-12-17 09:42:38,SPY,257.85,39,BID
2018-12-17 09:42:38,SPY,257.86,7,ASK
2018-12-17 09:42:39,SPY,257.85,20,BID
2018-12-17 09:42:39,SPY,257.86,2,ASK
2018-12-17 09:42:40,SPY,257.85,22,BID
2018-12-17 09:42:40,SPY,257.86,18,ASK
2018-12-17 09:42:41,SPY,257.82,12,BID
2018-12-17 09:42:41,SPY,257.84,13,ASK
2018-12-17 09:42:41,SPY,257.84,55,BID
2018-12-17 09:42:42,SPY,257.85,12,ASK
2018-12-17 09:42:43,SPY,257.82,3,BID
2018-12-17 09:42:43,SPY,257.83,69,ASK
2018-12-17 09:42:44,SPY,257.84,10,BID
2018-12-17 09:42:44,SPY,257.85,108,ASK
2018-12-17 09:42:45,SPY,257.86,4,BID
2018-12-17 09:42:45,SPY,257.87,8,ASK
2018-12-17 09:42:46,SPY,257.87,3,BID
2018-12-17 09:42:38,SPY,257.88,78,ASK
2018-12-17 09:42:47,SPY,257.88,3,BID
2018-12-17 09:42:47,SPY,257.89,34,ASK
2018-12-17 09:42:48,SPY,257.82,56,BID
2018-12-17 09:42:48,SPY,257.83,3,ASK
2018-12-17 09:42:49,SPY,257.81,29,BID
2018-12-17 09:42:49,SPY,257.82,11,ASK
2018-12-17 09:42:50,SPY,257.81,28,BID
2018-12-17 09:42:50,SPY,257.82,12,ASK
2018-12-17 09:42:51,SPY,257.81,24,BID
2018-12-17 09:42:51,SPY,257.82,8,ASK
2018-12-17 09:42:52,SPY,257.8,41,BID
2018-12-17 09:42:52,SPY,257.81,5,ASK
2018-12-17 09:42:53,SPY,257.8,5,BID
2018-12-17 09:42:53,SPY,257.81,30,ASK
2018-12-17 09:42:54,SPY,257.84,34,BID
2018-12-17 09:42:54,SPY,257.85,3,ASK
2018-12-17 09:42:55,SPY,257.87,1,BID
2018-12-17 09:42:55,SPY,257.87,2,ASK
2018-12-17 09:42:56,SPY,257.84,40,BID
2018-12-17 09:42:56,SPY,257.84,7,ASK
2018-12-17 09:42:57,SPY,257.81,66,BID
2018-12-17 09:42:57,SPY,257.82,3,ASK
2018-12-17 09:42:58,SPY,257.82,1,BID
2018-12-17 09:42:58,SPY,257.83,80,ASK
2018-12-17 09:42:59,SPY,257.81,7,BID
2018-12-17 09:42:59,SPY,257.82,8,ASK
2018-12-17 09:43:00,SPY,257.8,11,BID
2018-12-17 09:43:00,SPY,257.81,16,ASK
2018-12-17 09:43:01,SPY,257.8,12,BID
2018-12-17 09:43:01,SPY,257.81,11,ASK
2018-12-17 09:43:02,SPY,257.81,66,BID
2018-12-17 09:43:02,SPY,257.82,2,ASK
2018-12-17 09:43:03,SPY,257.82,1,BID
2018-12-17 09:43:02,SPY,257.83,79,ASK
2018-12-17 09:43:00,SPY,257.79,63,BID
2018-12-17 09:43:04,SPY,257.8,3,ASK
2018-12-17 09:43:05,SPY,257.8,10,BID
2018-12-17 09:43:05,SPY,257.82,23,ASK
2018-12-17 09:43:06,SPY,257.78,11,BID
2018-12-17 09:43:06,SPY,257.8,29,ASK
2018-12-17 09:43:07,SPY,257.78,24,BID
2018-12-17 09:43:06,SPY,257.8,29,ASK
2018-12-17 09:43:07,SPY,257.78,23,BID
2018-12-17 09:43:08,SPY,257.8,8,ASK
2018-12-17 09:43:09,SPY,257.71,30,BID
2018-12-17 09:43:09,SPY,257.73,45,ASK
2018-12-17 09:43:10,SPY,257.73,12,BID
2018-12-17 09:43:10,SPY,257.74,22,ASK
2018-12-17 09:43:11,SPY,257.76,8,BID
2018-12-17 09:43:11,SPY,257.77,1,ASK
2018-12-17 09:43:12,SPY,257.75,6,BID
2018-12-17 09:43:12,SPY,257.76,7,ASK
2018-12-17 09:43:13,SPY,257.71,5,BID
2018-12-17 09:43:13,SPY,257.72,22,ASK
2018-12-17 09:43:14,SPY,257.71,17,BID
2018-12-17 09:43:14,SPY,257.72,7,ASK
2018-12-17 09:43:15,SPY,257.69,45,BID
2018-12-17 09:43:15,SPY,257.7,28,ASK
2018-12-17 09:43:16,SPY,257.68,9,BID
2018-12-17 09:43:16,SPY,257.7,28,ASK
2018-12-17 09:43:17,SPY,257.66,3,BID
2018-12-17 09:43:17,SPY,257.67,38,ASK
2018-12-17 09:43:18,SPY,257.63,20,BID
2018-12-17 09:43:18,SPY,257.65,11,ASK
2018-12-17 09:43:19,SPY,257.62,5,BID
2018-12-17 09:43:19,SPY,257.63,8,ASK
2018-12-17 09:43:19,SPY,257.59,21,BID
2018-12-17 09:43:19,SPY,257.61,14,ASK
2018-12-17 09:43:20,SPY,257.56,46,BID
2018-12-17 09:43:20,SPY,257.57,8,ASK
2018-12-17 09:43:20,SPY,257.54,1,BID
2018-12-17 09:43:20,SPY,257.55,8,ASK
2018-12-17 09:43:21,SPY,257.54,22,BID
2018-12-17 09:43:21,SPY,257.54,8,ASK
2018-12-17 09:43:21,SPY,257.49,10,BID
2018-12-17 09:43:21,SPY,257.48,1,ASK
2018-12-17 09:43:21,SPY,257.49,10,BID
2018-12-17 09:43:21,SPY,257.47,6,ASK
2018-12-17 09:43:22,SPY,257.48,15,BID
2018-12-17 09:43:22,SPY,257.49,21,ASK
2018-12-17 09:43:22,SPY,257.46,11,BID
2018-12-17 09:43:22,SPY,257.47,9,ASK
2018-12-17 09:43:23,SPY,257.48,6,BID
2018-12-17 09:43:23,SPY,257.49,10,ASK
2018-12-17 09:43:24,SPY,257.48,1,BID
2018-12-17 09:43:24,SPY,257.48,1,ASK
2018-12-17 09:43:25,SPY,257.48,3,BID
2018-12-17 09:43:25,SPY,257.49,6,ASK
2018-12-17 09:43:26,SPY,257.46,26,BID
2018-12-17 09:43:26,SPY,257.47,4,ASK
2018-12-17 09:43:28,SPY,257.42,25,BID
2018-12-17 09:43:28,SPY,257.44,7,ASK
2018-12-17 09:43:29,SPY,257.46,7,BID
2018-12-17 09:43:27,SPY,257.48,70,ASK
2018-12-17 09:43:30,SPY,257.47,10,BID
2018-12-17 09:43:30,SPY,257.48,41,ASK
2018-12-17 09:43:31,SPY,257.45,40,BID
2018-12-17 09:43:31,SPY,257.46,2,ASK
2018-12-17 09:43:31,SPY,257.45,35,BID
2018-12-17 09:43:32,SPY,257.46,7,ASK
2018-12-17 09:43:34,SPY,257.46,18,BID
2018-12-17 09:43:34,SPY,257.47,11,ASK
2018-12-17 09:43:36,SPY,257.46,8,BID
2018-12-17 09:43:36,SPY,257.48,61,ASK
2018-12-17 09:43:38,SPY,257.49,8,BID
2018-12-17 09:43:38,SPY,257.5,12,ASK
2018-12-17 09:43:38,SPY,257.49,94,BID
2018-12-17 09:43:38,SPY,257.5,10,ASK
2018-12-17 09:43:38,SPY,257.49,94,BID
2018-12-17 09:43:39,SPY,257.45,2,ASK
2018-12-17 09:43:39,SPY,257.4,12,BID
2018-12-17 09:43:39,SPY,257.41,77,ASK
2018-12-17 09:43:41,SPY,257.38,13,BID
2018-12-17 09:43:40,SPY,257.39,43,ASK
2018-12-17 09:43:42,SPY,257.38,3,BID
2018-12-17 09:43:40,SPY,257.39,94,ASK
2018-12-17 09:43:43,SPY,257.41,13,BID
2018-12-17 09:43:43,SPY,257.42,3,ASK
2018-12-17 09:43:46,SPY,257.37,19,BID
2018-12-17 09:43:46,SPY,257.38,17,ASK
2018-12-17 09:43:47,SPY,257.34,9,BID
2018-12-17 09:43:47,SPY,257.35,9,ASK
2018-12-17 09:43:48,SPY,257.36,7,BID
2018-12-17 09:43:48,SPY,257.37,12,ASK
2018-12-17 09:43:49,SPY,257.39,3,BID
2018-12-17 09:43:49,SPY,257.4,16,ASK
2018-12-17 09:43:50,SPY,257.41,3,BID
2018-12-17 09:43:50,SPY,257.43,35,ASK
2018-12-17 09:43:51,SPY,257.4,46,BID
2018-12-17 09:43:51,SPY,257.41,8,ASK
2018-12-17 09:43:52,SPY,257.4,33,BID
2018-12-17 09:43:52,SPY,257.41,60,ASK
2018-12-17 09:43:53,SPY,257.43,21,BID
2018-12-17 09:43:53,SPY,257.44,42,ASK
2018-12-17 09:43:54,SPY,257.42,3,BID
2018-12-17 09:43:54,SPY,257.43,23,ASK
2018-12-17 09:43:55,SPY,257.43,96,BID
2018-12-17 09:43:55,SPY,257.44,37,ASK
2018-12-17 09:43:56,SPY,257.43,82,BID
2018-12-17 09:43:56,SPY,257.44,52,ASK
2018-12-17 09:43:57,SPY,257.41,49,BID
2018-12-17 09:43:57,SPY,257.42,4,ASK
2018-12-17 09:43:58,SPY,257.42,3,BID
2018-12-17 09:43:58,SPY,257.43,35,ASK
2018-12-17 09:44:00,SPY,257.4,76,BID
2018-12-17 09:43:59,SPY,257.41,7,ASK
2018-12-17 09:44:00,SPY,257.4,51,BID
2018-12-17 09:44:00,SPY,257.41,13,ASK
2018-12-17 09:44:01,SPY,257.41,15,BID
2018-12-17 09:44:01,SPY,257.42,20,ASK
2018-12-17 09:44:02,SPY,257.43,13,BID
2018-12-17 09:44:02,SPY,257.44,36,ASK
2018-12-17 09:44:03,SPY,257.43,112,BID
2018-12-17 09:44:02,SPY,257.44,31,ASK
2018-12-17 09:44:04,SPY,257.44,9,BID
2018-12-17 09:44:04,SPY,257.44,30,ASK
2018-12-17 09:44:05,SPY,257.5,9,BID
2018-12-17 09:44:05,SPY,257.51,61,ASK
2018-12-17 09:44:06,SPY,257.54,6,BID
2018-12-17 09:43:21,SPY,257.55,67,ASK
2018-12-17 09:44:06,SPY,257.52,23,BID
2018-12-17 09:44:06,SPY,257.54,17,ASK
2018-12-17 09:44:07,SPY,257.51,19,BID
2018-12-17 09:44:07,SPY,257.52,3,ASK
2018-12-17 09:44:09,SPY,257.51,7,BID
2018-12-17 09:44:08,SPY,257.52,39,ASK
2018-12-17 09:44:10,SPY,257.52,15,BID
2018-12-17 09:44:09,SPY,257.53,62,ASK
2018-12-17 09:44:10,SPY,257.56,5,BID
2018-12-17 09:43:20,SPY,257.57,18,ASK
2018-12-17 09:44:11,SPY,257.57,20,BID
2018-12-17 09:44:11,SPY,257.59,20,ASK
2018-12-17 09:44:12,SPY,257.58,7,BID
2018-12-17 09:44:12,SPY,257.59,19,ASK
2018-12-17 09:44:14,SPY,257.62,1,BID
2018-12-17 09:43:19,SPY,257.63,45,ASK
2018-12-17 09:44:15,SPY,257.59,46,BID
2018-12-17 09:44:15,SPY,257.6,4,ASK
2018-12-17 09:44:16,SPY,257.57,39,BID
2018-12-17 09:44:16,SPY,257.58,35,ASK
2018-12-17 09:44:18,SPY,257.59,9,BID
2018-12-17 09:44:18,SPY,257.6,58,ASK
2018-12-17 09:44:19,SPY,257.59,12,BID
2018-12-17 09:44:15,SPY,257.61,44,ASK
2018-12-17 09:44:20,SPY,257.61,5,BID
2018-12-17 09:44:19,SPY,257.62,6,ASK
2018-12-17 09:44:21,SPY,257.59,16,BID
2018-12-17 09:44:21,SPY,257.6,5,ASK
2018-12-17 09:44:21,SPY,257.62,6,BID
2018-12-17 09:44:21,SPY,257.63,39,ASK
2018-12-17 09:44:22,SPY,257.66,3,BID
2018-12-17 09:44:22,SPY,257.67,8,ASK
2018-12-17 09:44:23,SPY,257.65,47,BID
2018-12-17 09:44:24,SPY,257.66,10,ASK
2018-12-17 09:44:24,SPY,257.64,19,BID
2018-12-17 09:44:25,SPY,257.65,7,ASK
2018-12-17 09:44:26,SPY,257.65,2,BID
2018-12-17 09:44:26,SPY,257.66,128,ASK
2018-12-17 09:44:26,SPY,257.62,8,BID
2018-12-17 09:44:27,SPY,257.63,89,ASK
2018-12-17 09:44:21,SPY,257.6,8,BID
2018-12-17 09:44:28,SPY,257.61,10,ASK
2018-12-17 09:44:28,SPY,257.63,10,BID
2018-12-17 09:44:28,SPY,257.64,10,ASK
2018-12-17 09:44:29,SPY,257.64,7,BID
2018-12-17 09:44:30,SPY,257.65,20,ASK
2018-12-17 09:44:31,SPY,257.63,4,BID
2018-12-17 09:44:31,SPY,257.64,16,ASK
2018-12-17 09:44:32,SPY,257.63,3,BID
2018-12-17 09:44:32,SPY,257.64,25,ASK
2018-12-17 09:44:33,SPY,257.6,27,BID
2018-12-17 09:44:32,SPY,257.62,15,ASK
2018-12-17 09:44:34,SPY,257.59,16,BID
2018-12-17 09:44:34,SPY,257.6,39,ASK
2018-12-17 09:44:35,SPY,257.56,24,BID
2018-12-17 09:44:35,SPY,257.57,5,ASK
2018-12-17 09:44:35,SPY,257.6,13,BID
2018-12-17 09:44:35,SPY,257.61,40,ASK
2018-12-17 09:44:36,SPY,257.67,1,BID
2018-12-17 09:44:36,SPY,257.67,1,ASK
2018-12-17 09:44:37,SPY,257.65,1,BID
2018-12-17 09:44:37,SPY,257.66,38,ASK
2018-12-17 09:44:39,SPY,257.63,7,BID
2018-12-17 09:44:39,SPY,257.64,16,ASK
2018-12-17 09:44:39,SPY,257.62,11,BID
2018-12-17 09:44:40,SPY,257.63,48,ASK
2018-12-17 09:44:41,SPY,257.66,11,BID
2018-12-17 09:44:41,SPY,257.67,36,ASK
2018-12-17 09:44:42,SPY,257.68,11,BID
2018-12-17 09:44:42,SPY,257.69,29,ASK
2018-12-17 09:44:42,SPY,257.7,28,BID
2018-12-17 09:44:43,SPY,257.71,61,ASK
2018-12-17 09:44:43,SPY,257.7,61,BID
2018-12-17 09:44:44,SPY,257.71,2,ASK
2018-12-17 09:44:44,SPY,257.69,61,BID
2018-12-17 09:44:45,SPY,257.7,3,ASK
2018-12-17 09:44:46,SPY,257.69,45,BID
2018-12-17 09:44:46,SPY,257.7,1,ASK
2018-12-17 09:44:47,SPY,257.68,34,BID
2018-12-17 09:44:47,SPY,257.68,3,ASK
2018-12-17 09:44:48,SPY,257.66,8,BID
2018-12-17 09:44:48,SPY,257.67,12,ASK
2018-12-17 09:44:48,SPY,257.7,10,BID
2018-12-17 09:44:48,SPY,257.71,2,ASK
2018-12-17 09:44:49,SPY,257.72,32,BID
2018-12-17 09:44:43,SPY,257.73,55,ASK
2018-12-17 09:44:51,SPY,257.72,109,BID
2018-12-17 09:44:51,SPY,257.73,2,ASK
2018-12-17 09:44:51,SPY,257.73,21,BID
2018-12-17 09:44:52,SPY,257.74,6,ASK
2018-12-17 09:44:53,SPY,257.74,33,BID
2018-12-17 09:44:53,SPY,257.75,4,ASK
2018-12-17 09:44:53,SPY,257.73,38,BID
2018-12-17 09:44:54,SPY,257.74,14,ASK
2018-12-17 09:44:54,SPY,257.75,11,BID
2018-12-17 09:44:54,SPY,257.76,7,ASK
2018-12-17 09:44:55,SPY,257.74,22,BID
2018-12-17 09:44:56,SPY,257.74,4,ASK
2018-12-17 09:44:57,SPY,257.72,53,BID
2018-12-17 09:44:56,SPY,257.73,57,ASK
2018-12-17 09:44:57,SPY,257.68,11,BID
2018-12-17 09:44:57,SPY,257.69,14,ASK
2018-12-17 09:44:48,SPY,257.65,37,BID
2018-12-17 09:44:59,SPY,257.66,10,ASK
2018-12-17 09:45:00,SPY,257.64,43,BID
2018-12-17 09:45:00,SPY,257.65,13,ASK
2018-12-17 09:45:00,SPY,257.63,5,BID
2018-12-17 09:45:00,SPY,257.63,58,ASK
2018-12-17 09:45:01,SPY,257.59,62,BID
2018-12-17 09:45:01,SPY,257.6,1,ASK
2018-12-17 09:45:02,SPY,257.59,49,BID
2018-12-17 09:45:02,SPY,257.6,12,ASK
2018-12-17 09:44:10,SPY,257.54,65,BID
2018-12-17 09:45:02,SPY,257.55,9,ASK
2018-12-17 09:45:04,SPY,257.57,13,BID
2018-12-17 09:45:04,SPY,257.58,65,ASK
2018-12-17 09:45:05,SPY,257.58,36,BID
2018-12-17 09:45:06,SPY,257.59,7,ASK
2018-12-17 09:45:07,SPY,257.59,31,BID
2018-12-17 09:45:07,SPY,257.6,11,ASK
2018-12-17 09:44:10,SPY,257.53,19,BID
2018-12-17 09:45:08,SPY,257.54,10,ASK
2018-12-17 09:44:05,SPY,257.47,86,BID
2018-12-17 09:45:09,SPY,257.48,5,ASK
2018-12-17 09:45:09,SPY,257.5,1,BID
2018-12-17 09:45:09,SPY,257.51,12,ASK
2018-12-17 09:45:09,SPY,257.47,37,BID
2018-12-17 09:45:11,SPY,257.48,5,ASK
2018-12-17 09:45:11,SPY,257.46,12,BID
2018-12-17 09:45:11,SPY,257.47,21,ASK
2018-12-17 09:45:12,SPY,257.49,30,BID
2018-12-17 09:45:09,SPY,257.51,26,ASK
2018-12-17 09:45:13,SPY,257.5,8,BID
2018-12-17 09:45:13,SPY,257.51,31,ASK
2018-12-17 09:45:15,SPY,257.5,5,BID
2018-12-17 09:45:15,SPY,257.51,6,ASK
2018-12-17 09:45:16,SPY,257.51,13,BID
2018-12-17 09:45:16,SPY,257.52,8,ASK
2018-12-17 09:45:16,SPY,257.55,3,BID
2018-12-17 09:45:16,SPY,257.56,39,ASK
2018-12-17 09:45:17,SPY,257.53,13,BID
2018-12-17 09:45:17,SPY,257.54,7,ASK
2018-12-17 09:45:19,SPY,257.56,12,BID
2018-12-17 09:45:19,SPY,257.57,5,ASK
2018-12-17 09:45:19,SPY,257.59,5,BID
2018-12-17 09:45:07,SPY,257.6,26,ASK
2018-12-17 09:45:20,SPY,257.58,18,BID
2018-12-17 09:45:20,SPY,257.59,4,ASK
2018-12-17 09:45:21,SPY,257.61,10,BID
2018-12-17 09:45:20,SPY,257.62,16,ASK
2018-12-17 09:45:21,SPY,257.61,27,BID
2018-12-17 09:45:21,SPY,257.62,9,ASK
2018-12-17 09:45:22,SPY,257.66,17,BID
2018-12-17 09:45:22,SPY,257.67,14,ASK
2018-12-17 09:45:23,SPY,257.66,12,BID
2018-12-17 09:45:23,SPY,257.67,5,ASK
2018-12-17 09:45:24,SPY,257.71,1,BID
2018-12-17 09:45:24,SPY,257.71,1,ASK
2018-12-17 09:45:25,SPY,257.72,55,BID
2018-12-17 09:45:25,SPY,257.73,3,ASK
2018-12-17 09:45:26,SPY,257.72,1,BID
2018-12-17 09:45:25,SPY,257.73,45,ASK
2018-12-17 09:45:28,SPY,257.71,4,BID
2018-12-17 09:45:28,SPY,257.72,8,ASK
2018-12-17 09:45:30,SPY,257.75,7,BID
2018-12-17 09:45:30,SPY,257.76,29,ASK
2018-12-17 09:45:31,SPY,257.72,53,BID
2018-12-17 09:45:31,SPY,257.73,3,ASK
2018-12-17 09:45:32,SPY,257.73,10,BID
2018-12-17 09:45:32,SPY,257.75,25,ASK
2018-12-17 09:45:33,SPY,257.73,17,BID
2018-12-17 09:45:33,SPY,257.75,22,ASK
2018-12-17 09:45:34,SPY,257.71,34,BID
2018-12-17 09:45:34,SPY,257.73,69,ASK
2018-12-17 09:45:35,SPY,257.71,5,BID
2018-12-17 09:45:34,SPY,257.72,7,ASK
2018-12-17 09:45:35,SPY,257.75,7,BID
2018-12-17 09:45:35,SPY,257.76,51,ASK
2018-12-17 09:45:36,SPY,257.8,6,BID
2018-12-17 09:45:35,SPY,257.81,8,ASK
2018-12-17 09:45:38,SPY,257.79,3,BID
2018-12-17 09:45:38,SPY,257.8,34,ASK
2018-12-17 09:45:35,SPY,257.75,17,BID
2018-12-17 09:45:39,SPY,257.76,10,ASK
2018-12-17 09:45:40,SPY,257.79,17,BID
2018-12-17 09:45:40,SPY,257.8,49,ASK
2018-12-17 09:45:41,SPY,257.81,9,BID
2018-12-17 09:43:08,SPY,257.82,36,ASK
2018-12-17 09:45:42,SPY,257.83,11,BID
2018-12-17 09:45:42,SPY,257.84,62,ASK
2018-12-17 09:45:43,SPY,257.82,12,BID
2018-12-17 09:45:43,SPY,257.83,3,ASK
2018-12-17 09:45:44,SPY,257.83,7,BID
2018-12-17 09:45:44,SPY,257.84,60,ASK
2018-12-17 09:45:45,SPY,257.83,2,BID
2018-12-17 09:45:45,SPY,257.84,60,ASK
2018-12-17 09:45:46,SPY,257.81,4,BID
2018-12-17 09:45:46,SPY,257.82,11,ASK
2018-12-17 09:45:47,SPY,257.81,17,BID
2018-12-17 09:45:47,SPY,257.82,6,ASK
2018-12-17 09:45:48,SPY,257.82,19,BID
2018-12-17 09:45:48,SPY,257.83,1,ASK
2018-12-17 09:45:49,SPY,257.79,86,BID
2018-12-17 09:45:49,SPY,257.81,24,ASK
2018-12-17 09:45:50,SPY,257.79,33,BID
2018-12-17 09:45:50,SPY,257.8,45,ASK
2018-12-17 09:45:51,SPY,257.78,12,BID
2018-12-17 09:45:51,SPY,257.79,17,ASK
2018-12-17 09:45:52,SPY,257.76,11,BID
2018-12-17 09:45:52,SPY,257.77,5,ASK
2018-12-17 09:45:53,SPY,257.77,23,BID
2018-12-17 09:45:53,SPY,257.78,47,ASK
2018-12-17 09:45:54,SPY,257.74,43,BID
2018-12-17 09:45:54,SPY,257.75,1,ASK
2018-12-17 09:45:55,SPY,257.69,67,BID
2018-12-17 09:45:55,SPY,257.7,1,ASK
2018-12-17 09:45:56,SPY,257.7,7,BID
2018-12-17 09:45:56,SPY,257.7,11,ASK
2018-12-17 09:45:57,SPY,257.73,29,BID
2018-12-17 09:45:57,SPY,257.74,12,ASK
2018-12-17 09:45:58,SPY,257.77,14,BID
2018-12-17 09:45:58,SPY,257.77,18,ASK
2018-12-17 09:45:59,SPY,257.79,47,BID
2018-12-17 09:45:59,SPY,257.8,22,ASK
2018-12-17 09:46:00,SPY,257.81,6,BID
2018-12-17 09:46:00,SPY,257.82,1,ASK
2018-12-17 09:46:01,SPY,257.82,8,BID
2018-12-17 09:46:00,SPY,257.83,58,ASK
2018-12-17 09:46:02,SPY,257.81,16,BID
2018-12-17 09:46:02,SPY,257.82,3,ASK
2018-12-17 09:46:03,SPY,257.79,20,BID
2018-12-17 09:46:03,SPY,257.8,25,ASK
2018-12-17 09:46:04,SPY,257.83,12,BID
2018-12-17 09:46:04,SPY,257.84,60,ASK
2018-12-17 09:46:04,SPY,257.83,8,BID
2018-12-17 09:46:05,SPY,257.84,60,ASK
2018-12-17 09:46:04,SPY,257.83,12,BID
2018-12-17 09:46:06,SPY,257.84,60,ASK
2018-12-17 09:46:07,SPY,257.83,31,BID
2018-12-17 09:46:07,SPY,257.85,28,ASK
2018-12-17 09:46:08,SPY,257.85,3,BID
2018-12-17 09:46:07,SPY,257.86,17,ASK
2018-12-17 09:46:08,SPY,257.85,12,BID
2018-12-17 09:46:09,SPY,257.86,6,ASK
2018-12-17 09:46:10,SPY,257.85,5,BID
2018-12-17 09:46:10,SPY,257.87,13,ASK
2018-12-17 09:46:11,SPY,257.85,9,BID
2018-12-17 09:46:11,SPY,257.86,5,ASK
2018-12-17 09:46:11,SPY,257.85,54,BID
2018-12-17 09:46:12,SPY,257.86,9,ASK
2018-12-17 09:46:11,SPY,257.85,54,BID
2018-12-17 09:46:13,SPY,257.86,3,ASK
2018-12-17 09:46:14,SPY,257.86,12,BID
2018-12-17 09:46:14,SPY,257.88,45,ASK
2018-12-17 09:46:15,SPY,257.88,3,BID
2018-12-17 09:46:15,SPY,257.88,36,ASK
2018-12-17 09:46:11,SPY,257.85,54,BID
2018-12-17 09:46:16,SPY,257.86,4,ASK
2018-12-17 09:46:11,SPY,257.85,55,BID
2018-12-17 09:46:17,SPY,257.86,13,ASK
2018-12-17 09:46:11,SPY,257.85,55,BID
2018-12-17 09:46:18,SPY,257.87,21,ASK
2018-12-17 09:46:19,SPY,257.86,16,BID
2018-12-17 09:46:19,SPY,257.87,41,ASK
2018-12-17 09:46:20,SPY,257.87,3,BID
2018-12-17 09:46:20,SPY,257.88,55,ASK
2018-12-17 09:46:21,SPY,257.9,1,BID
2018-12-17 09:46:21,SPY,257.91,81,ASK
2018-12-17 09:46:22,SPY,257.87,31,BID
2018-12-17 09:46:22,SPY,257.88,6,ASK
2018-12-17 09:46:23,SPY,257.89,52,BID
2018-12-17 09:46:23,SPY,257.9,28,ASK
2018-12-17 09:46:24,SPY,257.9,3,BID
2018-12-17 09:46:24,SPY,257.91,27,ASK
2018-12-17 09:46:25,SPY,257.87,35,BID
2018-12-17 09:46:25,SPY,257.88,59,ASK
2018-12-17 09:46:25,SPY,257.86,39,BID
2018-12-17 09:46:26,SPY,257.87,9,ASK
2018-12-17 09:46:27,SPY,257.86,5,BID
2018-12-17 09:46:27,SPY,257.87,17,ASK
2018-12-17 09:46:28,SPY,257.86,10,BID
2018-12-17 09:46:28,SPY,257.87,3,ASK
2018-12-17 09:46:29,SPY,257.83,36,BID
2018-12-17 09:46:29,SPY,257.84,14,ASK
2018-12-17 09:46:30,SPY,257.82,17,BID
2018-12-17 09:46:30,SPY,257.83,48,ASK
2018-12-17 09:46:31,SPY,257.78,42,BID
2018-12-17 09:46:31,SPY,257.79,14,ASK
2018-12-17 09:46:31,SPY,257.82,5,BID
2018-12-17 09:46:31,SPY,257.83,64,ASK
2018-12-17 09:46:32,SPY,257.82,88,BID
2018-12-17 09:46:32,SPY,257.83,64,ASK
2018-12-17 09:46:32,SPY,257.89,11,BID
2018-12-17 09:46:32,SPY,257.91,37,ASK
2018-12-17 09:46:33,SPY,257.91,6,BID
2018-12-17 09:46:33,SPY,257.92,25,ASK
2018-12-17 09:46:35,SPY,257.89,45,BID
2018-12-17 09:46:35,SPY,257.9,12,ASK
2018-12-17 09:46:36,SPY,257.91,15,BID
2018-12-17 09:46:37,SPY,257.93,69,ASK
2018-12-17 09:46:38,SPY,257.93,13,BID
2018-12-17 09:46:38,SPY,257.95,20,ASK
2018-12-17 09:46:39,SPY,257.94,41,BID
2018-12-17 09:46:39,SPY,257.95,15,ASK
2018-12-17 09:46:40,SPY,257.94,10,BID
2018-12-17 09:46:40,SPY,257.95,15,ASK
2018-12-17 09:46:41,SPY,257.91,13,BID
2018-12-17 09:46:41,SPY,257.92,7,ASK
2018-12-17 09:46:42,SPY,257.9,37,BID
2018-12-17 09:46:42,SPY,257.91,7,ASK
2018-12-17 09:46:43,SPY,257.9,5,BID
2018-12-17 09:46:42,SPY,257.91,9,ASK
2018-12-17 09:46:44,SPY,257.9,6,BID
2018-12-17 09:46:44,SPY,257.91,37,ASK
2018-12-17 09:46:45,SPY,257.93,6,BID
2018-12-17 09:46:45,SPY,257.94,11,ASK
2018-12-17 09:46:46,SPY,257.91,14,BID
2018-12-17 09:46:46,SPY,257.92,7,ASK
2018-12-17 09:46:47,SPY,257.91,16,BID
2018-12-17 09:46:47,SPY,257.92,13,ASK
2018-12-17 09:46:48,SPY,257.86,50,BID
2018-12-17 09:46:48,SPY,257.87,4,ASK
2018-12-17 09:46:49,SPY,257.9,9,BID
2018-12-17 09:46:49,SPY,257.91,29,ASK
2018-12-17 09:46:50,SPY,257.86,22,BID
2018-12-17 09:46:50,SPY,257.87,11,ASK
2018-12-17 09:46:51,SPY,257.84,64,BID
2018-12-17 09:46:51,SPY,257.85,21,ASK
2018-12-17 09:46:52,SPY,257.84,64,BID
2018-12-17 09:46:52,SPY,257.85,28,ASK
2018-12-17 09:46:53,SPY,257.86,15,BID
2018-12-17 09:46:53,SPY,257.87,1,ASK
2018-12-17 09:46:54,SPY,257.87,46,BID
2018-12-17 09:46:54,SPY,257.87,3,ASK
2018-12-17 09:46:55,SPY,257.84,65,BID
2018-12-17 09:46:55,SPY,257.85,12,ASK
2018-12-17 09:46:56,SPY,257.84,65,BID
2018-12-17 09:46:56,SPY,257.85,16,ASK
2018-12-17 09:46:57,SPY,257.84,65,BID
2018-12-17 09:46:57,SPY,257.85,5,ASK
2018-12-17 09:46:58,SPY,257.85,9,BID
2018-12-17 09:46:58,SPY,257.86,14,ASK
2018-12-17 09:46:59,SPY,257.85,6,BID
2018-12-17 09:46:58,SPY,257.86,12,ASK
2018-12-17 09:47:00,SPY,257.86,34,BID
2018-12-17 09:47:00,SPY,257.87,10,ASK
2018-12-17 09:47:01,SPY,257.86,46,BID
2018-12-17 09:47:01,SPY,257.87,8,ASK
2018-12-17 09:47:02,SPY,257.84,70,BID
2018-12-17 09:47:02,SPY,257.85,3,ASK
2018-12-17 09:47:03,SPY,257.85,8,BID
2018-12-17 09:47:03,SPY,257.86,45,ASK
2018-12-17 09:47:03,SPY,257.92,26,BID
2018-12-17 09:47:03,SPY,257.93,39,ASK
2018-12-17 09:47:05,SPY,257.91,17,BID
2018-12-17 09:47:05,SPY,257.92,9,ASK
2018-12-17 09:47:06,SPY,257.93,5,BID
2018-12-17 09:47:05,SPY,257.94,62,ASK
2018-12-17 09:47:05,SPY,257.92,28,BID
2018-12-17 09:47:07,SPY,257.93,1,ASK
2018-12-17 09:47:08,SPY,257.91,48,BID
2018-12-17 09:47:08,SPY,257.92,17,ASK
2018-12-17 09:47:09,SPY,257.83,7,BID
2018-12-17 09:47:09,SPY,257.84,5,ASK
2018-12-17 09:47:10,SPY,257.81,39,BID
2018-12-17 09:47:10,SPY,257.83,23,ASK
2018-12-17 09:47:11,SPY,257.8,38,BID
2018-12-17 09:47:11,SPY,257.81,35,ASK
2018-12-17 09:47:12,SPY,257.82,6,BID
2018-12-17 09:47:10,SPY,257.83,38,ASK
2018-12-17 09:47:13,SPY,257.83,15,BID
2018-12-17 09:47:13,SPY,257.85,31,ASK
2018-12-17 09:47:14,SPY,257.85,10,BID
2018-12-17 09:47:14,SPY,257.86,9,ASK
2018-12-17 09:47:15,SPY,257.84,17,BID
2018-12-17 09:47:15,SPY,257.85,20,ASK
2018-12-17 09:47:16,SPY,257.85,7,BID
2018-12-17 09:47:16,SPY,257.86,79,ASK
2018-12-17 09:47:17,SPY,257.85,7,BID
2018-12-17 09:47:17,SPY,257.86,1,ASK
2018-12-17 09:47:18,SPY,257.82,10,BID
2018-12-17 09:47:18,SPY,257.83,43,ASK
2018-12-17 09:47:19,SPY,257.81,7,BID
2018-12-17 09:47:19,SPY,257.82,32,ASK
2018-12-17 09:47:20,SPY,257.79,66,BID
2018-12-17 09:47:20,SPY,257.81,11,ASK
2018-12-17 09:47:21,SPY,257.82,30,BID
2018-12-17 09:47:18,SPY,257.83,29,ASK
2018-12-17 09:47:22,SPY,257.83,1,BID
2018-12-17 09:47:18,SPY,257.83,26,ASK
2018-12-17 09:47:21,SPY,257.82,51,BID
2018-12-17 09:47:18,SPY,257.83,24,ASK
2018-12-17 09:47:21,SPY,257.82,46,BID
2018-12-17 09:47:18,SPY,257.83,24,ASK
2018-12-17 09:47:25,SPY,257.8,11,BID
2018-12-17 09:47:25,SPY,257.81,10,ASK
2018-12-17 09:47:26,SPY,257.78,1,BID
2018-12-17 09:47:26,SPY,257.79,18,ASK
2018-12-17 09:47:27,SPY,257.78,3,BID
2018-12-17 09:47:27,SPY,257.79,30,ASK
2018-12-17 09:47:28,SPY,257.75,3,BID
2018-12-17 09:47:28,SPY,257.76,33,ASK
2018-12-17 09:47:29,SPY,257.75,10,BID
2018-12-17 09:47:29,SPY,257.76,3,ASK
2018-12-17 09:47:30,SPY,257.76,10,BID
2018-12-17 09:47:30,SPY,257.77,54,ASK
2018-12-17 09:47:31,SPY,257.72,3,BID
2018-12-17 09:47:31,SPY,257.73,42,ASK
2018-12-17 09:47:32,SPY,257.71,57,BID
2018-12-17 09:47:32,SPY,257.72,3,ASK
2018-12-17 09:47:33,SPY,257.72,2,BID
2018-12-17 09:47:33,SPY,257.73,13,ASK
2018-12-17 09:47:34,SPY,257.76,1,BID
2018-12-17 09:47:34,SPY,257.77,6,ASK
2018-12-17 09:47:35,SPY,257.77,6,BID
2018-12-17 09:47:28,SPY,257.78,63,ASK
2018-12-17 09:47:36,SPY,257.77,13,BID
2018-12-17 09:47:36,SPY,257.78,26,ASK
2018-12-17 09:47:37,SPY,257.75,10,BID
2018-12-17 09:47:37,SPY,257.76,40,ASK
2018-12-17 09:47:38,SPY,257.74,59,BID
2018-12-17 09:47:38,SPY,257.75,28,ASK
2018-12-17 09:47:39,SPY,257.73,33,BID
2018-12-17 09:47:39,SPY,257.74,2,ASK
2018-12-17 09:47:40,SPY,257.7,19,BID
2018-12-17 09:47:40,SPY,257.71,18,ASK
2018-12-17 09:47:41,SPY,257.71,10,BID
2018-12-17 09:47:41,SPY,257.72,5,ASK
2018-12-17 09:47:42,SPY,257.72,30,BID
2018-12-17 09:47:42,SPY,257.73,52,ASK
2018-12-17 09:47:43,SPY,257.68,7,BID
2018-12-17 09:47:43,SPY,257.69,22,ASK
2018-12-17 09:47:45,SPY,257.68,12,BID
2018-12-17 09:47:44,SPY,257.69,37,ASK
2018-12-17 09:47:45,SPY,257.68,10,BID
2018-12-17 09:47:45,SPY,257.69,6,ASK
2018-12-17 09:47:46,SPY,257.7,8,BID
2018-12-17 09:47:46,SPY,257.71,22,ASK
2018-12-17 09:47:47,SPY,257.69,71,BID
2018-12-17 09:47:47,SPY,257.7,15,ASK
2018-12-17 09:47:48,SPY,257.69,86,BID
2018-12-17 09:47:48,SPY,257.71,7,ASK
2018-12-17 09:47:49,SPY,257.7,17,BID
2018-12-17 09:47:49,SPY,257.72,6,ASK
2018-12-17 09:47:49,SPY,257.7,13,BID
2018-12-17 09:47:50,SPY,257.71,13,ASK
2018-12-17 09:47:51,SPY,257.7,8,BID
2018-12-17 09:47:51,SPY,257.71,20,ASK
2018-12-17 09:47:53,SPY,257.71,58,BID
2018-12-17 09:47:53,SPY,257.72,13,ASK
2018-12-17 09:47:53,SPY,257.7,5,BID
2018-12-17 09:47:53,SPY,257.71,28,ASK
2018-12-17 09:47:55,SPY,257.7,8,BID
2018-12-17 09:47:55,SPY,257.71,28,ASK
2018-12-17 09:47:55,SPY,257.7,18,BID
2018-12-17 09:47:55,SPY,257.72,6,ASK
2018-12-17 09:47:56,SPY,257.7,5,BID
2018-12-17 09:47:57,SPY,257.71,26,ASK
2018-12-17 09:47:57,SPY,257.73,10,BID
2018-12-17 09:47:40,SPY,257.74,37,ASK
2018-12-17 09:47:58,SPY,257.75,9,BID
2018-12-17 09:47:39,SPY,257.76,59,ASK
2018-12-17 09:47:59,SPY,257.73,17,BID
2018-12-17 09:48:00,SPY,257.74,47,ASK
2018-12-17 09:45:23,SPY,257.66,6,BID
2018-12-17 09:48:00,SPY,257.67,8,ASK
2018-12-17 09:48:01,SPY,257.65,13,BID
2018-12-17 09:48:01,SPY,257.66,47,ASK
2018-12-17 09:48:03,SPY,257.65,7,BID
2018-12-17 09:48:02,SPY,257.66,40,ASK
2018-12-17 09:48:04,SPY,257.67,4,BID
2018-12-17 09:48:04,SPY,257.68,64,ASK
2018-12-17 09:48:04,SPY,257.67,10,BID
2018-12-17 09:48:05,SPY,257.68,49,ASK
2018-12-17 09:48:05,SPY,257.67,11,BID
2018-12-17 09:48:06,SPY,257.68,44,ASK
2018-12-17 09:48:06,SPY,257.67,17,BID
2018-12-17 09:48:06,SPY,257.68,19,ASK
2018-12-17 09:48:08,SPY,257.66,1,BID
2018-12-17 09:48:08,SPY,257.67,15,ASK
2018-12-17 09:48:08,SPY,257.65,9,BID
2018-12-17 09:48:08,SPY,257.66,27,ASK
2018-12-17 09:48:10,SPY,257.65,1,BID
2018-12-17 09:48:09,SPY,257.66,19,ASK
2018-12-17 09:48:10,SPY,257.65,33,BID
2018-12-17 09:48:10,SPY,257.66,31,ASK
2018-12-17 09:48:02,SPY,257.64,96,BID
2018-12-17 09:48:12,SPY,257.65,11,ASK
2018-12-17 09:48:13,SPY,257.63,4,BID
2018-12-17 09:48:12,SPY,257.64,29,ASK
2018-12-17 09:48:13,SPY,257.61,26,BID
2018-12-17 09:48:14,SPY,257.62,19,ASK
2018-12-17 09:48:14,SPY,257.6,47,BID
2018-12-17 09:48:14,SPY,257.61,83,ASK
2018-12-17 09:48:16,SPY,257.57,22,BID
2018-12-17 09:48:16,SPY,257.58,1,ASK
2018-12-17 09:48:16,SPY,257.58,11,BID
2018-12-17 09:48:16,SPY,257.59,9,ASK
2018-12-17 09:48:17,SPY,257.6,3,BID
2018-12-17 09:48:17,SPY,257.61,67,ASK
2018-12-17 09:48:18,SPY,257.6,10,BID
2018-12-17 09:48:19,SPY,257.61,24,ASK
2018-12-17 09:48:20,SPY,257.57,28,BID
2018-12-17 09:48:20,SPY,257.58,63,ASK
2018-12-17 09:48:20,SPY,257.56,6,BID
2018-12-17 09:48:20,SPY,257.56,29,ASK
2018-12-17 09:48:22,SPY,257.57,1,BID
2018-12-17 09:48:22,SPY,257.58,37,ASK
2018-12-17 09:48:22,SPY,257.57,50,BID
2018-12-17 09:48:22,SPY,257.58,39,ASK
2018-12-17 09:48:23,SPY,257.56,1,BID
2018-12-17 09:48:23,SPY,257.57,44,ASK
2018-12-17 09:48:25,SPY,257.55,6,BID
2018-12-17 09:48:25,SPY,257.56,44,ASK
2018-12-17 09:48:26,SPY,257.54,43,BID
2018-12-17 09:48:26,SPY,257.55,21,ASK
2018-12-17 09:48:26,SPY,257.51,17,BID
2018-12-17 09:48:27,SPY,257.52,1,ASK
2018-12-17 09:48:28,SPY,257.52,67,BID
2018-12-17 09:48:27,SPY,257.53,65,ASK
2018-12-17 09:48:28,SPY,257.52,102,BID
2018-12-17 09:48:27,SPY,257.53,30,ASK
2018-12-17 09:48:30,SPY,257.53,8,BID
2018-12-17 09:48:30,SPY,257.54,13,ASK
2018-12-17 09:48:30,SPY,257.52,122,BID
2018-12-17 09:48:31,SPY,257.53,26,ASK
2018-12-17 09:48:31,SPY,257.53,10,BID
2018-12-17 09:48:32,SPY,257.54,49,ASK
2018-12-17 09:48:33,SPY,257.57,23,BID
2018-12-17 09:48:22,SPY,257.58,56,ASK
2018-12-17 09:48:34,SPY,257.57,5,BID
2018-12-17 09:48:34,SPY,257.58,45,ASK
2018-12-17 09:48:35,SPY,257.56,15,BID
2018-12-17 09:48:35,SPY,257.57,4,ASK
2018-12-17 09:48:35,SPY,257.56,72,BID
2018-12-17 09:48:35,SPY,257.57,13,ASK
2018-12-17 09:48:37,SPY,257.56,8,BID
2018-12-17 09:48:36,SPY,257.57,25,ASK
2018-12-17 09:48:38,SPY,257.56,8,BID
2018-12-17 09:48:36,SPY,257.57,26,ASK
2018-12-17 09:48:39,SPY,257.57,18,BID
2018-12-17 09:48:39,SPY,257.58,34,ASK
2018-12-17 09:48:40,SPY,257.58,13,BID
2018-12-17 09:48:40,SPY,257.59,42,ASK
2018-12-17 09:48:41,SPY,257.59,42,BID
2018-12-17 09:48:41,SPY,257.6,8,ASK
2018-12-17 09:48:42,SPY,257.58,14,BID
2018-12-17 09:48:42,SPY,257.59,11,ASK
2018-12-17 09:48:43,SPY,257.59,8,BID
2018-12-17 09:48:43,SPY,257.6,24,ASK
2018-12-17 09:48:44,SPY,257.59,21,BID
2018-12-17 09:48:44,SPY,257.6,4,ASK
2018-12-17 09:48:44,SPY,257.61,10,BID
2018-12-17 09:48:44,SPY,257.62,10,ASK
2018-12-17 09:48:44,SPY,257.59,64,BID
2018-12-17 09:48:46,SPY,257.61,4,ASK
2018-12-17 09:48:47,SPY,257.59,39,BID
2018-12-17 09:48:47,SPY,257.6,3,ASK
2018-12-17 09:48:43,SPY,257.58,13,BID
2018-12-17 09:48:48,SPY,257.59,11,ASK
2018-12-17 09:48:49,SPY,257.58,2,BID
2018-12-17 09:48:49,SPY,257.59,11,ASK
2018-12-17 09:48:49,SPY,257.55,18,BID
2018-12-17 09:48:50,SPY,257.56,9,ASK
2018-12-17 09:48:49,SPY,257.55,19,BID
2018-12-17 09:48:51,SPY,257.56,6,ASK
2018-12-17 09:48:52,SPY,257.57,62,BID
2018-12-17 09:48:51,SPY,257.59,14,ASK
2018-12-17 09:48:53,SPY,257.59,36,BID
2018-12-17 09:48:53,SPY,257.6,1,ASK
2018-12-17 09:48:54,SPY,257.59,40,BID
2018-12-17 09:48:54,SPY,257.6,5,ASK
2018-12-17 09:48:55,SPY,257.58,45,BID
2018-12-17 09:48:55,SPY,257.59,11,ASK
2018-12-17 09:48:56,SPY,257.58,15,BID
2018-12-17 09:48:55,SPY,257.59,9,ASK
2018-12-17 09:48:57,SPY,257.61,6,BID
2018-12-17 09:48:57,SPY,257.62,15,ASK
2018-12-17 09:48:58,SPY,257.56,2,BID
2018-12-17 09:48:58,SPY,257.57,31,ASK
2018-12-17 09:48:59,SPY,257.57,54,BID
2018-12-17 09:48:59,SPY,257.59,16,ASK
2018-12-17 09:49:00,SPY,257.57,54,BID
2018-12-17 09:48:59,SPY,257.59,16,ASK
2018-12-17 09:49:01,SPY,257.58,9,BID
2018-12-17 09:48:59,SPY,257.59,17,ASK
2018-12-17 09:49:01,SPY,257.62,38,BID
2018-12-17 09:49:01,SPY,257.63,25,ASK
2018-12-17 09:49:02,SPY,257.66,1,BID
2018-12-17 09:49:02,SPY,257.66,1,ASK
2018-12-17 09:49:03,SPY,257.64,35,BID
2018-12-17 09:49:02,SPY,257.66,53,ASK
2018-12-17 09:49:03,SPY,257.7,1,BID
2018-12-17 09:49:03,SPY,257.7,5,ASK
2018-12-17 09:49:04,SPY,257.73,8,BID
2018-12-17 09:49:04,SPY,257.74,27,ASK
2018-12-17 09:49:05,SPY,257.75,11,BID
2018-12-17 09:49:05,SPY,257.76,36,ASK
2018-12-17 09:49:06,SPY,257.75,56,BID
2018-12-17 09:49:06,SPY,257.77,39,ASK
2018-12-17 09:49:07,SPY,257.78,3,BID
2018-12-17 09:47:38,SPY,257.79,45,ASK
2018-12-17 09:49:07,SPY,257.76,67,BID
2018-12-17 09:49:08,SPY,257.77,6,ASK
2018-12-17 09:49:07,SPY,257.73,17,BID
2018-12-17 09:49:09,SPY,257.74,4,ASK
2018-12-17 09:49:10,SPY,257.71,21,BID
2018-12-17 09:49:10,SPY,257.72,1,ASK
2018-12-17 09:49:11,SPY,257.7,5,BID
2018-12-17 09:49:11,SPY,257.71,17,ASK
2018-12-17 09:49:12,SPY,257.67,44,BID
2018-12-17 09:49:12,SPY,257.68,7,ASK
2018-12-17 09:49:14,SPY,257.68,54,BID
2018-12-17 09:49:14,SPY,257.69,11,ASK
2018-12-17 09:49:15,SPY,257.65,21,BID
2018-12-17 09:49:15,SPY,257.66,9,ASK
2018-12-17 09:49:17,SPY,257.65,9,BID
2018-12-17 09:49:15,SPY,257.67,21,ASK
2018-12-17 09:49:18,SPY,257.66,2,BID
2018-12-17 09:49:18,SPY,257.67,5,ASK
2018-12-17 09:49:19,SPY,257.67,6,BID
2018-12-17 09:49:19,SPY,257.68,56,ASK
2018-12-17 09:49:19,SPY,257.64,25,BID
2018-12-17 09:49:19,SPY,257.65,10,ASK
2018-12-17 09:49:01,SPY,257.62,43,BID
2018-12-17 09:49:20,SPY,257.64,27,ASK
2018-12-17 09:49:20,SPY,257.62,107,BID
2018-12-17 09:49:20,SPY,257.63,42,ASK
2018-12-17 09:49:21,SPY,257.59,8,BID
2018-12-17 09:49:21,SPY,257.61,90,ASK
2018-12-17 09:48:58,SPY,257.56,62,BID
2018-12-17 09:49:22,SPY,257.58,56,ASK
2018-12-17 09:48:32,SPY,257.53,11,BID
2018-12-17 09:49:22,SPY,257.54,25,ASK
2018-12-17 09:49:23,SPY,257.53,9,BID
2018-12-17 09:49:23,SPY,257.54,46,ASK
2018-12-17 09:49:24,SPY,257.53,13,BID
2018-12-17 09:49:24,SPY,257.54,1,ASK
2018-12-17 09:49:25,SPY,257.54,9,BID
2018-12-17 09:49:25,SPY,257.55,1,ASK
2018-12-17 09:49:26,SPY,257.52,6,BID
2018-12-17 09:49:26,SPY,257.53,58,ASK
2018-12-17 09:49:26,SPY,257.53,14,BID
2018-12-17 09:49:26,SPY,257.53,58,ASK
2018-12-17 09:49:26,SPY,257.59,1,BID
2018-12-17 09:49:26,SPY,257.53,58,ASK
2018-12-17 09:49:27,SPY,257.59,10,BID
2018-12-17 09:49:27,SPY,257.53,58,ASK
2018-12-17 09:49:27,SPY,257.62,1,BID
2018-12-17 09:49:25,SPY,257.56,42,ASK
2018-12-17 09:49:28,SPY,257.64,2,BID
2018-12-17 09:49:28,SPY,257.65,8,ASK
2018-12-17 09:49:28,SPY,257.61,2,BID
2018-12-17 09:49:28,SPY,257.62,14,ASK
2018-12-17 09:49:28,SPY,257.56,10,BID
2018-12-17 09:49:28,SPY,257.58,24,ASK
2018-12-17 09:49:29,SPY,257.56,6,BID
2018-12-17 09:49:29,SPY,257.57,48,ASK
2018-12-17 09:49:30,SPY,257.52,63,BID
2018-12-17 09:49:30,SPY,257.53,20,ASK
2018-12-17 09:49:31,SPY,257.54,10,BID
2018-12-17 09:49:32,SPY,257.55,20,ASK
2018-12-17 09:49:33,SPY,257.57,1,BID
2018-12-17 09:49:29,SPY,257.58,58,ASK
2018-12-17 09:49:34,SPY,257.57,37,BID
2018-12-17 09:49:34,SPY,257.58,7,ASK
2018-12-17 09:49:35,SPY,257.6,1,BID
2018-12-17 09:49:35,SPY,257.61,43,ASK
2018-12-17 09:49:36,SPY,257.6,51,BID
2018-12-17 09:49:36,SPY,257.61,8,ASK
2018-12-17 09:49:37,SPY,257.62,5,BID
2018-12-17 09:49:37,SPY,257.63,6,ASK
2018-12-17 09:49:39,SPY,257.62,39,BID
2018-12-17 09:49:39,SPY,257.63,20,ASK
2018-12-17 09:49:41,SPY,257.66,7,BID
2018-12-17 09:49:41,SPY,257.67,10,ASK
2018-12-17 09:49:43,SPY,257.65,32,BID
2018-12-17 09:49:42,SPY,257.66,67,ASK
2018-12-17 09:49:45,SPY,257.68,13,BID
2018-12-17 09:49:45,SPY,257.69,41,ASK
2018-12-17 09:49:46,SPY,257.7,29,BID
2018-12-17 09:49:46,SPY,257.71,6,ASK
2018-12-17 09:49:48,SPY,257.72,36,BID
2018-12-17 09:49:48,SPY,257.73,50,ASK
2018-12-17 09:49:50,SPY,257.72,65,BID
2018-12-17 09:49:50,SPY,257.73,46,ASK
2018-12-17 09:49:51,SPY,257.74,4,BID
2018-12-17 09:49:09,SPY,257.75,19,ASK
2018-12-17 09:49:52,SPY,257.73,6,BID
2018-12-17 09:49:52,SPY,257.74,21,ASK
2018-12-17 09:49:54,SPY,257.74,5,BID
2018-12-17 09:49:54,SPY,257.75,7,ASK
2018-12-17 09:49:55,SPY,257.76,20,BID
2018-12-17 09:49:55,SPY,257.77,1,ASK
2018-12-17 09:49:56,SPY,257.77,31,BID
2018-12-17 09:49:56,SPY,257.78,19,ASK
2018-12-17 09:49:54,SPY,257.74,16,BID
2018-12-17 09:49:57,SPY,257.75,9,ASK
2018-12-17 09:49:57,SPY,257.75,31,BID
2018-12-17 09:49:57,SPY,257.76,53,ASK
2018-12-17 09:49:59,SPY,257.75,27,BID
2018-12-17 09:49:59,SPY,257.76,65,ASK
2018-12-17 09:49:57,SPY,257.74,31,BID
2018-12-17 09:50:00,SPY,257.75,13,ASK
2018-12-17 09:50:01,SPY,257.72,6,BID
2018-12-17 09:50:01,SPY,257.73,18,ASK
2018-12-17 09:50:02,SPY,257.72,6,BID
2018-12-17 09:50:02,SPY,257.73,29,ASK
2018-12-17 09:50:03,SPY,257.69,21,BID
2018-12-17 09:50:03,SPY,257.7,2,ASK
2018-12-17 09:50:04,SPY,257.7,20,BID
2018-12-17 09:50:04,SPY,257.71,41,ASK
2018-12-17 09:50:05,SPY,257.67,45,BID
2018-12-17 09:50:05,SPY,257.68,8,ASK
2018-12-17 09:50:06,SPY,257.66,13,BID
2018-12-17 09:50:06,SPY,257.67,3,ASK
2018-12-17 09:50:07,SPY,257.66,5,BID
2018-12-17 09:50:06,SPY,257.67,14,ASK
2018-12-17 09:50:08,SPY,257.66,3,BID
2018-12-17 09:50:08,SPY,257.67,7,ASK
2018-12-17 09:50:09,SPY,257.66,9,BID
2018-12-17 09:50:09,SPY,257.67,8,ASK
2018-12-17 09:50:10,SPY,257.68,3,BID
2018-12-17 09:50:05,SPY,257.69,86,ASK
2018-12-17 09:50:09,SPY,257.66,18,BID
2018-12-17 09:50:11,SPY,257.67,1,ASK
2018-12-17 09:50:09,SPY,257.66,15,BID
2018-12-17 09:50:11,SPY,257.68,12,ASK
2018-12-17 09:50:13,SPY,257.67,9,BID
2018-12-17 09:50:13,SPY,257.68,8,ASK
2018-12-17 09:50:14,SPY,257.7,41,BID
2018-12-17 09:50:14,SPY,257.72,15,ASK
2018-12-17 09:50:15,SPY,257.71,14,BID
2018-12-17 09:50:15,SPY,257.72,24,ASK
2018-12-17 09:50:16,SPY,257.69,8,BID
2018-12-17 09:50:16,SPY,257.7,7,ASK
2018-12-17 09:50:17,SPY,257.67,5,BID
2018-12-17 09:50:17,SPY,257.68,29,ASK
2018-12-17 09:50:18,SPY,257.68,13,BID
2018-12-17 09:50:18,SPY,257.69,21,ASK
2018-12-17 09:50:19,SPY,257.64,47,BID
2018-12-17 09:50:19,SPY,257.65,8,ASK
2018-12-17 09:49:38,SPY,257.61,43,BID
2018-12-17 09:50:20,SPY,257.62,5,ASK
2018-12-17 09:50:21,SPY,257.63,1,BID
2018-12-17 09:50:20,SPY,257.64,24,ASK
2018-12-17 09:50:22,SPY,257.63,6,BID
2018-12-17 09:50:22,SPY,257.64,16,ASK
2018-12-17 09:49:38,SPY,257.61,39,BID
2018-12-17 09:50:23,SPY,257.62,6,ASK
2018-12-17 09:50:24,SPY,257.61,12,BID
2018-12-17 09:50:23,SPY,257.63,11,ASK
2018-12-17 09:50:23,SPY,257.58,19,BID
2018-12-17 09:50:25,SPY,257.6,4,ASK
2018-12-17 09:50:26,SPY,257.58,17,BID
2018-12-17 09:50:26,SPY,257.59,6,ASK
2018-12-17 09:50:27,SPY,257.58,8,BID
2018-12-17 09:50:27,SPY,257.59,16,ASK
2018-12-17 09:50:28,SPY,257.58,13,BID
2018-12-17 09:50:28,SPY,257.59,21,ASK
2018-12-17 09:50:28,SPY,257.58,14,BID
2018-12-17 09:50:29,SPY,257.59,13,ASK
2018-12-17 09:50:30,SPY,257.56,17,BID
2018-12-17 09:50:30,SPY,257.57,7,ASK
2018-12-17 09:50:31,SPY,257.55,14,BID
2018-12-17 09:50:31,SPY,257.56,13,ASK
2018-12-17 09:50:32,SPY,257.55,20,BID
2018-12-17 09:50:32,SPY,257.56,9,ASK
2018-12-17 09:50:33,SPY,257.57,3,BID
2018-12-17 09:50:30,SPY,257.58,45,ASK
2018-12-17 09:50:34,SPY,257.55,36,BID
2018-12-17 09:50:34,SPY,257.56,33,ASK
2018-12-17 09:50:35,SPY,257.55,28,BID
2018-12-17 09:50:35,SPY,257.56,19,ASK
2018-12-17 09:50:36,SPY,257.56,1,BID
2018-12-17 09:50:36,SPY,257.57,13,ASK
2018-12-17 09:50:37,SPY,257.57,20,BID
2018-12-17 09:50:37,SPY,257.58,9,ASK
2018-12-17 09:50:38,SPY,257.57,21,BID
2018-12-17 09:50:38,SPY,257.58,8,ASK
2018-12-17 09:50:39,SPY,257.56,9,BID
2018-12-17 09:50:39,SPY,257.57,4,ASK
2018-12-17 09:50:40,SPY,257.57,5,BID
2018-12-17 09:50:38,SPY,257.58,9,ASK
2018-12-17 09:50:41,SPY,257.6,11,BID
2018-12-17 09:50:41,SPY,257.61,48,ASK
2018-12-17 09:50:42,SPY,257.59,11,BID
2018-12-17 09:50:42,SPY,257.61,62,ASK
2018-12-17 09:50:43,SPY,257.59,7,BID
2018-12-17 09:50:43,SPY,257.6,9,ASK
2018-12-17 09:50:44,SPY,257.59,42,BID
2018-12-17 09:50:44,SPY,257.6,5,ASK
2018-12-17 09:50:45,SPY,257.59,41,BID
2018-12-17 09:50:45,SPY,257.6,8,ASK
2018-12-17 09:50:46,SPY,257.64,6,BID
2018-12-17 09:50:20,SPY,257.65,9,ASK
2018-12-17 09:50:47,SPY,257.64,9,BID
2018-12-17 09:50:46,SPY,257.65,11,ASK
2018-12-17 09:50:48,SPY,257.66,8,BID
2018-12-17 09:50:48,SPY,257.67,31,ASK
2018-12-17 09:50:49,SPY,257.64,23,BID
2018-12-17 09:50:49,SPY,257.65,13,ASK
2018-12-17 09:50:50,SPY,257.68,8,BID
2018-12-17 09:50:50,SPY,257.69,53,ASK
2018-12-17 09:50:51,SPY,257.7,6,BID
2018-12-17 09:50:51,SPY,257.71,37,ASK
2018-12-17 09:50:52,SPY,257.72,6,BID
2018-12-17 09:50:52,SPY,257.73,12,ASK
2018-12-17 09:50:53,SPY,257.77,32,BID
2018-12-17 09:50:53,SPY,257.78,4,ASK
2018-12-17 09:50:54,SPY,257.72,50,BID
2018-12-17 09:50:54,SPY,257.74,36,ASK
2018-12-17 09:50:55,SPY,257.72,18,BID
2018-12-17 09:50:55,SPY,257.73,21,ASK
2018-12-17 09:50:55,SPY,257.72,18,BID
2018-12-17 09:50:55,SPY,257.73,21,ASK
2018-12-17 09:50:56,SPY,257.72,4,BID
2018-12-17 09:50:56,SPY,257.73,23,ASK
2018-12-17 09:50:58,SPY,257.73,24,BID
2018-12-17 09:50:58,SPY,257.74,57,ASK
2018-12-17 09:50:58,SPY,257.71,17,BID
2018-12-17 09:50:59,SPY,257.71,1,ASK
2018-12-17 09:51:00,SPY,257.71,3,BID
2018-12-17 09:51:00,SPY,257.72,93,ASK
2018-12-17 09:51:01,SPY,257.69,13,BID
2018-12-17 09:51:01,SPY,257.7,6,ASK
2018-12-17 09:51:02,SPY,257.69,7,BID
2018-12-17 09:51:02,SPY,257.7,18,ASK
2018-12-17 09:51:03,SPY,257.66,5,BID
2018-12-17 09:51:03,SPY,257.67,15,ASK
2018-12-17 09:51:04,SPY,257.63,23,BID
2018-12-17 09:51:04,SPY,257.64,2,ASK
2018-12-17 09:51:05,SPY,257.61,5,BID
2018-12-17 09:51:05,SPY,257.62,17,ASK
2018-12-17 09:51:06,SPY,257.58,2,BID
2018-12-17 09:51:06,SPY,257.59,51,ASK
2018-12-17 09:51:07,SPY,257.58,1,BID
2018-12-17 09:51:06,SPY,257.59,56,ASK
2018-12-17 09:51:08,SPY,257.53,14,BID
2018-12-17 09:51:08,SPY,257.55,9,ASK
2018-12-17 09:51:09,SPY,257.51,17,BID
2018-12-17 09:51:09,SPY,257.52,9,ASK
2018-12-17 09:51:10,SPY,257.52,6,BID
2018-12-17 09:51:10,SPY,257.53,15,ASK
2018-12-17 09:51:11,SPY,257.52,59,BID
2018-12-17 09:51:11,SPY,257.53,7,ASK
2018-12-17 09:51:12,SPY,257.5,20,BID
2018-12-17 09:51:12,SPY,257.51,58,ASK
2018-12-17 09:51:13,SPY,257.5,20,BID
2018-12-17 09:51:12,SPY,257.51,78,ASK
2018-12-17 09:51:14,SPY,257.52,10,BID
2018-12-17 09:51:14,SPY,257.53,10,ASK
2018-12-17 09:51:14,SPY,257.51,25,BID
2018-12-17 09:51:14,SPY,257.52,9,ASK
2018-12-17 09:51:15,SPY,257.52,43,BID
2018-12-17 09:51:15,SPY,257.52,4,ASK
2018-12-17 09:51:16,SPY,257.48,1,BID
2018-12-17 09:51:16,SPY,257.48,2,ASK
2018-12-17 09:51:17,SPY,257.47,47,BID
2018-12-17 09:51:17,SPY,257.48,38,ASK
2018-12-17 09:51:18,SPY,257.5,8,BID
2018-12-17 09:51:18,SPY,257.5,2,ASK
2018-12-17 09:51:19,SPY,257.49,51,BID
2018-12-17 09:51:19,SPY,257.5,13,ASK
2018-12-17 09:51:20,SPY,257.49,62,BID
2018-12-17 09:51:20,SPY,257.5,8,ASK
2018-12-17 09:51:22,SPY,257.49,42,BID
2018-12-17 09:51:22,SPY,257.5,12,ASK
2018-12-17 09:51:16,SPY,257.46,37,BID
2018-12-17 09:51:23,SPY,257.48,18,ASK
2018-12-17 09:51:24,SPY,257.46,2,BID
2018-12-17 09:51:24,SPY,257.47,24,ASK
2018-12-17 09:51:25,SPY,257.46,25,BID
2018-12-17 09:51:25,SPY,257.47,8,ASK
2018-12-17 09:51:26,SPY,257.49,34,BID
2018-12-17 09:51:26,SPY,257.5,8,ASK
2018-12-17 09:51:27,SPY,257.5,16,BID
2018-12-17 09:51:28,SPY,257.51,95,ASK
2018-12-17 09:51:28,SPY,257.52,36,BID
2018-12-17 09:51:28,SPY,257.53,5,ASK
2018-12-17 09:51:29,SPY,257.52,58,BID
2018-12-17 09:51:30,SPY,257.53,14,ASK
2018-12-17 09:51:30,SPY,257.54,7,BID
2018-12-17 09:51:30,SPY,257.55,36,ASK
2018-12-17 09:51:31,SPY,257.57,7,BID
2018-12-17 09:51:31,SPY,257.58,13,ASK
2018-12-17 09:51:31,SPY,257.57,41,BID
2018-12-17 09:51:31,SPY,257.59,86,ASK
2018-12-17 09:51:32,SPY,257.58,8,BID
2018-12-17 09:51:32,SPY,257.58,1,ASK
2018-12-17 09:51:33,SPY,257.58,11,BID
2018-12-17 09:51:33,SPY,257.6,8,ASK
2018-12-17 09:51:34,SPY,257.57,44,BID
2018-12-17 09:51:34,SPY,257.58,23,ASK
2018-12-17 09:51:36,SPY,257.53,10,BID
2018-12-17 09:51:36,SPY,257.54,11,ASK
2018-12-17 09:51:37,SPY,257.53,4,BID
2018-12-17 09:51:37,SPY,257.54,31,ASK
2018-12-17 09:51:39,SPY,257.51,11,BID
2018-12-17 09:51:38,SPY,257.52,9,ASK
2018-12-17 09:51:39,SPY,257.52,12,BID
2018-12-17 09:51:40,SPY,257.53,20,ASK
2018-12-17 09:51:41,SPY,257.52,5,BID
2018-12-17 09:51:41,SPY,257.53,13,ASK
2018-12-17 09:51:42,SPY,257.54,6,BID
2018-12-17 09:51:42,SPY,257.55,13,ASK
2018-12-17 09:51:43,SPY,257.54,45,BID
2018-12-17 09:51:43,SPY,257.55,11,ASK
2018-12-17 09:51:43,SPY,257.53,15,BID
2018-12-17 09:51:44,SPY,257.54,6,ASK
2018-12-17 09:51:44,SPY,257.54,5,BID
2018-12-17 09:51:43,SPY,257.55,20,ASK
2018-12-17 09:51:45,SPY,257.56,13,BID
2018-12-17 09:51:45,SPY,257.57,2,ASK
2018-12-17 09:51:46,SPY,257.55,29,BID
2018-12-17 09:51:46,SPY,257.57,32,ASK
2018-12-17 09:51:48,SPY,257.52,34,BID
2018-12-17 09:51:48,SPY,257.53,1,ASK
2018-12-17 09:51:48,SPY,257.57,49,BID
2018-12-17 09:51:48,SPY,257.58,22,ASK
2018-12-17 09:51:49,SPY,257.56,27,BID
2018-12-17 09:51:49,SPY,257.57,4,ASK
2018-12-17 09:51:51,SPY,257.57,12,BID
2018-12-17 09:51:51,SPY,257.58,57,ASK
2018-12-17 09:51:52,SPY,257.57,3,BID
2018-12-17 09:51:52,SPY,257.58,55,ASK
2018-12-17 09:51:53,SPY,257.54,59,BID
2018-12-17 09:51:53,SPY,257.55,11,ASK
2018-12-17 09:51:54,SPY,257.58,25,BID
2018-12-17 09:51:49,SPY,257.59,43,ASK
2018-12-17 09:51:55,SPY,257.55,49,BID
2018-12-17 09:51:55,SPY,257.56,54,ASK
2018-12-17 09:51:55,SPY,257.53,25,BID
2018-12-17 09:51:55,SPY,257.55,10,ASK
2018-12-17 09:51:57,SPY,257.58,23,BID
2018-12-17 09:51:57,SPY,257.59,75,ASK
2018-12-17 09:51:57,SPY,257.6,36,BID
2018-12-17 09:51:57,SPY,257.61,39,ASK
2018-12-17 09:51:58,SPY,257.61,4,BID
2018-12-17 09:51:58,SPY,257.62,37,ASK
2018-12-17 09:52:00,SPY,257.62,12,BID
2018-12-17 09:52:00,SPY,257.63,41,ASK
2018-12-17 09:52:00,SPY,257.62,5,BID
2018-12-17 09:52:00,SPY,257.63,22,ASK
2018-12-17 09:52:01,SPY,257.65,14,BID
2018-12-17 09:52:01,SPY,257.66,14,ASK
2018-12-17 09:52:01,SPY,257.65,27,BID
2018-12-17 09:52:01,SPY,257.66,2,ASK
2018-12-17 09:52:03,SPY,257.66,10,BID
2018-12-17 09:52:03,SPY,257.67,7,ASK
2018-12-17 09:52:04,SPY,257.64,57,BID
2018-12-17 09:52:04,SPY,257.65,13,ASK
2018-12-17 09:52:06,SPY,257.62,15,BID
2018-12-17 09:52:06,SPY,257.63,25,ASK
2018-12-17 09:52:06,SPY,257.65,27,BID
2018-12-17 09:52:07,SPY,257.66,52,ASK
2018-12-17 09:52:08,SPY,257.66,1,BID
2018-12-17 09:52:08,SPY,257.66,1,ASK
2018-12-17 09:52:08,SPY,257.64,10,BID
2018-12-17 09:52:08,SPY,257.65,13,ASK
2018-12-17 09:52:10,SPY,257.63,50,BID
2018-12-17 09:52:10,SPY,257.64,7,ASK
2018-12-17 09:52:11,SPY,257.6,18,BID
2018-12-17 09:52:11,SPY,257.61,15,ASK
2018-12-17 09:52:12,SPY,257.6,58,BID
2018-12-17 09:52:12,SPY,257.61,5,ASK
2018-12-17 09:52:12,SPY,257.61,6,BID
2018-12-17 09:52:12,SPY,257.62,30,ASK
2018-12-17 09:52:11,SPY,257.59,53,BID
2018-12-17 09:52:14,SPY,257.6,10,ASK
2018-12-17 09:52:14,SPY,257.56,16,BID
2018-12-17 09:52:14,SPY,257.57,14,ASK
2018-12-17 09:52:16,SPY,257.53,25,BID
2018-12-17 09:52:16,SPY,257.54,7,ASK
2018-12-17 09:52:16,SPY,257.54,6,BID
2018-12-17 09:52:16,SPY,257.55,8,ASK
2018-12-17 09:52:17,SPY,257.52,39,BID
2018-12-17 09:52:17,SPY,257.53,39,ASK
2018-12-17 09:52:19,SPY,257.48,30,BID
2018-12-17 09:52:19,SPY,257.49,17,ASK
2018-12-17 09:52:19,SPY,257.45,105,BID
2018-12-17 09:52:19,SPY,257.46,14,ASK
2018-12-17 09:52:20,SPY,257.46,4,BID
2018-12-17 09:52:20,SPY,257.47,18,ASK
2018-12-17 09:52:22,SPY,257.51,8,BID
2018-12-17 09:52:17,SPY,257.53,63,ASK
2018-12-17 09:52:23,SPY,257.51,9,BID
2018-12-17 09:52:23,SPY,257.52,4,ASK
2018-12-17 09:52:24,SPY,257.52,21,BID
2018-12-17 09:52:24,SPY,257.53,29,ASK
2018-12-17 09:52:24,SPY,257.5,30,BID
2018-12-17 09:52:25,SPY,257.51,40,ASK
2018-12-17 09:52:26,SPY,257.5,11,BID
2018-12-17 09:52:25,SPY,257.51,70,ASK
2018-12-17 09:52:26,SPY,257.51,73,BID
2018-12-17 09:52:27,SPY,257.52,9,ASK
2018-12-17 09:52:28,SPY,257.53,1,BID
2018-12-17 09:52:28,SPY,257.53,20,ASK
2018-12-17 09:52:28,SPY,257.57,11,BID
2018-12-17 09:52:15,SPY,257.58,29,ASK
2018-12-17 09:52:30,SPY,257.55,10,BID
2018-12-17 09:52:30,SPY,257.56,15,ASK
2018-12-17 09:52:31,SPY,257.52,24,BID
2018-12-17 09:52:31,SPY,257.53,27,ASK
2018-12-17 09:52:31,SPY,257.53,36,BID
2018-12-17 09:52:31,SPY,257.54,65,ASK
2018-12-17 09:52:33,SPY,257.54,58,BID
2018-12-17 09:52:33,SPY,257.56,35,ASK
2018-12-17 09:52:33,SPY,257.56,27,BID
2018-12-17 09:52:33,SPY,257.53,8,ASK
2018-12-17 09:52:35,SPY,257.53,2,BID
2018-12-17 09:52:35,SPY,257.53,1,ASK
2018-12-17 09:52:36,SPY,257.51,49,BID
2018-12-17 09:52:36,SPY,257.52,21,ASK
2018-12-17 09:52:36,SPY,257.51,33,BID
2018-12-17 09:52:37,SPY,257.52,1,ASK
2018-12-17 09:52:38,SPY,257.49,42,BID
2018-12-17 09:52:38,SPY,257.5,15,ASK
2018-12-17 09:52:38,SPY,257.49,62,BID
2018-12-17 09:52:39,SPY,257.5,18,ASK
2018-12-17 09:52:39,SPY,257.47,42,BID
2018-12-17 09:52:40,SPY,257.48,13,ASK
2018-12-17 09:52:39,SPY,257.47,42,BID
2018-12-17 09:52:40,SPY,257.48,11,ASK
2018-12-17 09:52:42,SPY,257.49,34,BID
2018-12-17 09:52:42,SPY,257.51,55,ASK
2018-12-17 09:52:42,SPY,257.54,15,BID
2018-12-17 09:52:42,SPY,257.55,40,ASK
2018-12-17 09:52:43,SPY,257.55,14,BID
2018-12-17 09:52:43,SPY,257.56,96,ASK
2018-12-17 09:52:45,SPY,257.56,5,BID
2018-12-17 09:52:45,SPY,257.56,15,ASK
2018-12-17 09:52:45,SPY,257.53,51,BID
2018-12-17 09:52:45,SPY,257.54,15,ASK
2018-12-17 09:52:47,SPY,257.54,15,BID
2018-12-17 09:52:47,SPY,257.55,10,ASK
2018-12-17 09:52:48,SPY,257.56,13,BID
2018-12-17 09:52:48,SPY,257.57,38,ASK
2018-12-17 09:52:49,SPY,257.58,10,BID
2018-12-17 09:52:28,SPY,257.59,53,ASK
2018-12-17 09:52:50,SPY,257.58,10,BID
2018-12-17 09:52:28,SPY,257.59,20,ASK
2018-12-17 09:52:51,SPY,257.57,62,BID
2018-12-17 09:52:51,SPY,257.58,22,ASK
2018-12-17 09:52:52,SPY,257.58,11,BID
2018-12-17 09:52:50,SPY,257.59,43,ASK
2018-12-17 09:52:53,SPY,257.58,11,BID
2018-12-17 09:52:50,SPY,257.59,44,ASK
2018-12-17 09:52:54,SPY,257.57,73,BID
2018-12-17 09:52:54,SPY,257.58,30,ASK
2018-12-17 09:52:55,SPY,257.55,5,BID
2018-12-17 09:52:55,SPY,257.56,50,ASK
2018-12-17 09:52:56,SPY,257.53,5,BID
2018-12-17 09:52:56,SPY,257.54,13,ASK
2018-12-17 09:52:56,SPY,257.55,18,BID
2018-12-17 09:52:55,SPY,257.56,18,ASK
2018-12-17 09:52:57,SPY,257.56,52,BID
2018-12-17 09:52:57,SPY,257.57,11,ASK
2018-12-17 09:52:58,SPY,257.56,34,BID
2018-12-17 09:52:57,SPY,257.57,13,ASK
2018-12-17 09:53:00,SPY,257.55,22,BID
2018-12-17 09:53:00,SPY,257.56,49,ASK
2018-12-17 09:53:00,SPY,257.55,26,BID
2018-12-17 09:53:01,SPY,257.56,36,ASK
2018-12-17 09:53:02,SPY,257.56,16,BID
2018-12-17 09:53:02,SPY,257.57,5,ASK
2018-12-17 09:53:03,SPY,257.55,41,BID
2018-12-17 09:53:03,SPY,257.56,52,ASK
2018-12-17 09:53:04,SPY,257.57,18,BID
2018-12-17 09:52:50,SPY,257.59,41,ASK
2018-12-17 09:53:05,SPY,257.55,45,BID
2018-12-17 09:53:05,SPY,257.56,6,ASK
2018-12-17 09:53:05,SPY,257.54,47,BID
2018-12-17 09:53:05,SPY,257.55,15,ASK
2018-12-17 09:53:07,SPY,257.5,28,BID
2018-12-17 09:53:07,SPY,257.52,16,ASK
2018-12-17 09:53:08,SPY,257.48,20,BID
2018-12-17 09:53:08,SPY,257.49,13,ASK
2018-12-17 09:53:09,SPY,257.45,62,BID
2018-12-17 09:53:09,SPY,257.46,75,ASK
2018-12-17 09:44:04,SPY,257.43,100,BID
2018-12-17 09:53:10,SPY,257.44,10,ASK
2018-12-17 09:53:11,SPY,257.46,9,BID
2018-12-17 09:53:11,SPY,257.47,6,ASK
2018-12-17 09:53:12,SPY,257.45,49,BID
2018-12-17 09:53:12,SPY,257.46,37,ASK
2018-12-17 09:53:13,SPY,257.5,2,BID
2018-12-17 09:53:13,SPY,257.51,68,ASK
2018-12-17 09:53:14,SPY,257.46,51,BID
2018-12-17 09:53:14,SPY,257.48,36,ASK
2018-12-17 09:53:15,SPY,257.48,8,BID
2018-12-17 09:53:15,SPY,257.48,2,ASK
2018-12-17 09:53:16,SPY,257.49,8,BID
2018-12-17 09:53:16,SPY,257.5,26,ASK
2018-12-17 09:53:17,SPY,257.5,2,BID
2018-12-17 09:53:17,SPY,257.5,4,ASK
2018-12-17 09:53:17,SPY,257.5,37,BID
2018-12-17 09:53:17,SPY,257.51,42,ASK
2018-12-17 09:53:18,SPY,257.53,22,BID
2018-12-17 09:53:06,SPY,257.54,22,ASK
2018-12-17 09:53:18,SPY,257.57,9,BID
2018-12-17 09:53:18,SPY,257.58,37,ASK
2018-12-17 09:53:18,SPY,257.64,21,BID
2018-12-17 09:53:18,SPY,257.66,49,ASK
2018-12-17 09:53:20,SPY,257.62,9,BID
2018-12-17 09:53:20,SPY,257.63,57,ASK
2018-12-17 09:53:22,SPY,257.6,16,BID
2018-12-17 09:53:22,SPY,257.61,77,ASK
2018-12-17 09:53:24,SPY,257.55,18,BID
2018-12-17 09:53:24,SPY,257.56,51,ASK
2018-12-17 09:53:25,SPY,257.56,11,BID
2018-12-17 09:53:25,SPY,257.57,56,ASK
2018-12-17 09:53:24,SPY,257.55,22,BID
2018-12-17 09:53:26,SPY,257.56,77,ASK
2018-12-17 09:53:27,SPY,257.51,4,BID
2018-12-17 09:53:27,SPY,257.52,64,ASK
2018-12-17 09:53:16,SPY,257.48,44,BID
2018-12-17 09:53:28,SPY,257.5,5,ASK
2018-12-17 09:53:14,SPY,257.46,51,BID
2018-12-17 09:53:29,SPY,257.47,25,ASK
2018-12-17 09:53:30,SPY,257.44,55,BID
2018-12-17 09:53:30,SPY,257.45,4,ASK
2018-12-17 09:44:02,SPY,257.4,56,BID
2018-12-17 09:53:31,SPY,257.41,4,ASK
2018-12-17 09:43:50,SPY,257.37,97,BID
2018-12-17 09:53:32,SPY,257.38,2,ASK
2018-12-17 09:53:32,SPY,257.37,32,BID
2018-12-17 09:53:32,SPY,257.38,4,ASK
2018-12-17 09:53:34,SPY,257.36,3,BID
2018-12-17 09:53:34,SPY,257.37,32,ASK
2018-12-17 09:53:34,SPY,257.38,27,BID
2018-12-17 09:53:34,SPY,257.39,100,ASK
2018-12-17 09:53:35,SPY,257.33,32,BID
2018-12-17 09:53:35,SPY,257.35,9,ASK
2018-12-17 09:53:35,SPY,257.31,5,BID
2018-12-17 09:53:35,SPY,257.32,35,ASK
2018-12-17 09:53:36,SPY,257.29,38,BID
2018-12-17 09:53:36,SPY,257.3,13,ASK
2018-12-17 09:53:38,SPY,257.3,2,BID
2018-12-17 09:53:38,SPY,257.31,49,ASK
2018-12-17 09:53:39,SPY,257.29,5,BID
2018-12-17 09:53:39,SPY,257.3,45,ASK
2018-12-17 09:53:39,SPY,257.27,49,BID
2018-12-17 09:53:40,SPY,257.28,26,ASK
2018-12-17 09:53:42,SPY,257.27,8,BID
2018-12-17 09:53:42,SPY,257.28,26,ASK
2018-12-17 09:53:43,SPY,257.27,45,BID
2018-12-17 09:53:43,SPY,257.28,17,ASK
2018-12-17 09:53:44,SPY,257.26,7,BID
2018-12-17 09:53:44,SPY,257.27,3,ASK
2018-12-17 09:53:45,SPY,257.26,13,BID
2018-12-17 09:53:45,SPY,257.27,16,ASK
2018-12-17 09:53:46,SPY,257.27,7,BID
2018-12-17 09:53:46,SPY,257.28,55,ASK
2018-12-17 09:53:47,SPY,257.26,25,BID
2018-12-17 09:53:46,SPY,257.28,55,ASK
2018-12-17 09:53:48,SPY,257.26,23,BID
2018-12-17 09:53:48,SPY,257.27,43,ASK
2018-12-17 09:53:49,SPY,257.26,12,BID
2018-12-17 09:53:48,SPY,257.27,79,ASK
2018-12-17 09:53:50,SPY,257.27,43,BID
2018-12-17 09:53:50,SPY,257.28,20,ASK
2018-12-17 09:53:51,SPY,257.29,10,BID
2018-12-17 09:53:40,SPY,257.3,56,ASK
2018-12-17 09:53:52,SPY,257.32,52,BID
2018-12-17 09:53:52,SPY,257.33,37,ASK
2018-12-17 09:53:53,SPY,257.36,12,BID
2018-12-17 09:53:53,SPY,257.37,13,ASK
2018-12-17 09:53:53,SPY,257.4,15,BID
2018-12-17 09:53:53,SPY,257.41,67,ASK
2018-12-17 09:53:54,SPY,257.39,73,BID
2018-12-17 09:53:54,SPY,257.4,10,ASK
2018-12-17 09:53:56,SPY,257.38,6,BID
2018-12-17 09:53:56,SPY,257.39,47,ASK
2018-12-17 09:53:57,SPY,257.39,53,BID
2018-12-17 09:53:57,SPY,257.39,23,ASK
2018-12-17 09:53:58,SPY,257.37,1,BID
2018-12-17 09:53:58,SPY,257.38,22,ASK
2018-12-17 09:53:59,SPY,257.34,47,BID
2018-12-17 09:53:59,SPY,257.35,11,ASK
2018-12-17 09:54:00,SPY,257.33,30,BID
2018-12-17 09:54:00,SPY,257.34,32,ASK
2018-12-17 09:54:01,SPY,257.34,13,BID
2018-12-17 09:54:01,SPY,257.35,12,ASK
2018-12-17 09:54:02,SPY,257.34,11,BID
2018-12-17 09:54:02,SPY,257.35,5,ASK
2018-12-17 09:54:03,SPY,257.35,21,BID
2018-12-17 09:54:03,SPY,257.36,29,ASK
2018-12-17 09:54:04,SPY,257.38,11,BID
2018-12-17 09:54:04,SPY,257.39,45,ASK
2018-12-17 09:54:05,SPY,257.38,14,BID
2018-12-17 09:54:05,SPY,257.39,8,ASK
2018-12-17 09:54:06,SPY,257.42,7,BID
2018-12-17 09:54:06,SPY,257.42,19,ASK
2018-12-17 09:54:07,SPY,257.44,16,BID
2018-12-17 09:54:07,SPY,257.45,46,ASK
2018-12-17 09:54:07,SPY,257.44,6,BID
2018-12-17 09:54:07,SPY,257.45,5,ASK
2018-12-17 09:54:08,SPY,257.46,2,BID
2018-12-17 09:54:07,SPY,257.46,49,ASK
2018-12-17 09:54:09,SPY,257.47,4,BID
2018-12-17 09:54:09,SPY,257.47,74,ASK
2018-12-17 09:54:09,SPY,257.47,37,BID
2018-12-17 09:54:09,SPY,257.48,9,ASK
2018-12-17 09:54:09,SPY,257.47,38,BID
2018-12-17 09:54:10,SPY,257.48,13,ASK
2018-12-17 09:54:11,SPY,257.47,38,BID
2018-12-17 09:54:11,SPY,257.48,23,ASK
2018-12-17 09:54:13,SPY,257.48,12,BID
2018-12-17 09:54:13,SPY,257.49,76,ASK
2018-12-17 09:54:14,SPY,257.45,1,BID
2018-12-17 09:54:14,SPY,257.45,6,ASK
2018-12-17 09:54:15,SPY,257.5,15,BID
2018-12-17 09:53:28,SPY,257.51,32,ASK
2018-12-17 09:54:16,SPY,257.53,11,BID
2018-12-17 09:54:16,SPY,257.54,5,ASK
2018-12-17 09:54:17,SPY,257.55,5,BID
2018-12-17 09:54:17,SPY,257.56,89,ASK
2018-12-17 09:54:18,SPY,257.55,43,BID
2018-12-17 09:54:18,SPY,257.56,51,ASK
2018-12-17 09:54:20,SPY,257.57,2,BID
2018-12-17 09:54:20,SPY,257.58,19,ASK
2018-12-17 09:54:19,SPY,257.55,57,BID
2018-12-17 09:54:21,SPY,257.56,15,ASK
2018-12-17 09:54:22,SPY,257.53,25,BID
2018-12-17 09:54:22,SPY,257.54,30,ASK
2018-12-17 09:54:23,SPY,257.55,10,BID
2018-12-17 09:54:23,SPY,257.56,5,ASK
2018-12-17 09:54:24,SPY,257.56,3,BID
2018-12-17 09:54:23,SPY,257.57,19,ASK
2018-12-17 09:54:25,SPY,257.59,13,BID
2018-12-17 09:54:25,SPY,257.6,6,ASK
2018-12-17 09:54:26,SPY,257.54,43,BID
2018-12-17 09:54:26,SPY,257.55,2,ASK
2018-12-17 09:54:27,SPY,257.56,6,BID
2018-12-17 09:54:27,SPY,257.56,50,ASK
2018-12-17 09:54:28,SPY,257.56,9,BID
2018-12-17 09:54:28,SPY,257.57,10,ASK
2018-12-17 09:54:29,SPY,257.59,28,BID
2018-12-17 09:54:29,SPY,257.6,7,ASK
2018-12-17 09:54:30,SPY,257.6,5,BID
2018-12-17 09:54:30,SPY,257.61,61,ASK
2018-12-17 09:54:30,SPY,257.59,52,BID
2018-12-17 09:54:31,SPY,257.59,6,ASK
2018-12-17 09:54:32,SPY,257.57,7,BID
2018-12-17 09:54:32,SPY,257.58,30,ASK
2018-12-17 09:54:33,SPY,257.55,7,BID
2018-12-17 09:54:33,SPY,257.56,59,ASK
2018-12-17 09:54:34,SPY,257.55,37,BID
2018-12-17 09:54:34,SPY,257.56,40,ASK
2018-12-17 09:54:35,SPY,257.58,37,BID
2018-12-17 09:54:35,SPY,257.59,3,ASK
2018-12-17 09:54:36,SPY,257.59,64,BID
2018-12-17 09:54:36,SPY,257.6,5,ASK
2018-12-17 09:54:37,SPY,257.6,6,BID
2018-12-17 09:54:36,SPY,257.61,63,ASK
2018-12-17 09:54:36,SPY,257.59,56,BID
2018-12-17 09:54:38,SPY,257.6,23,ASK
2018-12-17 09:54:39,SPY,257.52,36,BID
2018-12-17 09:54:39,SPY,257.53,10,ASK
2018-12-17 09:54:40,SPY,257.51,24,BID
2018-12-17 09:54:40,SPY,257.52,11,ASK
2018-12-17 09:54:41,SPY,257.51,32,BID
2018-12-17 09:54:41,SPY,257.52,14,ASK
2018-12-17 09:54:42,SPY,257.52,12,BID
2018-12-17 09:54:42,SPY,257.53,44,ASK
2018-12-17 09:54:43,SPY,257.54,111,BID
2018-12-17 09:54:43,SPY,257.55,11,ASK
2018-12-17 09:54:44,SPY,257.56,41,BID
2018-12-17 09:54:44,SPY,257.57,1,ASK
2018-12-17 09:54:44,SPY,257.57,38,BID
2018-12-17 09:54:44,SPY,257.58,24,ASK
2018-12-17 09:54:46,SPY,257.56,113,BID
2018-12-17 09:54:46,SPY,257.57,17,ASK
2018-12-17 09:54:45,SPY,257.55,65,BID
2018-12-17 09:54:47,SPY,257.57,19,ASK
2018-12-17 09:54:48,SPY,257.56,4,BID
2018-12-17 09:54:48,SPY,257.57,24,ASK
2018-12-17 09:54:49,SPY,257.54,75,BID
2018-12-17 09:54:49,SPY,257.55,16,ASK
2018-12-17 09:54:50,SPY,257.56,56,BID
2018-12-17 09:54:50,SPY,257.57,35,ASK
2018-12-17 09:54:51,SPY,257.53,54,BID
2018-12-17 09:54:51,SPY,257.54,14,ASK
2018-12-17 09:54:52,SPY,257.52,47,BID
2018-12-17 09:54:52,SPY,257.53,5,ASK
2018-12-17 09:54:53,SPY,257.54,24,BID
2018-12-17 09:54:51,SPY,257.55,33,ASK
2018-12-17 09:54:54,SPY,257.57,4,BID
2018-12-17 09:54:54,SPY,257.58,34,ASK
2018-12-17 09:54:54,SPY,257.55,106,BID
2018-12-17 09:54:55,SPY,257.56,8,ASK
2018-12-17 09:54:54,SPY,257.55,91,BID
2018-12-17 09:54:57,SPY,257.56,3,ASK
2018-12-17 09:54:57,SPY,257.56,12,BID
2018-12-17 09:54:57,SPY,257.57,40,ASK
2018-12-17 09:54:57,SPY,257.56,13,BID
2018-12-17 09:54:58,SPY,257.57,32,ASK
2018-12-17 09:54:59,SPY,257.54,14,BID
2018-12-17 09:54:59,SPY,257.55,12,ASK
2018-12-17 09:55:00,SPY,257.57,29,BID
2018-12-17 09:55:00,SPY,257.58,40,ASK
2018-12-17 09:55:01,SPY,257.58,10,BID
2018-12-17 09:55:01,SPY,257.59,73,ASK
2018-12-17 09:55:01,SPY,257.58,46,BID
2018-12-17 09:55:01,SPY,257.59,73,ASK
2018-12-17 09:55:01,SPY,257.62,10,BID
2018-12-17 09:55:01,SPY,257.63,4,ASK
2018-12-17 09:55:02,SPY,257.66,6,BID
2018-12-17 09:55:02,SPY,257.67,33,ASK
2018-12-17 09:55:03,SPY,257.67,4,BID
2018-12-17 09:55:03,SPY,257.68,35,ASK
2018-12-17 09:55:04,SPY,257.68,18,BID
2018-12-17 09:51:03,SPY,257.69,30,ASK
2018-12-17 09:55:04,SPY,257.68,31,BID
2018-12-17 09:55:04,SPY,257.69,40,ASK
2018-12-17 09:55:05,SPY,257.7,6,BID
2018-12-17 09:55:05,SPY,257.71,8,ASK
2018-12-17 09:55:05,SPY,257.69,17,BID
2018-12-17 09:55:05,SPY,257.7,6,ASK
2018-12-17 09:55:08,SPY,257.69,16,BID
2018-12-17 09:55:07,SPY,257.7,19,ASK
2018-12-17 09:55:08,SPY,257.69,41,BID
2018-12-17 09:55:09,SPY,257.7,7,ASK
2018-12-17 09:55:11,SPY,257.73,48,BID
2018-12-17 09:51:00,SPY,257.74,34,ASK
2018-12-17 09:55:13,SPY,257.74,25,BID
2018-12-17 09:55:13,SPY,257.75,17,ASK
2018-12-17 09:55:15,SPY,257.75,9,BID
2018-12-17 09:55:13,SPY,257.76,38,ASK
2018-12-17 09:55:15,SPY,257.75,29,BID
2018-12-17 09:55:15,SPY,257.76,12,ASK
2018-12-17 09:55:12,SPY,257.72,68,BID
2018-12-17 09:55:16,SPY,257.73,5,ASK
2018-12-17 09:55:18,SPY,257.73,43,BID
2018-12-17 09:55:18,SPY,257.75,10,ASK
2018-12-17 09:55:18,SPY,257.72,49,BID
2018-12-17 09:55:19,SPY,257.73,12,ASK
2018-12-17 09:55:20,SPY,257.71,44,BID
2018-12-17 09:55:20,SPY,257.72,12,ASK
2018-12-17 09:55:21,SPY,257.7,15,BID
2018-12-17 09:55:20,SPY,257.71,31,ASK
2018-12-17 09:55:21,SPY,257.7,50,BID
2018-12-17 09:55:21,SPY,257.71,18,ASK
2018-12-17 09:55:22,SPY,257.7,40,BID
2018-12-17 09:55:22,SPY,257.71,18,ASK
2018-12-17 09:55:24,SPY,257.71,19,BID
2018-12-17 09:55:24,SPY,257.72,23,ASK
2018-12-17 09:55:24,SPY,257.7,30,BID
2018-12-17 09:55:24,SPY,257.71,6,ASK
2018-12-17 09:55:20,SPY,257.69,88,BID
2018-12-17 09:55:25,SPY,257.7,37,ASK
2018-12-17 09:55:27,SPY,257.67,24,BID
2018-12-17 09:55:27,SPY,257.68,7,ASK
2018-12-17 09:55:27,SPY,257.68,28,BID
2018-12-17 09:55:28,SPY,257.69,33,ASK
2018-12-17 09:55:29,SPY,257.7,13,BID
2018-12-17 09:55:29,SPY,257.71,41,ASK
2018-12-17 09:55:30,SPY,257.7,7,BID
2018-12-17 09:55:30,SPY,257.71,67,ASK
2018-12-17 09:55:31,SPY,257.71,59,BID
2018-12-17 09:55:31,SPY,257.72,5,ASK
2018-12-17 09:55:32,SPY,257.73,28,BID
2018-12-17 09:55:31,SPY,257.74,30,ASK
2018-12-17 09:55:32,SPY,257.73,23,BID
2018-12-17 09:55:31,SPY,257.74,25,ASK
2018-12-17 09:55:34,SPY,257.73,28,BID
2018-12-17 09:55:33,SPY,257.74,87,ASK
2018-12-17 09:55:35,SPY,257.73,28,BID
2018-12-17 09:55:18,SPY,257.75,14,ASK
2018-12-17 09:55:35,SPY,257.71,55,BID
2018-12-17 09:55:36,SPY,257.72,6,ASK
2018-12-17 09:55:30,SPY,257.7,72,BID
2018-12-17 09:55:37,SPY,257.71,55,ASK
2018-12-17 09:55:38,SPY,257.7,4,BID
2018-12-17 09:55:38,SPY,257.71,85,ASK
2018-12-17 09:55:39,SPY,257.7,38,BID
2018-12-17 09:55:39,SPY,257.71,38,ASK
2018-12-17 09:55:39,SPY,257.72,6,BID
2018-12-17 09:55:39,SPY,257.73,23,ASK
2018-12-17 09:55:40,SPY,257.72,65,BID
2018-12-17 09:55:40,SPY,257.73,29,ASK
2018-12-17 09:55:41,SPY,257.68,52,BID
2018-12-17 09:55:41,SPY,257.69,11,ASK
2018-12-17 09:55:42,SPY,257.66,28,BID
2018-12-17 09:55:42,SPY,257.67,10,ASK
2018-12-17 09:55:43,SPY,257.68,6,BID
2018-12-17 09:55:43,SPY,257.69,88,ASK
2018-12-17 09:55:44,SPY,257.71,11,BID
2018-12-17 09:55:44,SPY,257.72,24,ASK
2018-12-17 09:55:46,SPY,257.71,3,BID
2018-12-17 09:55:46,SPY,257.72,3,ASK
2018-12-17 09:55:47,SPY,257.71,15,BID
2018-12-17 09:55:47,SPY,257.72,22,ASK
2018-12-17 09:55:48,SPY,257.71,23,BID
2018-12-17 09:55:48,SPY,257.72,25,ASK
2018-12-17 09:55:48,SPY,257.71,23,BID
2018-12-17 09:55:48,SPY,257.72,25,ASK
2018-12-17 09:55:50,SPY,257.73,6,BID
2018-12-17 09:55:49,SPY,257.74,75,ASK
2018-12-17 09:55:51,SPY,257.72,11,BID
2018-12-17 09:55:50,SPY,257.73,14,ASK
2018-12-17 09:55:51,SPY,257.69,82,BID
2018-12-17 09:55:52,SPY,257.71,85,ASK
2018-12-17 09:55:53,SPY,257.7,36,BID
2018-12-17 09:55:53,SPY,257.71,8,ASK
2018-12-17 09:55:53,SPY,257.69,70,BID
2018-12-17 09:55:53,SPY,257.7,12,ASK
2018-12-17 09:55:55,SPY,257.7,3,BID
2018-12-17 09:55:55,SPY,257.71,69,ASK
2018-12-17 09:55:56,SPY,257.7,44,BID
2018-12-17 09:55:56,SPY,257.71,81,ASK
2018-12-17 09:55:57,SPY,257.67,200,BID
2018-12-17 09:55:57,SPY,257.68,10,ASK
2018-12-17 09:55:58,SPY,257.69,1,BID
2018-12-17 09:55:58,SPY,257.7,14,ASK
2018-12-17 09:55:59,SPY,257.69,2,BID
2018-12-17 09:55:59,SPY,257.7,14,ASK
2018-12-17 09:56:00,SPY,257.68,5,BID
2018-12-17 09:56:00,SPY,257.69,75,ASK
2018-12-17 09:56:01,SPY,257.68,23,BID
2018-12-17 09:56:01,SPY,257.68,30,ASK
2018-12-17 09:56:02,SPY,257.65,9,BID
2018-12-17 09:56:02,SPY,257.66,63,ASK
2018-12-17 09:56:03,SPY,257.64,19,BID
2018-12-17 09:56:03,SPY,257.65,4,ASK
2018-12-17 09:56:04,SPY,257.63,65,BID
2018-12-17 09:56:04,SPY,257.64,11,ASK
2018-12-17 09:56:05,SPY,257.64,88,BID
2018-12-17 09:56:05,SPY,257.65,10,ASK
2018-12-17 09:56:05,SPY,257.64,88,BID
2018-12-17 09:56:05,SPY,257.65,10,ASK
2018-12-17 09:56:07,SPY,257.65,62,BID
2018-12-17 09:56:07,SPY,257.66,21,ASK
2018-12-17 09:56:08,SPY,257.68,2,BID
2018-12-17 09:56:08,SPY,257.7,14,ASK
2018-12-17 09:56:08,SPY,257.69,31,BID
2018-12-17 09:56:08,SPY,257.7,15,ASK
2018-12-17 09:56:10,SPY,257.7,46,BID
2018-12-17 09:56:10,SPY,257.71,78,ASK
2018-12-17 09:56:11,SPY,257.7,46,BID
2018-12-17 09:56:10,SPY,257.71,76,ASK
2018-12-17 09:56:12,SPY,257.73,31,BID
2018-12-17 09:56:12,SPY,257.74,17,ASK
2018-12-17 09:56:13,SPY,257.73,19,BID
2018-12-17 09:56:13,SPY,257.74,4,ASK
2018-12-17 09:56:13,SPY,257.73,29,BID
2018-12-17 09:56:14,SPY,257.74,8,ASK
2018-12-17 09:56:15,SPY,257.7,55,BID
2018-12-17 09:56:15,SPY,257.71,17,ASK
2018-12-17 09:56:16,SPY,257.73,41,BID
2018-12-17 09:56:16,SPY,257.74,29,ASK
2018-12-17 09:56:17,SPY,257.73,18,BID
2018-12-17 09:55:17,SPY,257.75,38,ASK
2018-12-17 09:56:18,SPY,257.74,8,BID
2018-12-17 09:56:18,SPY,257.75,5,ASK
2018-12-17 09:56:18,SPY,257.77,23,BID
2018-12-17 09:56:18,SPY,257.78,29,ASK
2018-12-17 09:56:20,SPY,257.75,5,BID
2018-12-17 09:56:20,SPY,257.76,52,ASK
2018-12-17 09:56:21,SPY,257.75,51,BID
2018-12-17 09:56:21,SPY,257.76,16,ASK
2018-12-17 09:56:22,SPY,257.76,5,BID
2018-12-17 09:56:19,SPY,257.77,30,ASK
2018-12-17 09:56:22,SPY,257.75,41,BID
2018-12-17 09:56:23,SPY,257.76,52,ASK
2018-12-17 09:56:24,SPY,257.76,9,BID
2018-12-17 09:56:22,SPY,257.77,32,ASK
2018-12-17 09:56:25,SPY,257.76,14,BID
2018-12-17 09:56:22,SPY,257.77,41,ASK
2018-12-17 09:56:25,SPY,257.75,63,BID
2018-12-17 09:56:26,SPY,257.76,4,ASK
2018-12-17 09:56:27,SPY,257.79,16,BID
2018-12-17 09:56:27,SPY,257.8,16,ASK
2018-12-17 09:56:27,SPY,257.81,50,BID
2018-12-17 09:56:27,SPY,257.82,9,ASK
2018-12-17 09:56:28,SPY,257.82,44,BID
2018-12-17 09:56:28,SPY,257.83,25,ASK
2018-12-17 09:56:30,SPY,257.81,4,BID
2018-12-17 09:56:30,SPY,257.82,35,ASK
2018-12-17 09:56:27,SPY,257.77,36,BID
2018-12-17 09:56:31,SPY,257.78,8,ASK
2018-12-17 09:56:32,SPY,257.76,29,BID
2018-12-17 09:56:32,SPY,257.77,1,ASK
2018-12-17 09:56:33,SPY,257.78,51,BID
2018-12-17 09:56:33,SPY,257.79,62,ASK
2018-12-17 09:56:34,SPY,257.8,35,BID
2018-12-17 09:56:34,SPY,257.81,94,ASK
2018-12-17 09:56:35,SPY,257.8,29,BID
2018-12-17 09:56:35,SPY,257.81,8,ASK
2018-12-17 09:56:36,SPY,257.78,41,BID
2018-12-17 09:56:36,SPY,257.79,2,ASK
2018-12-17 09:56:37,SPY,257.77,71,BID
2018-12-17 09:56:37,SPY,257.78,5,ASK
2018-12-17 09:56:38,SPY,257.76,8,BID
2018-12-17 09:56:38,SPY,257.77,41,ASK
2018-12-17 09:56:39,SPY,257.77,15,BID
2018-12-17 09:56:39,SPY,257.78,14,ASK
2018-12-17 09:56:40,SPY,257.78,39,BID
2018-12-17 09:56:40,SPY,257.79,15,ASK
2018-12-17 09:56:40,SPY,257.76,25,BID
2018-12-17 09:56:41,SPY,257.77,19,ASK
2018-12-17 09:56:42,SPY,257.76,11,BID
2018-12-17 09:56:42,SPY,257.76,39,ASK
2018-12-17 09:56:43,SPY,257.74,45,BID
2018-12-17 09:56:42,SPY,257.76,36,ASK
2018-12-17 09:56:44,SPY,257.78,3,BID
2018-12-17 09:56:44,SPY,257.79,89,ASK
2018-12-17 09:56:44,SPY,257.77,26,BID
2018-12-17 09:56:45,SPY,257.78,5,ASK
2018-12-17 09:56:46,SPY,257.81,20,BID
2018-12-17 09:56:46,SPY,257.81,34,ASK
2018-12-17 09:56:47,SPY,257.76,30,BID
2018-12-17 09:56:47,SPY,257.77,5,ASK
2018-12-17 09:56:48,SPY,257.74,30,BID
2018-12-17 09:56:48,SPY,257.75,5,ASK
2018-12-17 09:56:49,SPY,257.78,8,BID
2018-12-17 09:56:49,SPY,257.79,6,ASK
2018-12-17 09:56:49,SPY,257.78,15,BID
2018-12-17 09:56:50,SPY,257.79,9,ASK
2018-12-17 09:56:51,SPY,257.79,52,BID
2018-12-17 09:56:51,SPY,257.8,2,ASK
2018-12-17 09:56:52,SPY,257.78,49,BID
2018-12-17 09:56:52,SPY,257.79,6,ASK
2018-12-17 09:56:53,SPY,257.78,49,BID
2018-12-17 09:56:53,SPY,257.79,7,ASK
2018-12-17 09:56:54,SPY,257.79,3,BID
2018-12-17 09:56:54,SPY,257.8,13,ASK
2018-12-17 09:56:55,SPY,257.79,5,BID
2018-12-17 09:56:55,SPY,257.8,7,ASK
2018-12-17 09:56:56,SPY,257.8,36,BID
2018-12-17 09:56:52,SPY,257.81,100,ASK
2018-12-17 09:56:57,SPY,257.81,6,BID
2018-12-17 09:56:57,SPY,257.82,32,ASK
2018-12-17 09:56:58,SPY,257.8,37,BID
2018-12-17 09:56:57,SPY,257.81,5,ASK
2018-12-17 09:56:59,SPY,257.83,22,BID
2018-12-17 09:56:59,SPY,257.84,35,ASK
2018-12-17 09:56:59,SPY,257.85,7,BID
2018-12-17 09:56:59,SPY,257.86,37,ASK
2018-12-17 09:57:01,SPY,257.84,35,BID
2018-12-17 09:57:01,SPY,257.85,4,ASK
2018-12-17 09:57:02,SPY,257.83,21,BID
2018-12-17 09:57:02,SPY,257.84,13,ASK
2018-12-17 09:57:02,SPY,257.83,12,BID
2018-12-17 09:57:02,SPY,257.84,13,ASK
2018-12-17 09:57:04,SPY,257.79,65,BID
2018-12-17 09:57:04,SPY,257.8,4,ASK
2018-12-17 09:57:04,SPY,257.76,25,BID
2018-12-17 09:57:04,SPY,257.77,9,ASK
2018-12-17 09:57:06,SPY,257.75,64,BID
2018-12-17 09:57:06,SPY,257.76,20,ASK
2018-12-17 09:57:07,SPY,257.75,64,BID
2018-12-17 09:57:07,SPY,257.76,7,ASK
2018-12-17 09:57:08,SPY,257.75,64,BID
2018-12-17 09:57:07,SPY,257.76,7,ASK
2018-12-17 09:57:09,SPY,257.73,22,BID
2018-12-17 09:57:09,SPY,257.74,42,ASK
2018-12-17 09:57:10,SPY,257.73,5,BID
2018-12-17 09:57:10,SPY,257.74,65,ASK
2018-12-17 09:57:11,SPY,257.73,14,BID
2018-12-17 09:57:11,SPY,257.74,11,ASK
2018-12-17 09:57:12,SPY,257.73,55,BID
2018-12-17 09:57:12,SPY,257.74,9,ASK
2018-12-17 09:56:15,SPY,257.69,63,BID
2018-12-17 09:57:13,SPY,257.71,51,ASK
2018-12-17 09:57:14,SPY,257.7,30,BID
2018-12-17 09:57:14,SPY,257.71,51,ASK
2018-12-17 09:57:15,SPY,257.71,27,BID
2018-12-17 09:57:15,SPY,257.72,13,ASK
2018-12-17 09:57:16,SPY,257.72,9,BID
2018-12-17 09:57:16,SPY,257.73,7,ASK
2018-12-17 09:57:16,SPY,257.72,53,BID
2018-12-17 09:57:17,SPY,257.73,10,ASK
2018-12-17 09:57:18,SPY,257.73,35,BID
2018-12-17 09:57:18,SPY,257.74,45,ASK
2018-12-17 09:57:18,SPY,257.73,35,BID
2018-12-17 09:57:18,SPY,257.74,45,ASK
2018-12-17 09:57:18,SPY,257.73,30,BID
2018-12-17 09:57:18,SPY,257.74,36,ASK
2018-12-17 09:57:16,SPY,257.72,45,BID
2018-12-17 09:57:21,SPY,257.73,4,ASK
2018-12-17 09:57:22,SPY,257.73,2,BID
2018-12-17 09:57:22,SPY,257.74,47,ASK
2018-12-17 09:57:22,SPY,257.72,37,BID
2018-12-17 09:57:23,SPY,257.73,10,ASK
2018-12-17 09:57:22,SPY,257.72,30,BID
2018-12-17 09:57:24,SPY,257.74,20,ASK
2018-12-17 09:57:25,SPY,257.7,27,BID
2018-12-17 09:57:25,SPY,257.71,18,ASK
2018-12-17 09:57:26,SPY,257.72,48,BID
2018-12-17 09:57:26,SPY,257.73,7,ASK
2018-12-17 09:57:27,SPY,257.74,63,BID
2018-12-17 09:57:27,SPY,257.75,38,ASK
2018-12-17 09:57:27,SPY,257.81,17,BID
2018-12-17 09:57:28,SPY,257.82,42,ASK
2018-12-17 09:57:29,SPY,257.83,55,BID
2018-12-17 09:57:29,SPY,257.84,5,ASK
2018-12-17 09:57:30,SPY,257.83,27,BID
2018-12-17 09:57:30,SPY,257.84,13,ASK
2018-12-17 09:57:31,SPY,257.83,20,BID
2018-12-17 09:57:31,SPY,257.84,16,ASK
2018-12-17 09:57:32,SPY,257.83,31,BID
2018-12-17 09:57:32,SPY,257.84,42,ASK
2018-12-17 09:57:33,SPY,257.85,5,BID
2018-12-17 09:57:33,SPY,257.86,92,ASK
2018-12-17 09:57:34,SPY,257.87,24,BID
2018-12-17 09:57:33,SPY,257.87,64,ASK
2018-12-17 09:57:34,SPY,257.88,54,BID
2018-12-17 09:57:34,SPY,257.89,30,ASK
2018-12-17 09:57:36,SPY,257.88,40,BID
2018-12-17 09:57:36,SPY,257.89,6,ASK
2018-12-17 09:57:37,SPY,257.86,57,BID
2018-12-17 09:57:37,SPY,257.87,2,ASK
2018-12-17 09:57:38,SPY,257.9,8,BID
2018-12-17 09:57:38,SPY,257.91,46,ASK
2018-12-17 09:57:39,SPY,257.89,35,BID
2018-12-17 09:57:39,SPY,257.91,67,ASK
2018-12-17 09:57:40,SPY,257.9,2,BID
2018-12-17 09:57:40,SPY,257.9,5,ASK
2018-12-17 09:57:41,SPY,257.9,1,BID
2018-12-17 09:57:41,SPY,257.91,5,ASK
2018-12-17 09:57:42,SPY,257.94,7,BID
2018-12-17 09:57:42,SPY,257.95,8,ASK
2018-12-17 09:57:43,SPY,257.94,5,BID
2018-12-17 09:57:43,SPY,257.95,14,ASK
2018-12-17 09:57:44,SPY,257.96,41,BID
2018-12-17 09:57:44,SPY,257.97,79,ASK
2018-12-17 09:57:45,SPY,257.94,67,BID
2018-12-17 09:57:45,SPY,257.96,57,ASK
2018-12-17 09:57:46,SPY,257.97,12,BID
2018-12-17 09:57:46,SPY,257.99,49,ASK
2018-12-17 09:57:47,SPY,257.98,29,BID
2018-12-17 09:57:47,SPY,257.99,69,ASK
2018-12-17 09:57:47,SPY,257.92,52,BID
2018-12-17 09:57:48,SPY,257.93,9,ASK
2018-12-17 09:57:49,SPY,257.91,24,BID
2018-12-17 09:57:49,SPY,257.92,24,ASK
2018-12-17 09:57:50,SPY,257.91,21,BID
2018-12-17 09:57:49,SPY,257.92,28,ASK
2018-12-17 09:57:51,SPY,257.93,5,BID
2018-12-17 09:57:51,SPY,257.94,75,ASK
2018-12-17 09:57:52,SPY,257.94,9,BID
2018-12-17 09:57:52,SPY,257.95,12,ASK
2018-12-17 09:57:53,SPY,257.91,30,BID
2018-12-17 09:57:53,SPY,257.92,1,ASK
2018-12-17 09:57:54,SPY,257.9,15,BID
2018-12-17 09:57:54,SPY,257.91,26,ASK
2018-12-17 09:57:54,SPY,257.89,73,BID
2018-12-17 09:57:55,SPY,257.9,3,ASK
2018-12-17 09:57:56,SPY,257.88,50,BID
2018-12-17 09:57:56,SPY,257.89,32,ASK
2018-12-17 09:57:57,SPY,257.9,3,BID
2018-12-17 09:57:57,SPY,257.91,53,ASK
2018-12-17 09:57:58,SPY,257.91,3,BID
2018-12-17 09:57:58,SPY,257.92,26,ASK
2018-12-17 09:57:59,SPY,257.91,8,BID
2018-12-17 09:57:59,SPY,257.93,6,ASK
2018-12-17 09:58:00,SPY,257.93,9,BID
2018-12-17 09:57:53,SPY,257.94,79,ASK
2018-12-17 09:58:01,SPY,257.93,11,BID
2018-12-17 09:58:01,SPY,257.94,133,ASK
2018-12-17 09:58:02,SPY,257.96,11,BID
2018-12-17 09:58:02,SPY,257.97,3,ASK
2018-12-17 09:58:03,SPY,257.95,55,BID
2018-12-17 09:58:03,SPY,257.96,4,ASK
2018-12-17 09:58:04,SPY,257.95,33,BID
2018-12-17 09:58:04,SPY,257.96,184,ASK
2018-12-17 09:58:04,SPY,257.94,22,BID
2018-12-17 09:58:05,SPY,257.95,1,ASK
2018-12-17 09:58:06,SPY,257.95,28,BID
2018-12-17 09:58:06,SPY,257.96,156,ASK
2018-12-17 09:58:07,SPY,257.95,13,BID
2018-12-17 09:58:07,SPY,257.96,156,ASK
2018-12-17 09:58:08,SPY,257.95,68,BID
2018-12-17 09:58:08,SPY,257.96,134,ASK
2018-12-17 09:58:08,SPY,257.95,68,BID
2018-12-17 09:58:09,SPY,257.96,131,ASK
2018-12-17 09:58:08,SPY,257.95,68,BID
2018-12-17 09:58:10,SPY,257.96,99,ASK
2018-12-17 09:58:08,SPY,257.95,68,BID
2018-12-17 09:58:11,SPY,257.96,85,ASK
2018-12-17 09:58:08,SPY,257.95,68,BID
2018-12-17 09:58:12,SPY,257.96,57,ASK
2018-12-17 09:58:08,SPY,257.95,68,BID
2018-12-17 09:58:13,SPY,257.96,54,ASK
2018-12-17 09:58:14,SPY,257.96,32,BID
2018-12-17 09:58:14,SPY,257.97,46,ASK
2018-12-17 09:58:02,SPY,257.94,19,BID
2018-12-17 09:58:15,SPY,257.95,11,ASK
2018-12-17 09:58:02,SPY,257.93,85,BID
2018-12-17 09:58:16,SPY,257.94,4,ASK
2018-12-17 09:58:02,SPY,257.93,85,BID
2018-12-17 09:58:18,SPY,257.94,1,ASK
2018-12-17 09:58:18,SPY,257.94,7,BID
2018-12-17 09:58:18,SPY,257.95,17,ASK
2018-12-17 09:58:19,SPY,257.97,5,BID
2018-12-17 09:58:19,SPY,257.98,15,ASK
2018-12-17 09:58:20,SPY,257.97,45,BID
2018-12-17 09:58:20,SPY,257.98,4,ASK
2018-12-17 09:58:21,SPY,258.0,29,BID
2018-12-17 09:58:21,SPY,258.01,39,ASK
2018-12-17 09:58:22,SPY,258.02,5,BID
2018-12-17 09:58:22,SPY,258.03,50,ASK
2018-12-17 09:58:21,SPY,258.01,7,BID
2018-12-17 09:58:23,SPY,258.02,8,ASK
2018-12-17 09:58:25,SPY,258.02,10,BID
2018-12-17 09:58:25,SPY,258.03,47,ASK
2018-12-17 09:58:25,SPY,258.02,46,BID
2018-12-17 09:58:25,SPY,258.03,47,ASK
2018-12-17 09:58:26,SPY,258.04,47,BID
2018-12-17 09:58:26,SPY,258.05,8,ASK
2018-12-17 09:58:27,SPY,258.05,8,BID
2018-12-17 09:58:27,SPY,258.06,37,ASK
2018-12-17 09:58:29,SPY,258.06,15,BID
2018-12-17 09:58:28,SPY,258.07,66,ASK
2018-12-17 09:58:30,SPY,258.06,14,BID
2018-12-17 09:58:28,SPY,258.07,57,ASK
2018-12-17 09:58:30,SPY,258.06,17,BID
2018-12-17 09:58:28,SPY,258.07,55,ASK
2018-12-17 09:58:31,SPY,258.06,16,BID
2018-12-17 09:58:28,SPY,258.07,55,ASK
2018-12-17 09:58:32,SPY,258.06,16,BID
2018-12-17 09:58:32,SPY,258.07,4,ASK
2018-12-17 09:58:34,SPY,258.08,12,BID
2018-12-17 09:58:34,SPY,258.09,83,ASK
2018-12-17 09:58:33,SPY,258.07,32,BID
2018-12-17 09:58:34,SPY,258.08,7,ASK
2018-12-17 09:58:35,SPY,258.09,8,BID
2018-12-17 09:58:35,SPY,258.11,49,ASK
2018-12-17 09:58:36,SPY,258.1,7,BID
2018-12-17 09:58:36,SPY,258.11,24,ASK
2018-12-17 09:58:35,SPY,258.07,49,BID
2018-12-17 09:58:37,SPY,258.08,6,ASK
2018-12-17 09:58:38,SPY,258.1,7,BID
2018-12-17 09:58:38,SPY,258.11,39,ASK
2018-12-17 09:58:40,SPY,258.1,45,BID
2018-12-17 09:58:40,SPY,258.11,3,ASK
2018-12-17 09:58:40,SPY,258.13,25,BID
2018-12-17 09:58:40,SPY,258.14,20,ASK
2018-12-17 09:58:42,SPY,258.13,30,BID
2018-12-17 09:58:40,SPY,258.14,19,ASK
2018-12-17 09:58:43,SPY,258.12,15,BID
2018-12-17 09:58:43,SPY,258.13,19,ASK
2018-12-17 09:58:44,SPY,258.1,55,BID
2018-12-17 09:58:44,SPY,258.11,13,ASK
2018-12-17 09:58:44,SPY,258.1,43,BID
2018-12-17 09:58:44,SPY,258.12,11,ASK
2018-12-17 09:58:46,SPY,258.12,50,BID
2018-12-17 09:58:46,SPY,258.13,9,ASK
2018-12-17 09:58:46,SPY,258.14,16,BID
2018-12-17 09:58:46,SPY,258.15,60,ASK
2018-12-17 09:58:48,SPY,258.13,28,BID
2018-12-17 09:58:48,SPY,258.15,52,ASK
2018-12-17 09:58:49,SPY,258.15,76,BID
2018-12-17 09:58:48,SPY,258.16,45,ASK
2018-12-17 09:58:49,SPY,258.15,66,BID
2018-12-17 09:58:48,SPY,258.16,46,ASK
2018-12-17 09:58:50,SPY,258.15,76,BID
2018-12-17 09:58:50,SPY,258.16,48,ASK
2018-12-17 09:58:51,SPY,258.16,45,BID
2018-12-17 09:58:51,SPY,258.17,14,ASK
2018-12-17 09:58:51,SPY,258.16,45,BID
2018-12-17 09:58:53,SPY,258.17,14,ASK
2018-12-17 09:58:53,SPY,258.13,44,BID
2018-12-17 09:58:54,SPY,258.15,23,ASK
2018-12-17 09:58:54,SPY,258.12,87,BID
2018-12-17 09:58:55,SPY,258.13,10,ASK
2018-12-17 09:58:56,SPY,258.13,28,BID
2018-12-17 09:58:56,SPY,258.13,7,ASK
2018-12-17 09:58:56,SPY,258.1,52,BID
2018-12-17 09:58:56,SPY,258.11,48,ASK
2018-12-17 09:58:57,SPY,258.11,10,BID
2018-12-17 09:58:57,SPY,258.12,33,ASK
2018-12-17 09:58:58,SPY,258.12,29,BID
2018-12-17 09:58:58,SPY,258.12,22,ASK
2018-12-17 09:59:00,SPY,258.12,36,BID
2018-12-17 09:59:00,SPY,258.14,79,ASK
2018-12-17 09:59:01,SPY,258.15,47,BID
2018-12-17 09:59:01,SPY,258.16,18,ASK
2018-12-17 09:59:01,SPY,258.12,35,BID
2018-12-17 09:59:01,SPY,258.13,10,ASK
2018-12-17 09:59:03,SPY,258.12,63,BID
2018-12-17 09:59:03,SPY,258.13,2,ASK
2018-12-17 09:59:03,SPY,258.12,50,BID
2018-12-17 09:59:03,SPY,258.13,1,ASK
2018-12-17 09:59:04,SPY,258.11,13,BID
2018-12-17 09:59:05,SPY,258.12,26,ASK
2018-12-17 09:59:06,SPY,258.1,11,BID
2018-12-17 09:59:06,SPY,258.11,57,ASK
2018-12-17 09:59:06,SPY,258.11,27,BID
2018-12-17 09:59:06,SPY,258.12,7,ASK
2018-12-17 09:59:08,SPY,258.11,6,BID
2018-12-17 09:59:08,SPY,258.12,48,ASK
2018-12-17 09:59:09,SPY,258.12,34,BID
2018-12-17 09:59:08,SPY,258.13,48,ASK
2018-12-17 09:59:09,SPY,258.12,33,BID
2018-12-17 09:59:10,SPY,258.13,3,ASK
2018-12-17 09:59:10,SPY,258.12,22,BID
2018-12-17 09:59:11,SPY,258.14,90,ASK
2018-12-17 09:59:11,SPY,258.13,11,BID
2018-12-17 09:59:11,SPY,258.14,90,ASK
2018-12-17 09:59:13,SPY,258.15,1,BID
2018-12-17 09:59:01,SPY,258.16,110,ASK
2018-12-17 09:59:13,SPY,258.15,19,BID
2018-12-17 09:59:13,SPY,258.16,64,ASK
2018-12-17 09:59:15,SPY,258.14,9,BID
2018-12-17 09:59:14,SPY,258.15,26,ASK
2018-12-17 09:59:15,SPY,258.16,34,BID
2018-12-17 09:59:13,SPY,258.16,64,ASK
2018-12-17 09:59:17,SPY,258.16,41,BID
2018-12-17 09:59:17,SPY,258.17,5,ASK
2018-12-17 09:59:17,SPY,258.16,37,BID
2018-12-17 09:59:18,SPY,258.17,47,ASK
2018-12-17 09:59:19,SPY,258.16,14,BID
2018-12-17 09:59:19,SPY,258.16,53,ASK
2018-12-17 09:59:20,SPY,258.18,6,BID
2018-12-17 09:59:20,SPY,258.19,90,ASK
2018-12-17 09:59:20,SPY,258.17,54,BID
2018-12-17 09:59:21,SPY,258.19,90,ASK
2018-12-17 09:59:22,SPY,258.16,9,BID
2018-12-17 09:59:22,SPY,258.17,7,ASK
2018-12-17 09:59:23,SPY,258.13,95,BID
2018-12-17 09:59:23,SPY,258.14,6,ASK
2018-12-17 09:59:24,SPY,258.12,8,BID
2018-12-17 09:59:24,SPY,258.13,10,ASK
2018-12-17 09:59:24,SPY,258.16,13,BID
2018-12-17 09:59:24,SPY,258.16,33,ASK
2018-12-17 09:59:25,SPY,258.19,6,BID
2018-12-17 09:59:25,SPY,258.2,41,ASK
2018-12-17 09:59:27,SPY,258.19,14,BID
2018-12-17 09:59:25,SPY,258.2,40,ASK
2018-12-17 09:59:28,SPY,258.17,73,BID
2018-12-17 09:59:28,SPY,258.18,8,ASK
2018-12-17 09:59:29,SPY,258.17,74,BID
2018-12-17 09:59:29,SPY,258.18,11,ASK
2018-12-17 09:59:30,SPY,258.17,104,BID
2018-12-17 09:59:30,SPY,258.18,11,ASK
2018-12-17 09:59:30,SPY,258.15,41,BID
2018-12-17 09:59:30,SPY,258.16,7,ASK
2018-12-17 09:59:32,SPY,258.18,46,BID
2018-12-17 09:59:32,SPY,258.19,3,ASK
2018-12-17 09:59:33,SPY,258.17,29,BID
2018-12-17 09:59:33,SPY,258.19,39,ASK
2018-12-17 09:59:34,SPY,258.18,18,BID
2018-12-17 09:59:34,SPY,258.19,41,ASK
2018-12-17 09:59:34,SPY,258.19,14,BID
2018-12-17 09:59:25,SPY,258.2,42,ASK
2018-12-17 09:59:36,SPY,258.22,1,BID
2018-12-17 09:59:35,SPY,258.22,37,ASK
2018-12-17 09:59:36,SPY,258.22,33,BID
2018-12-17 09:59:35,SPY,258.22,37,ASK
2018-12-17 09:59:36,SPY,258.29,12,BID
2018-12-17 09:59:36,SPY,258.28,1,ASK
2018-12-17 09:59:37,SPY,258.29,7,BID
2018-12-17 09:59:37,SPY,258.29,5,ASK
2018-12-17 09:59:38,SPY,258.32,9,BID
2018-12-17 09:41:06,SPY,258.33,71,ASK
2018-12-17 09:59:39,SPY,258.32,57,BID
2018-12-17 09:59:39,SPY,258.33,2,ASK
2018-12-17 09:59:41,SPY,258.34,7,BID
2018-12-17 09:59:41,SPY,258.35,6,ASK
2018-12-17 09:59:42,SPY,258.29,5,BID
2018-12-17 09:59:42,SPY,258.3,15,ASK
2018-12-17 09:59:44,SPY,258.26,13,BID
2018-12-17 09:59:44,SPY,258.27,11,ASK
2018-12-17 09:59:45,SPY,258.25,12,BID
2018-12-17 09:59:45,SPY,258.27,48,ASK
2018-12-17 09:59:46,SPY,258.26,1,BID
2018-12-17 09:59:46,SPY,258.27,8,ASK
2018-12-17 09:59:47,SPY,258.26,14,BID
2018-12-17 09:59:47,SPY,258.28,44,ASK
2018-12-17 09:59:48,SPY,258.26,10,BID
2018-12-17 09:59:48,SPY,258.27,4,ASK
2018-12-17 09:59:49,SPY,258.28,38,BID
2018-12-17 09:59:49,SPY,258.29,1,ASK
2018-12-17 09:59:50,SPY,258.29,28,BID
2018-12-17 09:59:50,SPY,258.31,67,ASK
2018-12-17 09:59:50,SPY,258.4,8,BID
2018-12-17 09:41:03,SPY,258.41,44,ASK
2018-12-17 09:59:51,SPY,258.41,14,BID
2018-12-17 09:59:52,SPY,258.42,16,ASK
2018-12-17 09:59:52,SPY,258.41,15,BID
2018-12-17 09:59:52,SPY,258.42,8,ASK
2018-12-17 09:59:53,SPY,258.42,1,BID
2018-12-17 09:59:53,SPY,258.43,9,ASK
2018-12-17 09:59:54,SPY,258.49,36,BID
2018-12-17 09:38:47,SPY,258.5,89,ASK
2018-12-17 09:59:55,SPY,258.45,43,BID
2018-12-17 09:59:55,SPY,258.46,14,ASK
2018-12-17 09:59:56,SPY,258.48,45,BID
2018-12-17 09:59:56,SPY,258.49,19,ASK
2018-12-17 09:59:58,SPY,258.49,28,BID
2018-12-17 09:59:58,SPY,258.5,21,ASK
2018-12-17 09:59:59,SPY,258.48,20,BID
2018-12-17 09:59:59,SPY,258.49,10,ASK
2018-12-17 10:00:00,SPY,258.44,102,BID
2018-12-17 10:00:00,SPY,258.45,11,ASK
2018-12-17 10:00:00,SPY,258.44,102,BID
2018-12-17 10:00:00,SPY,258.45,14,ASK
2018-12-17 10:00:00,SPY,258.37,64,BID
2018-12-17 10:00:00,SPY,258.39,9,ASK
2018-12-17 10:00:00,SPY,258.35,60,BID
2018-12-17 10:00:01,SPY,258.36,41,ASK
2018-12-17 10:00:02,SPY,258.32,1,BID
2018-12-17 10:00:02,SPY,258.33,34,ASK
2018-12-17 10:00:02,SPY,258.35,57,BID
2018-12-17 10:00:02,SPY,258.36,5,ASK
2018-12-17 10:00:03,SPY,258.36,26,BID
2018-12-17 10:00:03,SPY,258.37,5,ASK
2018-12-17 10:00:05,SPY,258.35,6,BID
2018-12-17 10:00:05,SPY,258.36,45,ASK
2018-12-17 10:00:06,SPY,258.36,37,BID
2018-12-17 10:00:06,SPY,258.37,9,ASK
2018-12-17 10:00:07,SPY,258.33,5,BID
2018-12-17 10:00:07,SPY,258.33,23,ASK
2018-12-17 10:00:07,SPY,258.33,5,BID
2018-12-17 10:00:07,SPY,258.33,47,ASK
2018-12-17 10:00:08,SPY,258.4,33,BID
2018-12-17 10:00:08,SPY,258.41,41,ASK
2018-12-17 10:00:08,SPY,258.38,4,BID
2018-12-17 10:00:08,SPY,258.39,20,ASK
2018-12-17 10:00:09,SPY,258.34,38,BID
2018-12-17 10:00:09,SPY,258.35,14,ASK
2018-12-17 10:00:10,SPY,258.32,5,BID
2018-12-17 10:00:10,SPY,258.33,23,ASK
2018-12-17 10:00:11,SPY,258.31,16,BID
2018-12-17 10:00:11,SPY,258.32,3,ASK
2018-12-17 10:00:13,SPY,258.31,17,BID
2018-12-17 10:00:13,SPY,258.32,7,ASK
2018-12-17 10:00:14,SPY,258.28,34,BID
2018-12-17 10:00:14,SPY,258.29,41,ASK
2018-12-17 10:00:15,SPY,258.3,62,BID
2018-12-17 10:00:15,SPY,258.31,100,ASK
2018-12-17 10:00:16,SPY,258.34,35,BID
2018-12-17 10:00:16,SPY,258.35,6,ASK
2018-12-17 10:00:19,SPY,258.34,41,BID
2018-12-17 10:00:19,SPY,258.35,6,ASK
2018-12-17 10:00:17,SPY,258.33,70,BID
2018-12-17 10:00:20,SPY,258.34,6,ASK
2018-12-17 10:00:22,SPY,258.28,15,BID
2018-12-17 10:00:22,SPY,258.29,37,ASK
2018-12-17 10:00:23,SPY,258.27,13,BID
2018-12-17 10:00:23,SPY,258.28,17,ASK
2018-12-17 09:59:45,SPY,258.25,45,BID
2018-12-17 10:00:24,SPY,258.27,31,ASK
2018-12-17 10:00:25,SPY,258.28,5,BID
2018-12-17 10:00:25,SPY,258.29,28,ASK
2018-12-17 10:00:25,SPY,258.26,46,BID
2018-12-17 10:00:26,SPY,258.27,19,ASK
2018-12-17 10:00:26,SPY,258.2,81,BID
2018-12-17 10:00:26,SPY,258.21,22,ASK
2018-12-17 10:00:28,SPY,258.18,12,BID
2018-12-17 10:00:28,SPY,258.2,44,ASK
2018-12-17 10:00:29,SPY,258.19,47,BID
2018-12-17 10:00:29,SPY,258.2,7,ASK
2018-12-17 10:00:30,SPY,258.2,8,BID
2018-12-17 10:00:29,SPY,258.21,48,ASK
2018-12-17 10:00:31,SPY,258.23,55,BID
2018-12-17 10:00:31,SPY,258.24,4,ASK
2018-12-17 10:00:32,SPY,258.24,69,BID
2018-12-17 10:00:32,SPY,258.25,12,ASK
2018-12-17 10:00:33,SPY,258.24,52,BID
2018-12-17 10:00:33,SPY,258.25,6,ASK
2018-12-17 10:00:34,SPY,258.24,22,BID
2018-12-17 10:00:34,SPY,258.25,7,ASK
2018-12-17 10:00:35,SPY,258.21,7,BID
2018-12-17 10:00:35,SPY,258.22,9,ASK
2018-12-17 10:00:36,SPY,258.2,5,BID
2018-12-17 10:00:36,SPY,258.21,13,ASK
2018-12-17 10:00:36,SPY,258.19,81,BID
2018-12-17 10:00:37,SPY,258.2,11,ASK
2018-12-17 10:00:38,SPY,258.21,10,BID
2018-12-17 10:00:36,SPY,258.22,49,ASK
2018-12-17 10:00:39,SPY,258.21,9,BID
2018-12-17 10:00:36,SPY,258.22,31,ASK
2018-12-17 10:00:40,SPY,258.2,42,BID
2018-12-17 10:00:40,SPY,258.21,45,ASK
2018-12-17 10:00:41,SPY,258.2,38,BID
2018-12-17 10:00:41,SPY,258.21,7,ASK
2018-12-17 10:00:42,SPY,258.23,11,BID
2018-12-17 10:00:42,SPY,258.24,38,ASK
2018-12-17 10:00:43,SPY,258.23,11,BID
2018-12-17 10:00:43,SPY,258.24,68,ASK
2018-12-17 10:00:44,SPY,258.23,13,BID
2018-12-17 10:00:44,SPY,258.24,43,ASK
2018-12-17 10:00:45,SPY,258.23,17,BID
2018-12-17 10:00:45,SPY,258.24,43,ASK
2018-12-17 10:00:45,SPY,258.23,17,BID
2018-12-17 10:00:46,SPY,258.24,23,ASK
2018-12-17 10:00:47,SPY,258.21,85,BID
2018-12-17 10:00:47,SPY,258.22,3,ASK
2018-12-17 10:00:48,SPY,258.23,24,BID
2018-12-17 10:00:47,SPY,258.24,47,ASK
2018-12-17 10:00:48,SPY,258.23,29,BID
2018-12-17 10:00:49,SPY,258.24,20,ASK
2018-12-17 10:00:50,SPY,258.23,37,BID
2018-12-17 10:00:50,SPY,258.24,30,ASK
2018-12-17 10:00:51,SPY,258.22,6,BID
2018-12-17 10:00:51,SPY,258.23,16,ASK
2018-12-17 10:00:52,SPY,258.22,27,BID
2018-12-17 10:00:52,SPY,258.23,14,ASK
2018-12-17 10:00:53,SPY,258.23,18,BID
2018-12-17 10:00:53,SPY,258.24,27,ASK
2018-12-17 10:00:54,SPY,258.27,6,BID
2018-12-17 10:00:53,SPY,258.28,62,ASK
2018-12-17 10:00:55,SPY,258.32,5,BID
2018-12-17 10:00:55,SPY,258.33,85,ASK
2018-12-17 10:00:55,SPY,258.33,18,BID
2018-12-17 10:00:55,SPY,258.35,15,ASK
2018-12-17 10:00:56,SPY,258.35,16,BID
2018-12-17 10:00:19,SPY,258.36,45,ASK
2018-12-17 10:00:58,SPY,258.36,14,BID
2018-12-17 10:00:58,SPY,258.37,15,ASK
2018-12-17 10:00:59,SPY,258.37,29,BID
2018-12-17 10:00:59,SPY,258.39,18,ASK
2018-12-17 10:01:00,SPY,258.38,26,BID
2018-12-17 10:01:00,SPY,258.39,10,ASK
2018-12-17 10:01:01,SPY,258.38,1,BID
2018-12-17 10:01:01,SPY,258.39,6,ASK
2018-12-17 10:00:58,SPY,258.35,55,BID
2018-12-17 10:01:02,SPY,258.36,2,ASK
2018-12-17 10:01:03,SPY,258.35,55,BID
2018-12-17 10:01:03,SPY,258.36,50,ASK
2018-12-17 10:01:04,SPY,258.37,10,BID
2018-12-17 10:01:04,SPY,258.38,56,ASK
2018-12-17 10:01:04,SPY,258.34,75,BID
2018-12-17 10:01:05,SPY,258.35,5,ASK
2018-12-17 10:01:06,SPY,258.35,1,BID
2018-12-17 10:01:06,SPY,258.36,75,ASK
2018-12-17 10:01:07,SPY,258.34,85,BID
2018-12-17 10:01:07,SPY,258.36,75,ASK
2018-12-17 10:01:08,SPY,258.35,3,BID
2018-12-17 10:01:08,SPY,258.36,75,ASK
2018-12-17 10:01:09,SPY,258.36,42,BID
2018-12-17 10:01:09,SPY,258.37,8,ASK
2018-12-17 10:01:10,SPY,258.38,25,BID
2018-12-17 10:01:10,SPY,258.39,3,ASK
2018-12-17 10:01:11,SPY,258.4,27,BID
2018-12-17 10:01:11,SPY,258.42,40,ASK
2018-12-17 10:01:12,SPY,258.43,29,BID
2018-12-17 10:01:12,SPY,258.44,15,ASK
2018-12-17 10:01:13,SPY,258.43,29,BID
2018-12-17 10:01:13,SPY,258.44,6,ASK
2018-12-17 10:01:14,SPY,258.41,27,BID
2018-12-17 10:01:14,SPY,258.42,12,ASK
2018-12-17 10:01:11,SPY,258.4,52,BID
2018-12-17 10:01:15,SPY,258.4,4,ASK
2018-12-17 10:01:16,SPY,258.4,37,BID
2018-12-17 10:01:15,SPY,258.42,21,ASK
2018-12-17 10:01:17,SPY,258.41,4,BID
2018-12-17 10:01:15,SPY,258.42,24,ASK
2018-12-17 10:01:18,SPY,258.43,25,BID
2018-12-17 10:01:18,SPY,258.44,36,ASK
2018-12-17 10:01:19,SPY,258.45,3,BID
2018-12-17 10:01:19,SPY,258.46,77,ASK
2018-12-17 10:01:20,SPY,258.43,7,BID
2018-12-17 10:01:20,SPY,258.44,20,ASK
2018-12-17 10:01:21,SPY,258.4,38,BID
2018-12-17 10:01:21,SPY,258.41,12,ASK
2018-12-17 10:01:22,SPY,258.42,19,BID
2018-12-17 10:01:21,SPY,258.43,26,ASK
2018-12-17 10:01:23,SPY,258.43,109,BID
2018-12-17 10:01:22,SPY,258.44,50,ASK
2018-12-17 10:01:24,SPY,258.45,20,BID
2018-12-17 10:01:24,SPY,258.46,59,ASK
2018-12-17 10:01:25,SPY,258.43,41,BID
2018-12-17 10:01:25,SPY,258.44,7,ASK
2018-12-17 10:01:23,SPY,258.42,24,BID
2018-12-17 10:01:26,SPY,258.43,33,ASK
2018-12-17 10:01:27,SPY,258.44,5,BID
2018-12-17 10:01:27,SPY,258.45,7,ASK
2018-12-17 10:01:28,SPY,258.44,18,BID
2018-12-17 10:01:28,SPY,258.45,15,ASK
2018-12-17 10:01:29,SPY,258.41,76,BID
2018-12-17 10:01:29,SPY,258.42,17,ASK
2018-12-17 10:01:30,SPY,258.43,18,BID
2018-12-17 10:01:30,SPY,258.44,30,ASK
2018-12-17 10:01:31,SPY,258.43,19,BID
2018-12-17 10:01:31,SPY,258.44,53,ASK
2018-12-17 10:01:32,SPY,258.42,40,BID
2018-12-17 10:01:32,SPY,258.43,9,ASK
2018-12-17 10:01:33,SPY,258.46,50,BID
2018-12-17 10:01:33,SPY,258.47,11,ASK
2018-12-17 10:01:34,SPY,258.46,19,BID
2018-12-17 10:01:34,SPY,258.47,14,ASK
2018-12-17 10:01:35,SPY,258.47,1,BID
2018-12-17 10:01:35,SPY,258.48,36,ASK
2018-12-17 10:01:36,SPY,258.44,2,BID
2018-12-17 10:01:36,SPY,258.45,11,ASK
2018-12-17 10:01:37,SPY,258.43,1,BID
2018-12-17 10:01:37,SPY,258.43,3,ASK
2018-12-17 10:01:38,SPY,258.46,43,BID
2018-12-17 10:01:38,SPY,258.47,42,ASK
2018-12-17 10:01:38,SPY,258.47,73,BID
2018-12-17 10:01:39,SPY,258.49,37,ASK
2018-12-17 10:01:40,SPY,258.46,117,BID
2018-12-17 10:01:40,SPY,258.47,1,ASK
2018-12-17 10:01:37,SPY,258.45,51,BID
2018-12-17 10:01:41,SPY,258.46,13,ASK
2018-12-17 10:01:42,SPY,258.47,32,BID
2018-12-17 10:01:42,SPY,258.48,43,ASK
2018-12-17 10:01:43,SPY,258.47,32,BID
2018-12-17 10:01:43,SPY,258.48,6,ASK
2018-12-17 10:01:43,SPY,258.45,75,BID
2018-12-17 10:01:44,SPY,258.46,13,ASK
2018-12-17 10:01:45,SPY,258.46,11,BID
2018-12-17 10:01:45,SPY,258.47,8,ASK
2018-12-17 10:01:46,SPY,258.46,67,BID
2018-12-17 10:01:46,SPY,258.47,11,ASK
2018-12-17 10:01:46,SPY,258.48,31,BID
2018-12-17 10:01:47,SPY,258.49,3,ASK
2018-12-17 10:01:48,SPY,258.5,13,BID
2018-12-17 10:01:48,SPY,258.51,52,ASK
2018-12-17 10:01:49,SPY,258.5,48,BID
2018-12-17 10:01:49,SPY,258.52,10,ASK
2018-12-17 10:01:50,SPY,258.45,22,BID
2018-12-17 10:01:50,SPY,258.46,36,ASK
2018-12-17 10:01:51,SPY,258.43,27,BID
2018-12-17 10:01:51,SPY,258.44,8,ASK
2018-12-17 10:01:21,SPY,258.4,73,BID
2018-12-17 10:01:52,SPY,258.41,14,ASK
2018-12-17 10:01:53,SPY,258.4,10,BID
2018-12-17 10:01:53,SPY,258.41,20,ASK
2018-12-17 10:01:09,SPY,258.37,43,BID
2018-12-17 10:01:54,SPY,258.38,12,ASK
2018-12-17 10:01:55,SPY,258.38,15,BID
2018-12-17 10:01:54,SPY,258.38,11,ASK
2018-12-17 10:01:55,SPY,258.44,1,BID
2018-12-17 10:01:51,SPY,258.45,34,ASK
2018-12-17 10:01:57,SPY,258.45,36,BID
2018-12-17 10:01:57,SPY,258.46,22,ASK
2018-12-17 10:01:58,SPY,258.48,10,BID
2018-12-17 10:01:58,SPY,258.49,13,ASK
2018-12-17 10:01:59,SPY,258.45,59,BID
2018-12-17 10:01:59,SPY,258.46,7,ASK
2018-12-17 10:02:00,SPY,258.42,47,BID
2018-12-17 10:02:00,SPY,258.43,17,ASK
2018-12-17 10:02:01,SPY,258.44,48,BID
2018-12-17 10:02:01,SPY,258.45,28,ASK
2018-12-17 10:02:02,SPY,258.44,57,BID
2018-12-17 10:02:02,SPY,258.45,24,ASK
2018-12-17 10:02:03,SPY,258.42,20,BID
2018-12-17 10:02:03,SPY,258.43,6,ASK
2018-12-17 10:02:04,SPY,258.43,18,BID
2018-12-17 10:02:04,SPY,258.44,2,ASK
2018-12-17 10:02:05,SPY,258.42,16,BID
2018-12-17 10:02:05,SPY,258.43,57,ASK
2018-12-17 10:02:06,SPY,258.43,17,BID
2018-12-17 10:02:06,SPY,258.44,13,ASK
2018-12-17 10:02:07,SPY,258.45,26,BID
2018-12-17 10:02:07,SPY,258.46,16,ASK
2018-12-17 10:02:08,SPY,258.44,36,BID
2018-12-17 10:02:08,SPY,258.45,17,ASK
2018-12-17 10:02:09,SPY,258.44,27,BID
2018-12-17 10:02:09,SPY,258.45,14,ASK
2018-12-17 10:02:10,SPY,258.42,46,BID
2018-12-17 10:02:10,SPY,258.43,8,ASK
2018-12-17 10:02:11,SPY,258.42,49,BID
2018-12-17 10:02:11,SPY,258.43,9,ASK
2018-12-17 10:02:12,SPY,258.4,42,BID
2018-12-17 10:02:12,SPY,258.41,13,ASK
2018-12-17 10:02:13,SPY,258.4,14,BID
2018-12-17 10:02:13,SPY,258.41,43,ASK
2018-12-17 10:02:14,SPY,258.38,14,BID
2018-12-17 10:02:14,SPY,258.39,2,ASK
2018-12-17 10:02:15,SPY,258.38,9,BID
2018-12-17 10:02:15,SPY,258.39,4,ASK
2018-12-17 10:02:16,SPY,258.37,26,BID
2018-12-17 10:02:16,SPY,258.38,21,ASK
2018-12-17 10:02:17,SPY,258.38,10,BID
2018-12-17 10:02:17,SPY,258.39,7,ASK
2018-12-17 10:02:18,SPY,258.4,45,BID
2018-12-17 10:02:18,SPY,258.41,13,ASK
2018-12-17 10:02:19,SPY,258.4,31,BID
2018-12-17 10:02:19,SPY,258.41,6,ASK
2018-12-17 10:02:20,SPY,258.42,24,BID
2018-12-17 10:02:12,SPY,258.43,43,ASK
2018-12-17 10:02:21,SPY,258.43,16,BID
2018-12-17 10:02:21,SPY,258.44,9,ASK
2018-12-17 10:02:22,SPY,258.43,3,BID
2018-12-17 10:02:22,SPY,258.44,31,ASK
2018-12-17 10:02:23,SPY,258.41,63,BID
2018-12-17 10:02:23,SPY,258.42,10,ASK
2018-12-17 10:02:18,SPY,258.39,31,BID
2018-12-17 10:02:24,SPY,258.4,3,ASK
2018-12-17 10:02:25,SPY,258.4,33,BID
2018-12-17 10:02:25,SPY,258.41,3,ASK
2018-12-17 10:02:26,SPY,258.4,28,BID
2018-12-17 10:02:26,SPY,258.41,9,ASK
2018-12-17 10:02:27,SPY,258.4,20,BID
2018-12-17 10:02:27,SPY,258.41,75,ASK
2018-12-17 10:02:28,SPY,258.39,67,BID
2018-12-17 10:02:28,SPY,258.4,20,ASK
2018-12-17 10:02:30,SPY,258.38,10,BID
2018-12-17 10:02:30,SPY,258.39,9,ASK
2018-12-17 10:02:30,SPY,258.36,10,BID
2018-12-17 10:02:30,SPY,258.38,60,ASK
2018-12-17 10:02:31,SPY,258.37,14,BID
2018-12-17 10:02:31,SPY,258.38,70,ASK
2018-12-17 10:01:09,SPY,258.35,76,BID
2018-12-17 10:02:32,SPY,258.36,6,ASK
2018-12-17 10:02:34,SPY,258.36,6,BID
2018-12-17 10:02:34,SPY,258.37,10,ASK
2018-12-17 10:02:34,SPY,258.37,14,BID
2018-12-17 10:02:34,SPY,258.38,40,ASK
2018-12-17 10:02:35,SPY,258.43,19,BID
2018-12-17 10:02:35,SPY,258.44,1,ASK
2018-12-17 10:02:36,SPY,258.41,4,BID
2018-12-17 10:02:36,SPY,258.42,22,ASK
2018-12-17 10:02:37,SPY,258.38,5,BID
2018-12-17 10:02:37,SPY,258.39,39,ASK
2018-12-17 10:02:38,SPY,258.39,4,BID
2018-12-17 10:02:38,SPY,258.4,35,ASK
2018-12-17 10:02:39,SPY,258.36,58,BID
2018-12-17 10:02:40,SPY,258.37,27,ASK
2018-12-17 10:01:09,SPY,258.35,77,BID
2018-12-17 10:02:40,SPY,258.36,45,ASK
2018-12-17 10:02:42,SPY,258.33,71,BID
2018-12-17 10:02:42,SPY,258.34,30,ASK
2018-12-17 10:02:43,SPY,258.34,8,BID
2018-12-17 10:02:43,SPY,258.35,14,ASK
2018-12-17 10:02:43,SPY,258.33,37,BID
2018-12-17 10:02:43,SPY,258.34,37,ASK
2018-12-17 10:02:44,SPY,258.34,6,BID
2018-12-17 10:02:44,SPY,258.35,46,ASK
2018-12-17 10:02:45,SPY,258.34,2,BID
2018-12-17 10:02:44,SPY,258.35,53,ASK
2018-12-17 10:02:45,SPY,258.37,44,BID
2018-12-17 10:02:46,SPY,258.38,16,ASK
2018-12-17 10:02:48,SPY,258.37,9,BID
2018-12-17 10:02:47,SPY,258.38,18,ASK
2018-12-17 10:02:48,SPY,258.35,29,BID
2018-12-17 10:02:48,SPY,258.36,13,ASK
2018-12-17 10:02:49,SPY,258.36,15,BID
