timestamp,ticker,price,volume,bid_ask
2018-12-17 09:40:34,TRV,120.45,3,BID
2018-12-17 09:40:21,TRV,120.66,2,ASK
2018-12-17 09:40:34,TRV,120.45,3,BID
2018-12-17 09:40:21,TRV,120.66,2,ASK
2018-12-17 09:40:34,TRV,120.45,3,BID
2018-12-17 09:40:21,TRV,120.66,2,ASK
2018-12-17 09:40:38,TRV,120.45,3,BID
2018-12-17 09:40:21,TRV,120.66,2,ASK
2018-12-17 09:40:38,TRV,120.45,3,BID
2018-12-17 09:40:21,TRV,120.66,2,ASK
2018-12-17 09:40:40,TRV,120.45,3,BID
2018-12-17 09:40:40,TRV,120.66,3,ASK
2018-12-17 09:40:41,TRV,120.3,4,BID
2018-12-17 09:40:41,TRV,120.53,2,ASK
2018-12-17 09:40:41,TRV,120.3,4,BID
2018-12-17 09:40:43,TRV,120.48,1,ASK
2018-12-17 09:40:41,TRV,120.3,4,BID
2018-12-17 09:40:43,TRV,120.48,1,ASK
2018-12-17 09:40:41,TRV,120.3,4,BID
2018-12-17 09:40:43,TRV,120.48,1,ASK
2018-12-17 09:40:41,TRV,120.3,4,BID
2018-12-17 09:40:43,TRV,120.48,1,ASK
2018-12-17 09:40:41,TRV,120.3,4,BID
2018-12-17 09:40:43,TRV,120.48,1,ASK
2018-12-17 09:40:41,TRV,120.3,4,BID
2018-12-17 09:40:43,TRV,120.48,1,ASK
2018-12-17 09:40:41,TRV,120.3,4,BID
2018-12-17 09:40:43,TRV,120.48,1,ASK
2018-12-17 09:40:41,TRV,120.3,4,BID
2018-12-17 09:40:43,TRV,120.48,1,ASK
2018-12-17 09:40:41,TRV,120.3,4,BID
2018-12-17 09:40:43,TRV,120.48,1,ASK
2018-12-17 09:40:41,TRV,120.3,4,BID
2018-12-17 09:40:51,TRV,120.48,1,ASK
2018-12-17 09:40:41,TRV,120.3,4,BID
2018-12-17 09:40:51,TRV,120.48,1,ASK
2018-12-17 09:40:41,TRV,120.3,4,BID
2018-12-17 09:40:51,TRV,120.48,1,ASK
2018-12-17 09:40:54,TRV,120.43,1,BID
2018-12-17 09:40:54,TRV,120.58,1,ASK
2018-12-17 09:40:54,TRV,120.43,1,BID
2018-12-17 09:40:54,TRV,120.58,1,ASK
2018-12-17 09:40:54,TRV,120.43,1,BID
2018-12-17 09:40:54,TRV,120.58,1,ASK
2018-12-17 09:40:57,TRV,120.39,2,BID
2018-12-17 09:40:57,TRV,120.58,1,ASK
2018-12-17 09:40:57,TRV,120.39,2,BID
2018-12-17 09:40:57,TRV,120.58,1,ASK
2018-12-17 09:41:00,TRV,120.39,2,BID
2018-12-17 09:41:00,TRV,120.57,1,ASK
2018-12-17 09:41:01,TRV,120.39,3,BID
2018-12-17 09:41:01,TRV,120.56,1,ASK
2018-12-17 09:40:41,TRV,120.3,4,BID
2018-12-17 09:41:01,TRV,120.56,1,ASK
2018-12-17 09:41:02,TRV,120.31,2,BID
2018-12-17 09:41:02,TRV,120.56,2,ASK
2018-12-17 09:41:02,TRV,120.31,2,BID
2018-12-17 09:41:02,TRV,120.56,2,ASK
2018-12-17 09:41:05,TRV,120.31,2,BID
2018-12-17 09:41:05,TRV,120.54,1,ASK
2018-12-17 09:41:05,TRV,120.31,2,BID
2018-12-17 09:41:05,TRV,120.49,1,ASK
2018-12-17 09:41:06,TRV,120.31,2,BID
2018-12-17 09:41:06,TRV,120.47,1,ASK
2018-12-17 09:41:06,TRV,120.31,2,BID
2018-12-17 09:41:06,TRV,120.47,1,ASK
2018-12-17 09:41:06,TRV,120.31,2,BID
2018-12-17 09:41:06,TRV,120.47,1,ASK
2018-12-17 09:41:06,TRV,120.31,2,BID
2018-12-17 09:41:06,TRV,120.47,1,ASK
2018-12-17 09:41:06,TRV,120.31,2,BID
2018-12-17 09:41:06,TRV,120.47,1,ASK
2018-12-17 09:41:06,TRV,120.31,2,BID
2018-12-17 09:41:06,TRV,120.47,1,ASK
2018-12-17 09:41:12,TRV,120.31,2,BID
2018-12-17 09:41:12,TRV,120.47,1,ASK
2018-12-17 09:40:43,TRV,120.3,4,BID
2018-12-17 09:41:13,TRV,120.47,1,ASK
2018-12-17 09:40:43,TRV,120.3,4,BID
2018-12-17 09:41:14,TRV,120.44,1,ASK
2018-12-17 09:40:43,TRV,120.3,4,BID
2018-12-17 09:41:14,TRV,120.44,1,ASK
2018-12-17 09:40:43,TRV,120.3,4,BID
2018-12-17 09:41:14,TRV,120.44,1,ASK
2018-12-17 09:40:43,TRV,120.3,4,BID
2018-12-17 09:41:14,TRV,120.44,1,ASK
2018-12-17 09:40:43,TRV,120.3,4,BID
2018-12-17 09:41:14,TRV,120.44,1,ASK
2018-12-17 09:40:43,TRV,120.3,4,BID
2018-12-17 09:41:14,TRV,120.44,1,ASK
2018-12-17 09:40:43,TRV,120.3,4,BID
2018-12-17 09:41:20,TRV,120.44,1,ASK
2018-12-17 09:40:43,TRV,120.3,4,BID
2018-12-17 09:41:20,TRV,120.44,1,ASK
2018-12-17 09:40:43,TRV,120.3,4,BID
2018-12-17 09:41:20,TRV,120.44,1,ASK
2018-12-17 09:40:43,TRV,120.3,4,BID
2018-12-17 09:41:24,TRV,120.47,2,ASK
2018-12-17 09:40:43,TRV,120.3,4,BID
2018-12-17 09:41:24,TRV,120.48,1,ASK
2018-12-17 09:40:43,TRV,120.3,4,BID
2018-12-17 09:41:24,TRV,120.48,1,ASK
2018-12-17 09:40:43,TRV,120.3,4,BID
2018-12-17 09:41:24,TRV,120.48,1,ASK
2018-12-17 09:40:43,TRV,120.3,4,BID
2018-12-17 09:41:24,TRV,120.48,1,ASK
2018-12-17 09:40:43,TRV,120.3,4,BID
2018-12-17 09:41:24,TRV,120.48,1,ASK
2018-12-17 09:40:43,TRV,120.3,4,BID
2018-12-17 09:41:30,TRV,120.48,1,ASK
2018-12-17 09:41:30,TRV,120.31,3,BID
2018-12-17 09:41:30,TRV,120.51,1,ASK
2018-12-17 09:41:31,TRV,120.31,3,BID
2018-12-17 09:41:31,TRV,120.51,1,ASK
2018-12-17 09:41:32,TRV,120.31,3,BID
2018-12-17 09:41:32,TRV,120.51,1,ASK
2018-12-17 09:41:33,TRV,120.31,3,BID
2018-12-17 09:41:33,TRV,120.52,2,ASK
2018-12-17 09:41:35,TRV,120.31,5,BID
2018-12-17 09:41:35,TRV,120.51,3,ASK
2018-12-17 09:41:35,TRV,120.31,6,BID
2018-12-17 09:41:35,TRV,120.49,1,ASK
2018-12-17 09:41:35,TRV,120.31,6,BID
2018-12-17 09:41:35,TRV,120.49,1,ASK
2018-12-17 09:41:35,TRV,120.31,6,BID
2018-12-17 09:41:35,TRV,120.49,1,ASK
2018-12-17 09:41:35,TRV,120.31,6,BID
2018-12-17 09:41:35,TRV,120.49,1,ASK
2018-12-17 09:41:35,TRV,120.31,6,BID
2018-12-17 09:41:35,TRV,120.49,1,ASK
2018-12-17 09:41:35,TRV,120.31,6,BID
2018-12-17 09:41:35,TRV,120.49,1,ASK
2018-12-17 09:41:35,TRV,120.31,6,BID
2018-12-17 09:41:35,TRV,120.49,1,ASK
2018-12-17 09:41:35,TRV,120.31,6,BID
2018-12-17 09:41:35,TRV,120.49,1,ASK
2018-12-17 09:41:35,TRV,120.31,6,BID
2018-12-17 09:41:35,TRV,120.49,1,ASK
2018-12-17 09:41:35,TRV,120.31,6,BID
2018-12-17 09:41:35,TRV,120.49,1,ASK
2018-12-17 09:41:35,TRV,120.31,6,BID
2018-12-17 09:41:35,TRV,120.49,1,ASK
2018-12-17 09:40:43,TRV,120.3,5,BID
2018-12-17 09:41:47,TRV,120.49,1,ASK
2018-12-17 09:41:48,TRV,120.29,3,BID
2018-12-17 09:41:48,TRV,120.49,2,ASK
2018-12-17 09:41:48,TRV,120.29,3,BID
2018-12-17 09:41:48,TRV,120.49,2,ASK
2018-12-17 09:41:48,TRV,120.29,3,BID
2018-12-17 09:41:48,TRV,120.49,2,ASK
2018-12-17 09:41:48,TRV,120.29,3,BID
2018-12-17 09:41:48,TRV,120.49,2,ASK
2018-12-17 09:41:48,TRV,120.29,3,BID
2018-12-17 09:41:48,TRV,120.49,2,ASK
2018-12-17 09:41:52,TRV,120.3,4,BID
2018-12-17 09:41:48,TRV,120.49,2,ASK
2018-12-17 09:41:53,TRV,120.3,4,BID
2018-12-17 09:41:53,TRV,120.51,4,ASK
2018-12-17 09:41:53,TRV,120.3,4,BID
2018-12-17 09:41:53,TRV,120.51,4,ASK
2018-12-17 09:41:54,TRV,120.3,4,BID
2018-12-17 09:41:54,TRV,120.52,2,ASK
2018-12-17 09:41:54,TRV,120.3,4,BID
2018-12-17 09:41:54,TRV,120.52,2,ASK
2018-12-17 09:41:54,TRV,120.3,4,BID
2018-12-17 09:41:54,TRV,120.52,2,ASK
2018-12-17 09:41:58,TRV,120.29,3,BID
2018-12-17 09:41:58,TRV,120.48,1,ASK
2018-12-17 09:41:58,TRV,120.29,3,BID
2018-12-17 09:41:58,TRV,120.48,1,ASK
2018-12-17 09:42:00,TRV,120.29,3,BID
2018-12-17 09:42:00,TRV,120.48,1,ASK
2018-12-17 09:42:00,TRV,120.29,3,BID
2018-12-17 09:42:00,TRV,120.48,1,ASK
2018-12-17 09:42:00,TRV,120.29,3,BID
2018-12-17 09:42:00,TRV,120.48,1,ASK
2018-12-17 09:42:00,TRV,120.29,3,BID
2018-12-17 09:42:00,TRV,120.48,1,ASK
2018-12-17 09:42:00,TRV,120.29,3,BID
2018-12-17 09:42:00,TRV,120.48,1,ASK
2018-12-17 09:42:06,TRV,120.28,3,BID
2018-12-17 09:42:06,TRV,120.48,1,ASK
2018-12-17 09:42:06,TRV,120.28,3,BID
2018-12-17 09:42:06,TRV,120.48,1,ASK
2018-12-17 09:42:08,TRV,120.28,3,BID
2018-12-17 09:42:08,TRV,120.48,1,ASK
2018-12-17 09:42:09,TRV,120.28,3,BID
2018-12-17 09:42:09,TRV,120.48,1,ASK
2018-12-17 09:42:09,TRV,120.28,3,BID
2018-12-17 09:42:09,TRV,120.48,1,ASK
2018-12-17 09:42:09,TRV,120.28,3,BID
2018-12-17 09:42:09,TRV,120.48,1,ASK
2018-12-17 09:42:09,TRV,120.28,3,BID
2018-12-17 09:42:09,TRV,120.48,1,ASK
2018-12-17 09:42:13,TRV,120.26,2,BID
2018-12-17 09:42:13,TRV,120.48,1,ASK
2018-12-17 09:42:14,TRV,120.26,5,BID
2018-12-17 09:42:14,TRV,120.48,1,ASK
2018-12-17 09:42:14,TRV,120.26,4,BID
2018-12-17 09:42:14,TRV,120.48,1,ASK
2018-12-17 09:42:14,TRV,120.26,4,BID
2018-12-17 09:42:14,TRV,120.48,1,ASK
2018-12-17 09:42:17,TRV,120.26,4,BID
2018-12-17 09:42:17,TRV,120.46,1,ASK
2018-12-17 09:42:18,TRV,120.26,4,BID
2018-12-17 09:42:18,TRV,120.46,1,ASK
2018-12-17 09:42:19,TRV,120.28,4,BID
2018-12-17 09:42:19,TRV,120.47,1,ASK
2018-12-17 09:42:19,TRV,120.23,3,BID
2018-12-17 09:42:19,TRV,120.44,1,ASK
2018-12-17 09:42:20,TRV,120.2,3,BID
2018-12-17 09:42:20,TRV,120.44,1,ASK
2018-12-17 09:42:20,TRV,120.2,3,BID
2018-12-17 09:42:20,TRV,120.44,1,ASK
2018-12-17 09:42:23,TRV,120.2,3,BID
2018-12-17 09:42:23,TRV,120.44,3,ASK
2018-12-17 09:42:24,TRV,120.19,3,BID
2018-12-17 09:42:24,TRV,120.38,1,ASK
2018-12-17 09:42:24,TRV,120.19,3,BID
2018-12-17 09:42:24,TRV,120.38,1,ASK
2018-12-17 09:42:24,TRV,120.19,3,BID
2018-12-17 09:42:24,TRV,120.38,1,ASK
2018-12-17 09:42:24,TRV,120.19,3,BID
2018-12-17 09:42:24,TRV,120.38,1,ASK
2018-12-17 09:42:28,TRV,120.19,3,BID
2018-12-17 09:42:28,TRV,120.39,1,ASK
2018-12-17 09:42:28,TRV,120.19,3,BID
2018-12-17 09:42:28,TRV,120.38,1,ASK
2018-12-17 09:42:30,TRV,120.19,3,BID
2018-12-17 09:42:30,TRV,120.38,1,ASK
2018-12-17 09:42:30,TRV,120.19,3,BID
2018-12-17 09:42:30,TRV,120.38,1,ASK
2018-12-17 09:42:30,TRV,120.19,3,BID
2018-12-17 09:42:30,TRV,120.38,1,ASK
2018-12-17 09:42:30,TRV,120.19,3,BID
2018-12-17 09:42:30,TRV,120.38,1,ASK
2018-12-17 09:42:34,TRV,120.19,3,BID
2018-12-17 09:42:34,TRV,120.38,1,ASK
2018-12-17 09:42:34,TRV,120.19,3,BID
2018-12-17 09:42:34,TRV,120.38,1,ASK
2018-12-17 09:42:34,TRV,120.19,3,BID
2018-12-17 09:42:34,TRV,120.38,1,ASK
2018-12-17 09:42:37,TRV,120.28,4,BID
2018-12-17 09:42:37,TRV,120.48,1,ASK
2018-12-17 09:42:37,TRV,120.28,4,BID
2018-12-17 09:42:37,TRV,120.48,1,ASK
2018-12-17 09:42:37,TRV,120.28,4,BID
2018-12-17 09:42:37,TRV,120.48,1,ASK
2018-12-17 09:42:40,TRV,120.28,4,BID
2018-12-17 09:42:40,TRV,120.47,1,ASK
2018-12-17 09:42:40,TRV,120.28,4,BID
2018-12-17 09:42:40,TRV,120.48,2,ASK
2018-12-17 09:42:40,TRV,120.28,4,BID
2018-12-17 09:42:40,TRV,120.48,2,ASK
2018-12-17 09:42:42,TRV,120.28,4,BID
2018-12-17 09:42:42,TRV,120.47,1,ASK
2018-12-17 09:42:44,TRV,120.26,3,BID
2018-12-17 09:42:44,TRV,120.48,2,ASK
2018-12-17 09:42:44,TRV,120.26,3,BID
2018-12-17 09:42:44,TRV,120.48,2,ASK
2018-12-17 09:42:44,TRV,120.26,3,BID
2018-12-17 09:42:44,TRV,120.48,2,ASK
2018-12-17 09:42:47,TRV,120.26,3,BID
2018-12-17 09:42:47,TRV,120.47,1,ASK
2018-12-17 09:42:47,TRV,120.26,3,BID
2018-12-17 09:42:47,TRV,120.47,1,ASK
2018-12-17 09:42:47,TRV,120.26,3,BID
2018-12-17 09:42:47,TRV,120.47,1,ASK
2018-12-17 09:42:47,TRV,120.26,3,BID
2018-12-17 09:42:47,TRV,120.47,1,ASK
2018-12-17 09:42:47,TRV,120.26,3,BID
2018-12-17 09:42:47,TRV,120.47,1,ASK
2018-12-17 09:42:47,TRV,120.26,3,BID
2018-12-17 09:42:47,TRV,120.47,1,ASK
2018-12-17 09:42:47,TRV,120.26,3,BID
2018-12-17 09:42:47,TRV,120.47,1,ASK
2018-12-17 09:42:47,TRV,120.26,3,BID
2018-12-17 09:42:47,TRV,120.47,1,ASK
2018-12-17 09:42:47,TRV,120.26,3,BID
2018-12-17 09:42:47,TRV,120.47,1,ASK
2018-12-17 09:42:56,TRV,120.28,3,BID
2018-12-17 09:42:56,TRV,120.47,1,ASK
2018-12-17 09:42:56,TRV,120.28,3,BID
2018-12-17 09:42:56,TRV,120.47,1,ASK
2018-12-17 09:42:56,TRV,120.28,3,BID
2018-12-17 09:42:56,TRV,120.47,1,ASK
2018-12-17 09:42:56,TRV,120.28,3,BID
2018-12-17 09:42:56,TRV,120.47,1,ASK
2018-12-17 09:43:00,TRV,120.28,3,BID
2018-12-17 09:43:00,TRV,120.47,1,ASK
2018-12-17 09:43:00,TRV,120.28,3,BID
2018-12-17 09:43:00,TRV,120.47,1,ASK
2018-12-17 09:43:00,TRV,120.28,3,BID
2018-12-17 09:43:00,TRV,120.47,1,ASK
2018-12-17 09:43:00,TRV,120.28,3,BID
2018-12-17 09:43:00,TRV,120.47,1,ASK
2018-12-17 09:43:00,TRV,120.28,3,BID
2018-12-17 09:43:00,TRV,120.47,1,ASK
2018-12-17 09:43:05,TRV,120.28,3,BID
2018-12-17 09:43:05,TRV,120.47,1,ASK
2018-12-17 09:43:05,TRV,120.28,3,BID
2018-12-17 09:43:05,TRV,120.47,1,ASK
2018-12-17 09:43:05,TRV,120.28,3,BID
2018-12-17 09:43:05,TRV,120.47,1,ASK
2018-12-17 09:43:05,TRV,120.28,3,BID
2018-12-17 09:43:05,TRV,120.47,1,ASK
2018-12-17 09:43:09,TRV,120.22,4,BID
2018-12-17 09:43:09,TRV,120.46,1,ASK
2018-12-17 09:43:10,TRV,120.22,4,BID
2018-12-17 09:43:10,TRV,120.45,1,ASK
2018-12-17 09:43:11,TRV,120.22,4,BID
2018-12-17 09:43:11,TRV,120.44,2,ASK
2018-12-17 09:43:09,TRV,120.22,4,BID
2018-12-17 09:43:11,TRV,120.44,2,ASK
2018-12-17 09:43:09,TRV,120.22,4,BID
2018-12-17 09:43:12,TRV,120.44,2,ASK
2018-12-17 09:43:09,TRV,120.22,4,BID
2018-12-17 09:43:12,TRV,120.44,2,ASK
2018-12-17 09:43:09,TRV,120.22,4,BID
2018-12-17 09:43:12,TRV,120.44,2,ASK
2018-12-17 09:43:09,TRV,120.22,4,BID
2018-12-17 09:43:12,TRV,120.44,2,ASK
2018-12-17 09:43:09,TRV,120.22,4,BID
2018-12-17 09:43:12,TRV,120.44,2,ASK
2018-12-17 09:43:09,TRV,120.22,4,BID
2018-12-17 09:43:12,TRV,120.44,2,ASK
2018-12-17 09:43:09,TRV,120.22,4,BID
2018-12-17 09:43:12,TRV,120.44,2,ASK
2018-12-17 09:43:09,TRV,120.22,4,BID
2018-12-17 09:43:12,TRV,120.44,2,ASK
2018-12-17 09:43:09,TRV,120.22,4,BID
2018-12-17 09:43:12,TRV,120.44,2,ASK
2018-12-17 09:43:20,TRV,120.14,1,BID
2018-12-17 09:43:20,TRV,120.34,1,ASK
2018-12-17 09:43:21,TRV,120.1,5,BID
2018-12-17 09:43:21,TRV,120.32,1,ASK
2018-12-17 09:43:21,TRV,120.1,5,BID
2018-12-17 09:43:21,TRV,120.32,1,ASK
2018-12-17 09:43:21,TRV,120.08,2,BID
2018-12-17 09:43:21,TRV,120.32,1,ASK
2018-12-17 09:43:21,TRV,120.08,2,BID
2018-12-17 09:43:21,TRV,120.32,1,ASK
2018-12-17 09:43:22,TRV,120.08,4,BID
2018-12-17 09:43:22,TRV,120.32,1,ASK
2018-12-17 09:43:23,TRV,120.16,2,BID
2018-12-17 09:43:23,TRV,120.32,1,ASK
2018-12-17 09:43:23,TRV,120.16,2,BID
2018-12-17 09:43:23,TRV,120.32,1,ASK
2018-12-17 09:43:23,TRV,120.16,2,BID
2018-12-17 09:43:23,TRV,120.32,1,ASK
2018-12-17 09:43:23,TRV,120.16,2,BID
2018-12-17 09:43:23,TRV,120.32,1,ASK
2018-12-17 09:43:28,TRV,120.16,2,BID
2018-12-17 09:43:28,TRV,120.35,1,ASK
2018-12-17 09:43:29,TRV,120.16,2,BID
2018-12-17 09:43:29,TRV,120.35,1,ASK
2018-12-17 09:43:30,TRV,120.16,2,BID
2018-12-17 09:43:30,TRV,120.35,1,ASK
2018-12-17 09:43:31,TRV,120.17,2,BID
2018-12-17 09:43:31,TRV,120.35,3,ASK
2018-12-17 09:43:32,TRV,120.08,6,BID
2018-12-17 09:43:32,TRV,120.28,1,ASK
2018-12-17 09:43:32,TRV,120.08,6,BID
2018-12-17 09:43:32,TRV,120.28,1,ASK
2018-12-17 09:43:34,TRV,120.08,5,BID
2018-12-17 09:43:34,TRV,120.28,2,ASK
2018-12-17 09:43:37,TRV,120.19,3,BID
2018-12-17 09:43:37,TRV,120.35,3,ASK
2018-12-17 09:43:38,TRV,120.12,1,BID
2018-12-17 09:43:38,TRV,120.31,1,ASK
2018-12-17 09:43:38,TRV,120.08,5,BID
2018-12-17 09:43:39,TRV,120.26,1,ASK
2018-12-17 09:43:38,TRV,120.08,5,BID
2018-12-17 09:43:39,TRV,120.26,1,ASK
2018-12-17 09:43:38,TRV,120.08,5,BID
2018-12-17 09:43:39,TRV,120.26,1,ASK
2018-12-17 09:43:41,TRV,120.04,3,BID
2018-12-17 09:43:41,TRV,120.26,4,ASK
2018-12-17 09:43:42,TRV,120.04,3,BID
2018-12-17 09:43:42,TRV,120.26,4,ASK
2018-12-17 09:43:46,TRV,120.04,3,BID
2018-12-17 09:43:46,TRV,120.25,4,ASK
2018-12-17 09:43:46,TRV,120.04,3,BID
2018-12-17 09:43:46,TRV,120.25,4,ASK
2018-12-17 09:43:48,TRV,120.04,3,BID
2018-12-17 09:43:46,TRV,120.25,5,ASK
2018-12-17 09:43:48,TRV,120.04,3,BID
2018-12-17 09:43:46,TRV,120.25,5,ASK
2018-12-17 09:43:48,TRV,120.04,3,BID
2018-12-17 09:43:46,TRV,120.25,5,ASK
2018-12-17 09:43:51,TRV,120.04,3,BID
2018-12-17 09:43:51,TRV,120.25,9,ASK
2018-12-17 09:43:51,TRV,120.04,3,BID
2018-12-17 09:43:51,TRV,120.25,9,ASK
2018-12-17 09:43:51,TRV,120.04,3,BID
2018-12-17 09:43:51,TRV,120.25,9,ASK
2018-12-17 09:43:54,TRV,120.04,4,BID
2018-12-17 09:43:54,TRV,120.25,9,ASK
2018-12-17 09:43:55,TRV,120.04,4,BID
2018-12-17 09:43:55,TRV,120.25,10,ASK
2018-12-17 09:43:56,TRV,120.04,4,BID
2018-12-17 09:43:56,TRV,120.24,2,ASK
2018-12-17 09:43:57,TRV,120.04,4,BID
2018-12-17 09:43:57,TRV,120.23,1,ASK
2018-12-17 09:43:58,TRV,120.04,4,BID
2018-12-17 09:43:58,TRV,120.24,2,ASK
2018-12-17 09:43:59,TRV,120.04,4,BID
2018-12-17 09:43:59,TRV,120.24,1,ASK
2018-12-17 09:44:00,TRV,120.04,4,BID
2018-12-17 09:44:00,TRV,120.24,1,ASK
2018-12-17 09:44:00,TRV,120.04,4,BID
2018-12-17 09:44:00,TRV,120.24,1,ASK
2018-12-17 09:44:01,TRV,120.04,4,BID
2018-12-17 09:44:01,TRV,120.24,1,ASK
2018-12-17 09:44:03,TRV,120.04,4,BID
2018-12-17 09:44:03,TRV,120.23,1,ASK
2018-12-17 09:44:03,TRV,120.04,4,BID
2018-12-17 09:44:03,TRV,120.23,1,ASK
2018-12-17 09:44:05,TRV,120.24,2,BID
2018-12-17 09:44:05,TRV,120.35,4,ASK
2018-12-17 09:44:05,TRV,120.24,2,BID
2018-12-17 09:44:05,TRV,120.36,2,ASK
2018-12-17 09:44:05,TRV,120.24,2,BID
2018-12-17 09:44:05,TRV,120.36,2,ASK
2018-12-17 09:44:07,TRV,120.26,2,BID
2018-12-17 09:44:07,TRV,120.35,1,ASK
2018-12-17 09:44:08,TRV,120.23,2,BID
2018-12-17 09:44:08,TRV,120.35,1,ASK
2018-12-17 09:44:08,TRV,120.23,2,BID
2018-12-17 09:44:08,TRV,120.35,1,ASK
2018-12-17 09:44:08,TRV,120.23,2,BID
2018-12-17 09:44:08,TRV,120.35,1,ASK
2018-12-17 09:44:11,TRV,120.23,2,BID
2018-12-17 09:44:11,TRV,120.35,5,ASK
2018-12-17 09:44:11,TRV,120.23,2,BID
2018-12-17 09:44:11,TRV,120.35,5,ASK
2018-12-17 09:44:11,TRV,120.23,2,BID
2018-12-17 09:44:11,TRV,120.35,5,ASK
2018-12-17 09:44:11,TRV,120.23,2,BID
2018-12-17 09:44:11,TRV,120.35,5,ASK
2018-12-17 09:44:11,TRV,120.23,2,BID
2018-12-17 09:44:11,TRV,120.35,5,ASK
2018-12-17 09:44:11,TRV,120.23,2,BID
2018-12-17 09:44:11,TRV,120.35,5,ASK
2018-12-17 09:44:11,TRV,120.23,2,BID
2018-12-17 09:44:11,TRV,120.35,5,ASK
2018-12-17 09:44:11,TRV,120.23,2,BID
2018-12-17 09:44:11,TRV,120.35,5,ASK
2018-12-17 09:44:20,TRV,120.24,2,BID
2018-12-17 09:44:20,TRV,120.35,5,ASK
2018-12-17 09:44:20,TRV,120.24,2,BID
2018-12-17 09:44:20,TRV,120.35,5,ASK
2018-12-17 09:44:20,TRV,120.24,2,BID
2018-12-17 09:44:20,TRV,120.35,5,ASK
2018-12-17 09:44:22,TRV,120.24,3,BID
2018-12-17 09:44:22,TRV,120.34,3,ASK
2018-12-17 09:44:24,TRV,120.23,3,BID
2018-12-17 09:44:22,TRV,120.34,3,ASK
2018-12-17 09:44:24,TRV,120.23,3,BID
2018-12-17 09:44:22,TRV,120.34,3,ASK
2018-12-17 09:44:26,TRV,120.15,3,BID
2018-12-17 09:44:26,TRV,120.34,4,ASK
2018-12-17 09:44:27,TRV,120.16,4,BID
2018-12-17 09:44:27,TRV,120.34,4,ASK
2018-12-17 09:44:27,TRV,120.16,4,BID
2018-12-17 09:44:27,TRV,120.34,4,ASK
2018-12-17 09:44:30,TRV,120.16,4,BID
2018-12-17 09:44:30,TRV,120.34,8,ASK
2018-12-17 09:44:31,TRV,120.13,2,BID
2018-12-17 09:44:31,TRV,120.32,6,ASK
2018-12-17 09:44:31,TRV,120.13,4,BID
2018-12-17 09:44:31,TRV,120.31,1,ASK
2018-12-17 09:44:32,TRV,120.05,3,BID
2018-12-17 09:44:32,TRV,120.25,1,ASK
2018-12-17 09:43:41,TRV,120.04,4,BID
2018-12-17 09:44:33,TRV,120.25,2,ASK
2018-12-17 09:43:41,TRV,120.04,4,BID
2018-12-17 09:44:33,TRV,120.25,2,ASK
2018-12-17 09:43:41,TRV,120.04,4,BID
2018-12-17 09:44:35,TRV,120.24,2,ASK
2018-12-17 09:43:41,TRV,120.04,4,BID
2018-12-17 09:44:35,TRV,120.24,2,ASK
2018-12-17 09:43:41,TRV,120.04,4,BID
2018-12-17 09:44:35,TRV,120.24,2,ASK
2018-12-17 09:43:41,TRV,120.04,4,BID
2018-12-17 09:44:35,TRV,120.24,2,ASK
2018-12-17 09:43:41,TRV,120.04,4,BID
2018-12-17 09:44:35,TRV,120.24,2,ASK
2018-12-17 09:44:41,TRV,120.05,3,BID
2018-12-17 09:44:41,TRV,120.24,2,ASK
2018-12-17 09:43:41,TRV,120.04,4,BID
2018-12-17 09:44:41,TRV,120.24,2,ASK
2018-12-17 09:43:41,TRV,120.04,4,BID
2018-12-17 09:44:41,TRV,120.24,2,ASK
2018-12-17 09:43:41,TRV,120.04,4,BID
2018-12-17 09:44:41,TRV,120.24,2,ASK
2018-12-17 09:43:41,TRV,120.04,4,BID
2018-12-17 09:44:41,TRV,120.24,2,ASK
2018-12-17 09:43:41,TRV,120.04,4,BID
2018-12-17 09:44:41,TRV,120.24,2,ASK
2018-12-17 09:43:41,TRV,120.04,4,BID
2018-12-17 09:44:41,TRV,120.24,2,ASK
2018-12-17 09:43:41,TRV,120.04,4,BID
2018-12-17 09:44:41,TRV,120.24,2,ASK
2018-12-17 09:44:48,TRV,120.13,3,BID
2018-12-17 09:44:48,TRV,120.3,1,ASK
2018-12-17 09:44:49,TRV,120.13,3,BID
2018-12-17 09:44:49,TRV,120.31,9,ASK
2018-12-17 09:44:50,TRV,120.08,2,BID
2018-12-17 09:44:50,TRV,120.3,1,ASK
2018-12-17 09:43:41,TRV,120.04,3,BID
2018-12-17 09:44:51,TRV,120.25,1,ASK
2018-12-17 09:43:41,TRV,120.04,3,BID
2018-12-17 09:44:51,TRV,120.25,1,ASK
2018-12-17 09:43:41,TRV,120.04,3,BID
2018-12-17 09:44:51,TRV,120.25,1,ASK
2018-12-17 09:43:41,TRV,120.04,3,BID
2018-12-17 09:44:51,TRV,120.25,1,ASK
2018-12-17 09:43:41,TRV,120.04,3,BID
2018-12-17 09:44:51,TRV,120.25,1,ASK
2018-12-17 09:43:41,TRV,120.04,3,BID
2018-12-17 09:44:57,TRV,120.25,2,ASK
2018-12-17 09:43:41,TRV,120.04,3,BID
2018-12-17 09:44:57,TRV,120.25,2,ASK
2018-12-17 09:43:41,TRV,120.04,3,BID
2018-12-17 09:44:57,TRV,120.24,1,ASK
2018-12-17 09:45:00,TRV,120.05,2,BID
2018-12-17 09:45:00,TRV,120.25,2,ASK
2018-12-17 09:45:00,TRV,120.06,2,BID
2018-12-17 09:45:00,TRV,120.25,2,ASK
2018-12-17 09:45:00,TRV,120.06,2,BID
2018-12-17 09:45:00,TRV,120.25,2,ASK
2018-12-17 09:45:01,TRV,120.06,2,BID
2018-12-17 09:45:01,TRV,120.25,7,ASK
2018-12-17 09:45:01,TRV,120.06,2,BID
2018-12-17 09:45:01,TRV,120.25,7,ASK
2018-12-17 09:45:01,TRV,120.06,2,BID
2018-12-17 09:45:01,TRV,120.25,7,ASK
2018-12-17 09:45:04,TRV,120.06,2,BID
2018-12-17 09:45:04,TRV,120.24,2,ASK
2018-12-17 09:45:04,TRV,120.06,2,BID
2018-12-17 09:45:04,TRV,120.24,2,ASK
2018-12-17 09:45:04,TRV,120.06,2,BID
2018-12-17 09:45:04,TRV,120.24,2,ASK
2018-12-17 09:45:09,TRV,120.07,2,BID
2018-12-17 09:45:09,TRV,120.24,2,ASK
2018-12-17 09:45:09,TRV,120.07,2,BID
2018-12-17 09:45:09,TRV,120.24,2,ASK
2018-12-17 09:45:09,TRV,120.07,2,BID
2018-12-17 09:45:09,TRV,120.24,2,ASK
2018-12-17 09:45:09,TRV,120.07,2,BID
2018-12-17 09:45:09,TRV,120.24,2,ASK
2018-12-17 09:45:09,TRV,120.07,2,BID
2018-12-17 09:45:09,TRV,120.24,2,ASK
2018-12-17 09:45:09,TRV,120.07,2,BID
2018-12-17 09:45:09,TRV,120.24,2,ASK
2018-12-17 09:45:15,TRV,120.07,2,BID
2018-12-17 09:45:15,TRV,120.24,2,ASK
2018-12-17 09:45:15,TRV,120.07,2,BID
2018-12-17 09:45:15,TRV,120.24,2,ASK
2018-12-17 09:45:16,TRV,120.08,2,BID
2018-12-17 09:45:16,TRV,120.24,2,ASK
2018-12-17 09:45:17,TRV,120.08,2,BID
2018-12-17 09:45:17,TRV,120.24,5,ASK
2018-12-17 09:45:18,TRV,120.08,2,BID
2018-12-17 09:45:17,TRV,120.24,4,ASK
2018-12-17 09:45:19,TRV,120.09,3,BID
2018-12-17 09:45:17,TRV,120.24,4,ASK
2018-12-17 09:45:19,TRV,120.09,3,BID
2018-12-17 09:45:17,TRV,120.24,4,ASK
2018-12-17 09:45:20,TRV,120.09,3,BID
2018-12-17 09:45:17,TRV,120.24,4,ASK
2018-12-17 09:45:20,TRV,120.09,3,BID
2018-12-17 09:45:17,TRV,120.24,4,ASK
2018-12-17 09:45:20,TRV,120.09,3,BID
2018-12-17 09:45:17,TRV,120.24,4,ASK
2018-12-17 09:45:20,TRV,120.09,3,BID
2018-12-17 09:45:17,TRV,120.24,4,ASK
2018-12-17 09:45:24,TRV,120.09,3,BID
2018-12-17 09:45:17,TRV,120.24,4,ASK
2018-12-17 09:45:24,TRV,120.09,3,BID
2018-12-17 09:45:17,TRV,120.24,4,ASK
2018-12-17 09:45:26,TRV,120.1,2,BID
2018-12-17 09:45:17,TRV,120.24,4,ASK
2018-12-17 09:45:28,TRV,120.18,5,BID
2018-12-17 09:44:49,TRV,120.31,8,ASK
2018-12-17 09:45:30,TRV,120.18,5,BID
2018-12-17 09:44:49,TRV,120.31,7,ASK
2018-12-17 09:45:30,TRV,120.18,5,BID
2018-12-17 09:44:49,TRV,120.31,7,ASK
2018-12-17 09:45:30,TRV,120.18,5,BID
2018-12-17 09:44:49,TRV,120.31,7,ASK
2018-12-17 09:45:30,TRV,120.18,5,BID
2018-12-17 09:44:49,TRV,120.31,7,ASK
2018-12-17 09:45:30,TRV,120.18,5,BID
2018-12-17 09:44:49,TRV,120.31,7,ASK
2018-12-17 09:45:30,TRV,120.18,5,BID
2018-12-17 09:44:49,TRV,120.31,7,ASK
2018-12-17 09:45:30,TRV,120.18,5,BID
2018-12-17 09:44:49,TRV,120.31,7,ASK
2018-12-17 09:45:35,TRV,120.26,3,BID
2018-12-17 09:45:35,TRV,120.38,1,ASK
2018-12-17 09:45:36,TRV,120.26,3,BID
2018-12-17 09:45:36,TRV,120.39,1,ASK
2018-12-17 09:45:36,TRV,120.26,3,BID
2018-12-17 09:45:36,TRV,120.39,1,ASK
2018-12-17 09:45:36,TRV,120.26,3,BID
2018-12-17 09:45:36,TRV,120.39,1,ASK
2018-12-17 09:45:36,TRV,120.26,3,BID
2018-12-17 09:45:36,TRV,120.39,1,ASK
2018-12-17 09:45:42,TRV,120.27,3,BID
2018-12-17 09:45:42,TRV,120.39,1,ASK
2018-12-17 09:45:42,TRV,120.27,3,BID
2018-12-17 09:45:42,TRV,120.39,1,ASK
2018-12-17 09:45:42,TRV,120.27,3,BID
2018-12-17 09:45:42,TRV,120.39,1,ASK
2018-12-17 09:45:42,TRV,120.27,3,BID
2018-12-17 09:45:42,TRV,120.39,1,ASK
2018-12-17 09:45:42,TRV,120.27,3,BID
2018-12-17 09:45:42,TRV,120.39,1,ASK
2018-12-17 09:45:42,TRV,120.27,3,BID
2018-12-17 09:45:42,TRV,120.39,1,ASK
2018-12-17 09:45:42,TRV,120.27,3,BID
2018-12-17 09:45:42,TRV,120.39,1,ASK
2018-12-17 09:45:42,TRV,120.27,3,BID
2018-12-17 09:45:42,TRV,120.39,1,ASK
2018-12-17 09:45:42,TRV,120.27,3,BID
2018-12-17 09:45:42,TRV,120.39,1,ASK
2018-12-17 09:45:42,TRV,120.27,3,BID
2018-12-17 09:45:42,TRV,120.39,1,ASK
2018-12-17 09:45:42,TRV,120.27,3,BID
2018-12-17 09:45:42,TRV,120.39,1,ASK
2018-12-17 09:45:42,TRV,120.27,3,BID
2018-12-17 09:45:42,TRV,120.39,1,ASK
2018-12-17 09:45:42,TRV,120.27,3,BID
2018-12-17 09:45:42,TRV,120.39,1,ASK
2018-12-17 09:45:42,TRV,120.27,3,BID
2018-12-17 09:45:42,TRV,120.39,1,ASK
2018-12-17 09:45:55,TRV,120.27,3,BID
2018-12-17 09:45:55,TRV,120.38,1,ASK
2018-12-17 09:45:55,TRV,120.27,3,BID
2018-12-17 09:45:55,TRV,120.38,1,ASK
2018-12-17 09:45:57,TRV,120.27,3,BID
2018-12-17 09:45:57,TRV,120.39,1,ASK
2018-12-17 09:45:57,TRV,120.27,3,BID
2018-12-17 09:45:57,TRV,120.39,1,ASK
2018-12-17 09:46:00,TRV,120.27,3,BID
2018-12-17 09:46:00,TRV,120.39,1,ASK
2018-12-17 09:46:00,TRV,120.27,3,BID
2018-12-17 09:46:00,TRV,120.39,1,ASK
2018-12-17 09:46:00,TRV,120.27,3,BID
2018-12-17 09:46:00,TRV,120.39,1,ASK
2018-12-17 09:46:00,TRV,120.27,3,BID
2018-12-17 09:46:00,TRV,120.39,1,ASK
2018-12-17 09:46:00,TRV,120.27,3,BID
2018-12-17 09:46:00,TRV,120.39,1,ASK
2018-12-17 09:46:00,TRV,120.27,3,BID
2018-12-17 09:46:00,TRV,120.39,1,ASK
2018-12-17 09:46:00,TRV,120.27,3,BID
2018-12-17 09:46:00,TRV,120.39,1,ASK
2018-12-17 09:46:07,TRV,120.27,3,BID
2018-12-17 09:46:07,TRV,120.39,1,ASK
2018-12-17 09:46:07,TRV,120.27,3,BID
2018-12-17 09:46:07,TRV,120.39,1,ASK
2018-12-17 09:46:07,TRV,120.27,3,BID
2018-12-17 09:46:07,TRV,120.39,1,ASK
2018-12-17 09:46:10,TRV,120.32,3,BID
2018-12-17 09:46:10,TRV,120.48,2,ASK
2018-12-17 09:46:10,TRV,120.32,3,BID
2018-12-17 09:46:10,TRV,120.48,2,ASK
2018-12-17 09:46:10,TRV,120.32,3,BID
2018-12-17 09:46:10,TRV,120.48,2,ASK
2018-12-17 09:46:10,TRV,120.32,3,BID
2018-12-17 09:46:10,TRV,120.48,2,ASK
2018-12-17 09:46:10,TRV,120.32,3,BID
2018-12-17 09:46:10,TRV,120.48,2,ASK
2018-12-17 09:46:15,TRV,120.35,3,BID
2018-12-17 09:46:15,TRV,120.57,4,ASK
2018-12-17 09:46:15,TRV,120.35,3,BID
2018-12-17 09:46:15,TRV,120.57,3,ASK
2018-12-17 09:46:17,TRV,120.35,3,BID
2018-12-17 09:46:17,TRV,120.56,1,ASK
2018-12-17 09:46:17,TRV,120.35,3,BID
2018-12-17 09:46:17,TRV,120.56,1,ASK
2018-12-17 09:46:19,TRV,120.35,3,BID
2018-12-17 09:46:19,TRV,120.55,1,ASK
2018-12-17 09:46:19,TRV,120.35,3,BID
2018-12-17 09:46:19,TRV,120.54,1,ASK
2018-12-17 09:46:21,TRV,120.5,3,BID
2018-12-17 09:46:21,TRV,120.63,1,ASK
2018-12-17 09:46:21,TRV,120.5,3,BID
2018-12-17 09:46:21,TRV,120.63,1,ASK
2018-12-17 09:46:21,TRV,120.5,3,BID
2018-12-17 09:46:21,TRV,120.63,1,ASK
2018-12-17 09:46:21,TRV,120.5,3,BID
2018-12-17 09:46:21,TRV,120.63,1,ASK
2018-12-17 09:46:21,TRV,120.5,3,BID
2018-12-17 09:46:21,TRV,120.63,1,ASK
2018-12-17 09:46:26,TRV,120.5,3,BID
2018-12-17 09:46:26,TRV,120.62,1,ASK
2018-12-17 09:46:27,TRV,120.5,3,BID
2018-12-17 09:46:27,TRV,120.63,2,ASK
2018-12-17 09:46:28,TRV,120.5,3,BID
2018-12-17 09:46:28,TRV,120.63,2,ASK
2018-12-17 09:46:29,TRV,120.5,3,BID
2018-12-17 09:46:29,TRV,120.63,2,ASK
2018-12-17 09:46:30,TRV,120.5,3,BID
2018-12-17 09:46:30,TRV,120.63,2,ASK
2018-12-17 09:46:30,TRV,120.5,3,BID
2018-12-17 09:46:30,TRV,120.63,2,ASK
2018-12-17 09:46:31,TRV,120.5,3,BID
2018-12-17 09:46:31,TRV,120.63,2,ASK
2018-12-17 09:46:31,TRV,120.5,3,BID
2018-12-17 09:46:31,TRV,120.63,2,ASK
2018-12-17 09:46:31,TRV,120.5,3,BID
2018-12-17 09:46:31,TRV,120.63,2,ASK
2018-12-17 09:46:31,TRV,120.5,3,BID
2018-12-17 09:46:31,TRV,120.63,2,ASK
2018-12-17 09:46:35,TRV,120.5,10,BID
2018-12-17 09:46:35,TRV,120.63,2,ASK
2018-12-17 09:46:35,TRV,120.5,10,BID
2018-12-17 09:46:35,TRV,120.63,2,ASK
2018-12-17 09:46:35,TRV,120.5,10,BID
2018-12-17 09:46:35,TRV,120.63,2,ASK
2018-12-17 09:46:35,TRV,120.5,10,BID
2018-12-17 09:46:35,TRV,120.63,2,ASK
2018-12-17 09:46:35,TRV,120.5,10,BID
2018-12-17 09:46:35,TRV,120.63,2,ASK
2018-12-17 09:46:35,TRV,120.5,10,BID
2018-12-17 09:46:35,TRV,120.63,2,ASK
2018-12-17 09:46:42,TRV,120.5,10,BID
2018-12-17 09:46:42,TRV,120.63,2,ASK
2018-12-17 09:46:42,TRV,120.5,10,BID
2018-12-17 09:46:42,TRV,120.63,2,ASK
2018-12-17 09:46:42,TRV,120.5,10,BID
2018-12-17 09:46:42,TRV,120.63,2,ASK
2018-12-17 09:46:45,TRV,120.5,10,BID
2018-12-17 09:46:45,TRV,120.61,2,ASK
2018-12-17 09:46:46,TRV,120.5,10,BID
2018-12-17 09:46:46,TRV,120.61,1,ASK
2018-12-17 09:46:46,TRV,120.5,10,BID
2018-12-17 09:46:46,TRV,120.61,1,ASK
2018-12-17 09:46:46,TRV,120.5,10,BID
2018-12-17 09:46:46,TRV,120.61,1,ASK
2018-12-17 09:46:46,TRV,120.5,10,BID
2018-12-17 09:46:46,TRV,120.61,1,ASK
2018-12-17 09:46:50,TRV,120.34,4,BID
2018-12-17 09:46:50,TRV,120.53,1,ASK
2018-12-17 09:46:51,TRV,120.32,4,BID
2018-12-17 09:46:51,TRV,120.52,2,ASK
2018-12-17 09:46:52,TRV,120.32,4,BID
2018-12-17 09:46:52,TRV,120.47,1,ASK
2018-12-17 09:46:52,TRV,120.32,4,BID
2018-12-17 09:46:52,TRV,120.47,1,ASK
2018-12-17 09:46:52,TRV,120.32,4,BID
2018-12-17 09:46:52,TRV,120.47,1,ASK
2018-12-17 09:46:52,TRV,120.32,4,BID
2018-12-17 09:46:52,TRV,120.47,1,ASK
2018-12-17 09:46:52,TRV,120.32,4,BID
2018-12-17 09:46:52,TRV,120.47,1,ASK
2018-12-17 09:46:52,TRV,120.32,4,BID
2018-12-17 09:46:52,TRV,120.47,1,ASK
2018-12-17 09:46:52,TRV,120.32,4,BID
2018-12-17 09:46:52,TRV,120.47,1,ASK
2018-12-17 09:46:52,TRV,120.32,4,BID
2018-12-17 09:46:52,TRV,120.47,1,ASK
2018-12-17 09:47:00,TRV,120.32,4,BID
2018-12-17 09:47:00,TRV,120.47,5,ASK
2018-12-17 09:47:01,TRV,120.32,4,BID
2018-12-17 09:47:01,TRV,120.46,2,ASK
2018-12-17 09:47:01,TRV,120.32,4,BID
2018-12-17 09:47:01,TRV,120.47,5,ASK
2018-12-17 09:47:03,TRV,120.32,4,BID
2018-12-17 09:47:03,TRV,120.47,3,ASK
2018-12-17 09:47:03,TRV,120.32,4,BID
2018-12-17 09:47:03,TRV,120.47,3,ASK
2018-12-17 09:47:03,TRV,120.32,4,BID
2018-12-17 09:47:03,TRV,120.47,3,ASK
2018-12-17 09:47:06,TRV,120.32,4,BID
2018-12-17 09:47:06,TRV,120.47,4,ASK
2018-12-17 09:47:06,TRV,120.32,4,BID
2018-12-17 09:47:06,TRV,120.47,4,ASK
2018-12-17 09:47:06,TRV,120.32,4,BID
2018-12-17 09:47:06,TRV,120.47,4,ASK
2018-12-17 09:47:09,TRV,120.24,2,BID
2018-12-17 09:47:09,TRV,120.43,1,ASK
2018-12-17 09:47:10,TRV,120.24,2,BID
2018-12-17 09:47:10,TRV,120.42,3,ASK
2018-12-17 09:47:10,TRV,120.24,2,BID
2018-12-17 09:47:10,TRV,120.42,3,ASK
2018-12-17 09:47:11,TRV,120.24,2,BID
2018-12-17 09:47:10,TRV,120.42,3,ASK
2018-12-17 09:47:11,TRV,120.24,2,BID
2018-12-17 09:47:11,TRV,120.42,3,ASK
2018-12-17 09:47:11,TRV,120.24,2,BID
2018-12-17 09:47:11,TRV,120.42,3,ASK
2018-12-17 09:47:11,TRV,120.24,2,BID
2018-12-17 09:47:11,TRV,120.42,3,ASK
2018-12-17 09:47:16,TRV,120.24,2,BID
2018-12-17 09:47:16,TRV,120.42,3,ASK
2018-12-17 09:47:16,TRV,120.24,2,BID
2018-12-17 09:47:16,TRV,120.42,3,ASK
2018-12-17 09:47:18,TRV,120.24,3,BID
2018-12-17 09:47:18,TRV,120.42,3,ASK
2018-12-17 09:47:18,TRV,120.24,3,BID
2018-12-17 09:47:18,TRV,120.42,3,ASK
2018-12-17 09:47:18,TRV,120.24,3,BID
2018-12-17 09:47:20,TRV,120.42,6,ASK
2018-12-17 09:47:18,TRV,120.24,3,BID
2018-12-17 09:47:21,TRV,120.41,7,ASK
2018-12-17 09:47:18,TRV,120.24,3,BID
2018-12-17 09:47:21,TRV,120.41,8,ASK
2018-12-17 09:47:18,TRV,120.24,3,BID
2018-12-17 09:47:21,TRV,120.41,8,ASK
2018-12-17 09:47:18,TRV,120.24,3,BID
2018-12-17 09:47:21,TRV,120.41,6,ASK
2018-12-17 09:47:18,TRV,120.24,3,BID
2018-12-17 09:47:25,TRV,120.39,1,ASK
2018-12-17 09:47:18,TRV,120.24,3,BID
2018-12-17 09:47:26,TRV,120.39,2,ASK
2018-12-17 09:47:18,TRV,120.24,3,BID
2018-12-17 09:47:26,TRV,120.39,2,ASK
2018-12-17 09:47:18,TRV,120.24,3,BID
2018-12-17 09:47:28,TRV,120.37,2,ASK
2018-12-17 09:47:29,TRV,120.16,2,BID
2018-12-17 09:47:29,TRV,120.31,1,ASK
2018-12-17 09:47:29,TRV,120.16,2,BID
2018-12-17 09:47:30,TRV,120.31,1,ASK
2018-12-17 09:47:29,TRV,120.16,2,BID
2018-12-17 09:47:30,TRV,120.31,1,ASK
2018-12-17 09:47:29,TRV,120.16,2,BID
2018-12-17 09:47:30,TRV,120.31,1,ASK
2018-12-17 09:47:29,TRV,120.16,2,BID
2018-12-17 09:47:30,TRV,120.31,1,ASK
2018-12-17 09:47:29,TRV,120.16,2,BID
2018-12-17 09:47:30,TRV,120.31,1,ASK
2018-12-17 09:47:35,TRV,120.19,3,BID
2018-12-17 09:47:35,TRV,120.37,2,ASK
2018-12-17 09:47:36,TRV,120.18,1,BID
2018-12-17 09:47:36,TRV,120.37,2,ASK
2018-12-17 09:47:37,TRV,120.18,1,BID
2018-12-17 09:47:37,TRV,120.36,1,ASK
2018-12-17 09:47:29,TRV,120.16,2,BID
2018-12-17 09:47:38,TRV,120.35,1,ASK
2018-12-17 09:47:29,TRV,120.16,2,BID
2018-12-17 09:47:39,TRV,120.35,1,ASK
2018-12-17 09:47:29,TRV,120.16,2,BID
2018-12-17 09:47:39,TRV,120.35,1,ASK
2018-12-17 09:47:29,TRV,120.16,2,BID
2018-12-17 09:47:39,TRV,120.35,1,ASK
2018-12-17 09:47:29,TRV,120.16,2,BID
2018-12-17 09:47:39,TRV,120.35,1,ASK
2018-12-17 09:47:29,TRV,120.16,2,BID
2018-12-17 09:47:39,TRV,120.35,1,ASK
2018-12-17 09:47:29,TRV,120.16,2,BID
2018-12-17 09:47:44,TRV,120.36,3,ASK
2018-12-17 09:47:29,TRV,120.16,2,BID
2018-12-17 09:47:44,TRV,120.36,3,ASK
2018-12-17 09:47:29,TRV,120.16,2,BID
2018-12-17 09:47:44,TRV,120.36,3,ASK
2018-12-17 09:47:29,TRV,120.16,2,BID
2018-12-17 09:47:44,TRV,120.36,3,ASK
2018-12-17 09:47:29,TRV,120.16,2,BID
2018-12-17 09:47:44,TRV,120.36,3,ASK
2018-12-17 09:47:29,TRV,120.16,2,BID
2018-12-17 09:47:44,TRV,120.36,3,ASK
2018-12-17 09:47:29,TRV,120.16,2,BID
2018-12-17 09:47:50,TRV,120.35,1,ASK
2018-12-17 09:47:29,TRV,120.16,2,BID
2018-12-17 09:47:50,TRV,120.35,1,ASK
2018-12-17 09:47:29,TRV,120.16,2,BID
2018-12-17 09:47:44,TRV,120.36,3,ASK
2018-12-17 09:47:29,TRV,120.16,2,BID
2018-12-17 09:47:44,TRV,120.36,3,ASK
2018-12-17 09:47:54,TRV,120.19,1,BID
2018-12-17 09:47:54,TRV,120.36,4,ASK
2018-12-17 09:47:55,TRV,120.2,1,BID
2018-12-17 09:47:54,TRV,120.36,4,ASK
2018-12-17 09:47:56,TRV,120.2,1,BID
2018-12-17 09:47:54,TRV,120.36,4,ASK
2018-12-17 09:47:56,TRV,120.2,1,BID
2018-12-17 09:47:54,TRV,120.36,4,ASK
2018-12-17 09:47:56,TRV,120.2,1,BID
2018-12-17 09:47:54,TRV,120.36,4,ASK
2018-12-17 09:47:56,TRV,120.2,1,BID
2018-12-17 09:47:54,TRV,120.36,4,ASK
2018-12-17 09:48:00,TRV,120.2,1,BID
2018-12-17 09:47:54,TRV,120.36,4,ASK
2018-12-17 09:48:00,TRV,120.2,1,BID
2018-12-17 09:47:54,TRV,120.36,4,ASK
2018-12-17 09:48:00,TRV,120.2,1,BID
2018-12-17 09:47:54,TRV,120.36,4,ASK
2018-12-17 09:48:00,TRV,120.2,1,BID
2018-12-17 09:47:54,TRV,120.36,4,ASK
2018-12-17 09:48:00,TRV,120.2,1,BID
2018-12-17 09:47:54,TRV,120.36,4,ASK
2018-12-17 09:48:00,TRV,120.2,1,BID
2018-12-17 09:47:54,TRV,120.36,4,ASK
2018-12-17 09:48:00,TRV,120.2,1,BID
2018-12-17 09:47:54,TRV,120.36,4,ASK
2018-12-17 09:48:00,TRV,120.2,1,BID
2018-12-17 09:47:54,TRV,120.36,4,ASK
2018-12-17 09:48:00,TRV,120.2,1,BID
2018-12-17 09:47:54,TRV,120.36,4,ASK
2018-12-17 09:48:00,TRV,120.2,1,BID
2018-12-17 09:47:54,TRV,120.36,4,ASK
2018-12-17 09:48:00,TRV,120.2,1,BID
2018-12-17 09:47:54,TRV,120.36,4,ASK
2018-12-17 09:48:00,TRV,120.2,1,BID
2018-12-17 09:47:54,TRV,120.36,4,ASK
2018-12-17 09:48:00,TRV,120.2,1,BID
2018-12-17 09:47:54,TRV,120.36,4,ASK
2018-12-17 09:48:00,TRV,120.2,1,BID
2018-12-17 09:47:54,TRV,120.36,4,ASK
2018-12-17 09:48:00,TRV,120.2,1,BID
2018-12-17 09:47:54,TRV,120.36,4,ASK
2018-12-17 09:48:00,TRV,120.2,1,BID
2018-12-17 09:47:54,TRV,120.36,4,ASK
2018-12-17 09:48:00,TRV,120.2,1,BID
2018-12-17 09:47:54,TRV,120.36,4,ASK
2018-12-17 09:48:00,TRV,120.2,1,BID
2018-12-17 09:47:54,TRV,120.36,4,ASK
2018-12-17 09:48:18,TRV,120.2,1,BID
2018-12-17 09:47:54,TRV,120.36,4,ASK
2018-12-17 09:48:18,TRV,120.2,1,BID
2018-12-17 09:47:54,TRV,120.36,4,ASK
2018-12-17 09:48:18,TRV,120.2,1,BID
2018-12-17 09:47:54,TRV,120.36,4,ASK
2018-12-17 09:48:21,TRV,120.2,1,BID
2018-12-17 09:48:21,TRV,120.34,1,ASK
2018-12-17 09:48:21,TRV,120.2,1,BID
2018-12-17 09:48:21,TRV,120.34,1,ASK
2018-12-17 09:48:21,TRV,120.2,1,BID
2018-12-17 09:48:21,TRV,120.34,1,ASK
2018-12-17 09:48:24,TRV,120.17,1,BID
2018-12-17 09:48:24,TRV,120.34,3,ASK
2018-12-17 09:48:24,TRV,120.17,1,BID
2018-12-17 09:48:24,TRV,120.34,3,ASK
2018-12-17 09:48:24,TRV,120.17,1,BID
2018-12-17 09:48:24,TRV,120.34,3,ASK
2018-12-17 09:48:28,TRV,120.17,1,BID
2018-12-17 09:48:28,TRV,120.32,1,ASK
2018-12-17 09:48:29,TRV,120.17,1,BID
2018-12-17 09:48:29,TRV,120.34,3,ASK
2018-12-17 09:48:30,TRV,120.16,2,BID
2018-12-17 09:48:30,TRV,120.3,2,ASK
2018-12-17 09:48:30,TRV,120.16,2,BID
2018-12-17 09:48:30,TRV,120.3,2,ASK
2018-12-17 09:48:30,TRV,120.16,2,BID
2018-12-17 09:48:30,TRV,120.3,2,ASK
2018-12-17 09:48:30,TRV,120.16,2,BID
2018-12-17 09:48:33,TRV,120.3,2,ASK
2018-12-17 09:48:30,TRV,120.16,2,BID
2018-12-17 09:48:33,TRV,120.3,2,ASK
2018-12-17 09:48:34,TRV,120.22,1,BID
2018-12-17 09:48:34,TRV,120.34,3,ASK
2018-12-17 09:48:34,TRV,120.22,1,BID
2018-12-17 09:48:34,TRV,120.34,3,ASK
2018-12-17 09:48:34,TRV,120.22,1,BID
2018-12-17 09:48:34,TRV,120.34,3,ASK
2018-12-17 09:48:37,TRV,120.27,1,BID
2018-12-17 09:48:37,TRV,120.39,1,ASK
2018-12-17 09:48:38,TRV,120.27,1,BID
2018-12-17 09:48:38,TRV,120.45,2,ASK
2018-12-17 09:48:39,TRV,120.29,1,BID
2018-12-17 09:48:39,TRV,120.43,1,ASK
2018-12-17 09:48:39,TRV,120.29,1,BID
2018-12-17 09:48:39,TRV,120.43,1,ASK
2018-12-17 09:48:42,TRV,120.29,1,BID
2018-12-17 09:48:42,TRV,120.44,1,ASK
2018-12-17 09:48:42,TRV,120.29,2,BID
2018-12-17 09:48:42,TRV,120.44,2,ASK
2018-12-17 09:48:42,TRV,120.29,2,BID
2018-12-17 09:48:42,TRV,120.44,2,ASK
2018-12-17 09:48:42,TRV,120.29,2,BID
2018-12-17 09:48:42,TRV,120.44,2,ASK
2018-12-17 09:48:42,TRV,120.29,2,BID
2018-12-17 09:48:42,TRV,120.44,2,ASK
2018-12-17 09:48:42,TRV,120.29,2,BID
2018-12-17 09:48:42,TRV,120.44,2,ASK
2018-12-17 09:48:42,TRV,120.29,2,BID
2018-12-17 09:48:42,TRV,120.44,2,ASK
2018-12-17 09:48:42,TRV,120.29,2,BID
2018-12-17 09:48:42,TRV,120.44,2,ASK
2018-12-17 09:48:42,TRV,120.29,2,BID
2018-12-17 09:48:50,TRV,120.44,2,ASK
2018-12-17 09:48:50,TRV,120.29,2,BID
2018-12-17 09:48:50,TRV,120.44,2,ASK
2018-12-17 09:48:50,TRV,120.29,2,BID
2018-12-17 09:48:50,TRV,120.44,2,ASK
2018-12-17 09:48:50,TRV,120.29,2,BID
2018-12-17 09:48:50,TRV,120.44,2,ASK
2018-12-17 09:48:50,TRV,120.29,2,BID
2018-12-17 09:48:50,TRV,120.44,2,ASK
2018-12-17 09:48:50,TRV,120.29,2,BID
2018-12-17 09:48:50,TRV,120.44,2,ASK
2018-12-17 09:48:56,TRV,120.29,2,BID
2018-12-17 09:48:56,TRV,120.43,1,ASK
2018-12-17 09:48:56,TRV,120.29,2,BID
2018-12-17 09:48:56,TRV,120.43,1,ASK
2018-12-17 09:48:58,TRV,120.13,7,BID
2018-12-17 09:48:58,TRV,120.3,1,ASK
2018-12-17 09:48:59,TRV,120.13,8,BID
2018-12-17 09:48:59,TRV,120.3,2,ASK
2018-12-17 09:49:00,TRV,120.13,8,BID
2018-12-17 09:49:00,TRV,120.28,1,ASK
2018-12-17 09:49:00,TRV,120.13,8,BID
2018-12-17 09:49:00,TRV,120.28,2,ASK
2018-12-17 09:49:00,TRV,120.13,8,BID
2018-12-17 09:49:00,TRV,120.28,2,ASK
2018-12-17 09:49:00,TRV,120.13,8,BID
2018-12-17 09:49:00,TRV,120.28,2,ASK
2018-12-17 09:49:02,TRV,120.12,4,BID
2018-12-17 09:49:02,TRV,120.28,4,ASK
2018-12-17 09:49:02,TRV,120.12,4,BID
2018-12-17 09:49:02,TRV,120.28,4,ASK
2018-12-17 09:49:04,TRV,120.16,1,BID
2018-12-17 09:49:04,TRV,120.31,1,ASK
2018-12-17 09:49:05,TRV,120.18,1,BID
2018-12-17 09:49:05,TRV,120.31,1,ASK
2018-12-17 09:49:05,TRV,120.16,1,BID
2018-12-17 09:49:05,TRV,120.31,1,ASK
2018-12-17 09:49:06,TRV,120.17,1,BID
2018-12-17 09:49:06,TRV,120.31,1,ASK
2018-12-17 09:49:06,TRV,120.17,1,BID
2018-12-17 09:49:06,TRV,120.31,1,ASK
2018-12-17 09:49:08,TRV,120.17,2,BID
2018-12-17 09:49:08,TRV,120.31,1,ASK
2018-12-17 09:49:09,TRV,120.12,5,BID
2018-12-17 09:49:09,TRV,120.3,2,ASK
2018-12-17 09:49:10,TRV,120.12,5,BID
2018-12-17 09:49:10,TRV,120.3,4,ASK
2018-12-17 09:49:10,TRV,120.12,5,BID
2018-12-17 09:49:10,TRV,120.3,4,ASK
2018-12-17 09:49:10,TRV,120.12,5,BID
2018-12-17 09:49:10,TRV,120.3,4,ASK
2018-12-17 09:49:10,TRV,120.12,5,BID
2018-12-17 09:49:10,TRV,120.3,4,ASK
2018-12-17 09:49:15,TRV,120.1,1,BID
2018-12-17 09:49:15,TRV,120.3,4,ASK
2018-12-17 09:49:15,TRV,120.1,1,BID
2018-12-17 09:49:15,TRV,120.3,4,ASK
2018-12-17 09:49:19,TRV,120.1,1,BID
2018-12-17 09:49:19,TRV,120.3,4,ASK
2018-12-17 09:49:19,TRV,120.07,1,BID
2018-12-17 09:49:19,TRV,120.3,4,ASK
2018-12-17 09:49:20,TRV,120.07,1,BID
2018-12-17 09:49:20,TRV,120.29,2,ASK
2018-12-17 09:49:20,TRV,120.07,1,BID
2018-12-17 09:49:20,TRV,120.29,2,ASK
2018-12-17 09:49:20,TRV,120.07,1,BID
2018-12-17 09:49:20,TRV,120.29,2,ASK
2018-12-17 09:49:20,TRV,120.07,1,BID
2018-12-17 09:49:20,TRV,120.29,2,ASK
2018-12-17 09:49:22,TRV,120.07,2,BID
2018-12-17 09:49:22,TRV,120.29,3,ASK
2018-12-17 09:49:22,TRV,120.07,2,BID
2018-12-17 09:49:22,TRV,120.29,3,ASK
2018-12-17 09:49:24,TRV,120.04,3,BID
2018-12-17 09:49:24,TRV,120.28,3,ASK
2018-12-17 09:49:24,TRV,120.05,1,BID
2018-12-17 09:49:24,TRV,120.28,3,ASK
2018-12-17 09:49:25,TRV,120.05,1,BID
2018-12-17 09:49:25,TRV,120.28,4,ASK
2018-12-17 09:49:26,TRV,120.05,1,BID
2018-12-17 09:49:26,TRV,120.27,1,ASK
2018-12-17 09:49:26,TRV,120.07,1,BID
2018-12-17 09:49:26,TRV,120.26,2,ASK
2018-12-17 09:49:26,TRV,120.07,1,BID
2018-12-17 09:49:26,TRV,120.26,2,ASK
2018-12-17 09:49:27,TRV,120.04,4,BID
2018-12-17 09:49:27,TRV,120.21,1,ASK
2018-12-17 09:49:28,TRV,120.05,2,BID
2018-12-17 09:49:28,TRV,120.21,1,ASK
2018-12-17 09:49:28,TRV,119.95,5,BID
2018-12-17 09:49:28,TRV,120.21,3,ASK
2018-12-17 09:49:28,TRV,119.95,5,BID
2018-12-17 09:49:28,TRV,120.21,3,ASK
2018-12-17 09:49:29,TRV,119.95,6,BID
2018-12-17 09:49:29,TRV,120.13,1,ASK
2018-12-17 09:49:30,TRV,119.95,6,BID
2018-12-17 09:49:30,TRV,120.13,1,ASK
2018-12-17 09:49:30,TRV,119.95,6,BID
2018-12-17 09:49:30,TRV,120.13,1,ASK
2018-12-17 09:49:30,TRV,119.95,6,BID
2018-12-17 09:49:32,TRV,120.13,1,ASK
2018-12-17 09:49:34,TRV,120.03,1,BID
2018-12-17 09:49:28,TRV,120.21,3,ASK
2018-12-17 09:49:35,TRV,120.03,1,BID
2018-12-17 09:49:28,TRV,120.21,4,ASK
2018-12-17 09:49:35,TRV,120.03,1,BID
2018-12-17 09:49:28,TRV,120.21,4,ASK
2018-12-17 09:49:35,TRV,120.03,1,BID
2018-12-17 09:49:28,TRV,120.21,4,ASK
2018-12-17 09:49:35,TRV,120.03,1,BID
2018-12-17 09:49:28,TRV,120.21,4,ASK
2018-12-17 09:49:35,TRV,120.03,1,BID
2018-12-17 09:49:28,TRV,120.21,4,ASK
2018-12-17 09:49:42,TRV,120.04,1,BID
2018-12-17 09:49:28,TRV,120.21,4,ASK
2018-12-17 09:49:45,TRV,120.04,1,BID
2018-12-17 09:49:28,TRV,120.21,3,ASK
2018-12-17 09:49:45,TRV,120.04,1,BID
2018-12-17 09:49:28,TRV,120.21,3,ASK
2018-12-17 09:49:48,TRV,120.11,1,BID
2018-12-17 09:49:48,TRV,120.27,1,ASK
2018-12-17 09:49:50,TRV,120.11,1,BID
2018-12-17 09:49:26,TRV,120.28,6,ASK
2018-12-17 09:49:51,TRV,120.12,1,BID
2018-12-17 09:49:51,TRV,120.26,1,ASK
2018-12-17 09:49:51,TRV,120.12,1,BID
2018-12-17 09:49:51,TRV,120.26,1,ASK
2018-12-17 09:49:51,TRV,120.12,1,BID
2018-12-17 09:49:51,TRV,120.26,1,ASK
2018-12-17 09:49:51,TRV,120.12,1,BID
2018-12-17 09:49:51,TRV,120.26,1,ASK
2018-12-17 09:49:51,TRV,120.12,1,BID
2018-12-17 09:49:51,TRV,120.26,1,ASK
2018-12-17 09:49:51,TRV,120.12,1,BID
2018-12-17 09:49:51,TRV,120.26,1,ASK
2018-12-17 09:49:57,TRV,120.12,1,BID
2018-12-17 09:49:57,TRV,120.26,2,ASK
2018-12-17 09:49:58,TRV,120.12,1,BID
2018-12-17 09:49:58,TRV,120.26,1,ASK
2018-12-17 09:50:00,TRV,120.12,1,BID
2018-12-17 09:50:00,TRV,120.26,1,ASK
2018-12-17 09:50:00,TRV,120.12,1,BID
2018-12-17 09:50:00,TRV,120.24,1,ASK
2018-12-17 09:50:02,TRV,120.03,1,BID
2018-12-17 09:50:01,TRV,120.24,2,ASK
2018-12-17 09:50:02,TRV,120.03,1,BID
2018-12-17 09:50:01,TRV,120.24,2,ASK
2018-12-17 09:50:04,TRV,120.03,1,BID
2018-12-17 09:50:01,TRV,120.24,2,ASK
2018-12-17 09:50:04,TRV,120.03,2,BID
2018-12-17 09:50:01,TRV,120.24,2,ASK
2018-12-17 09:50:04,TRV,120.03,2,BID
2018-12-17 09:50:06,TRV,120.24,1,ASK
2018-12-17 09:50:04,TRV,120.03,2,BID
2018-12-17 09:50:07,TRV,120.24,1,ASK
2018-12-17 09:50:04,TRV,120.03,2,BID
2018-12-17 09:50:07,TRV,120.24,1,ASK
2018-12-17 09:50:04,TRV,120.03,2,BID
2018-12-17 09:50:07,TRV,120.24,1,ASK
2018-12-17 09:50:10,TRV,120.04,4,BID
2018-12-17 09:50:10,TRV,120.24,1,ASK
2018-12-17 09:50:11,TRV,120.06,1,BID
2018-12-17 09:50:11,TRV,120.27,1,ASK
2018-12-17 09:50:11,TRV,120.07,1,BID
2018-12-17 09:50:11,TRV,120.27,1,ASK
2018-12-17 09:50:11,TRV,120.07,1,BID
2018-12-17 09:50:11,TRV,120.27,1,ASK
2018-12-17 09:50:14,TRV,120.12,2,BID
2018-12-17 09:50:14,TRV,120.31,2,ASK
2018-12-17 09:50:15,TRV,120.13,1,BID
2018-12-17 09:50:15,TRV,120.31,2,ASK
2018-12-17 09:50:15,TRV,120.13,1,BID
2018-12-17 09:50:15,TRV,120.31,2,ASK
2018-12-17 09:50:15,TRV,120.13,1,BID
2018-12-17 09:50:15,TRV,120.31,2,ASK
2018-12-17 09:50:15,TRV,120.13,1,BID
2018-12-17 09:50:15,TRV,120.31,2,ASK
2018-12-17 09:50:15,TRV,120.13,1,BID
2018-12-17 09:50:15,TRV,120.31,2,ASK
2018-12-17 09:50:19,TRV,120.13,2,BID
2018-12-17 09:50:19,TRV,120.31,2,ASK
2018-12-17 09:50:19,TRV,120.13,2,BID
2018-12-17 09:50:19,TRV,120.31,2,ASK
2018-12-17 09:50:22,TRV,120.13,1,BID
2018-12-17 09:50:22,TRV,120.31,2,ASK
2018-12-17 09:50:23,TRV,120.13,1,BID
2018-12-17 09:50:23,TRV,120.31,3,ASK
2018-12-17 09:50:14,TRV,120.12,3,BID
2018-12-17 09:50:23,TRV,120.31,3,ASK
2018-12-17 09:50:14,TRV,120.12,3,BID
2018-12-17 09:50:23,TRV,120.31,3,ASK
2018-12-17 09:50:14,TRV,120.12,3,BID
2018-12-17 09:50:23,TRV,120.31,3,ASK
2018-12-17 09:50:14,TRV,120.12,3,BID
2018-12-17 09:50:23,TRV,120.31,3,ASK
2018-12-17 09:50:28,TRV,120.12,3,BID
2018-12-17 09:50:28,TRV,120.31,3,ASK
2018-12-17 09:50:28,TRV,120.12,3,BID
2018-12-17 09:50:28,TRV,120.31,3,ASK
2018-12-17 09:50:30,TRV,120.12,3,BID
2018-12-17 09:50:30,TRV,120.31,3,ASK
2018-12-17 09:50:31,TRV,120.12,4,BID
2018-12-17 09:50:31,TRV,120.31,3,ASK
2018-12-17 09:50:32,TRV,120.12,4,BID
2018-12-17 09:50:32,TRV,120.31,3,ASK
2018-12-17 09:50:33,TRV,120.14,2,BID
2018-12-17 09:50:33,TRV,120.32,1,ASK
2018-12-17 09:50:33,TRV,120.14,2,BID
2018-12-17 09:50:34,TRV,120.31,1,ASK
2018-12-17 09:50:34,TRV,120.21,1,BID
2018-12-17 09:50:34,TRV,120.32,1,ASK
2018-12-17 09:50:34,TRV,120.21,1,BID
2018-12-17 09:50:34,TRV,120.32,1,ASK
2018-12-17 09:50:34,TRV,120.21,1,BID
2018-12-17 09:50:34,TRV,120.32,1,ASK
2018-12-17 09:50:38,TRV,120.21,2,BID
2018-12-17 09:50:38,TRV,120.36,1,ASK
2018-12-17 09:50:39,TRV,120.22,1,BID
2018-12-17 09:50:39,TRV,120.32,1,ASK
2018-12-17 09:50:39,TRV,120.22,1,BID
2018-12-17 09:50:39,TRV,120.32,1,ASK
2018-12-17 09:50:41,TRV,120.22,1,BID
2018-12-17 09:50:41,TRV,120.32,1,ASK
2018-12-17 09:50:42,TRV,120.22,1,BID
2018-12-17 09:50:42,TRV,120.28,3,ASK
2018-12-17 09:50:33,TRV,120.12,5,BID
2018-12-17 09:50:43,TRV,120.26,1,ASK
2018-12-17 09:50:33,TRV,120.12,5,BID
2018-12-17 09:50:43,TRV,120.27,1,ASK
2018-12-17 09:50:45,TRV,120.18,1,BID
2018-12-17 09:50:45,TRV,120.27,1,ASK
2018-12-17 09:50:46,TRV,120.18,2,BID
2018-12-17 09:50:46,TRV,120.28,3,ASK
2018-12-17 09:50:46,TRV,120.18,2,BID
2018-12-17 09:50:46,TRV,120.28,3,ASK
2018-12-17 09:50:47,TRV,120.18,3,BID
2018-12-17 09:50:47,TRV,120.27,1,ASK
2018-12-17 09:50:47,TRV,120.18,3,BID
2018-12-17 09:50:47,TRV,120.27,1,ASK
2018-12-17 09:50:47,TRV,120.18,3,BID
2018-12-17 09:50:47,TRV,120.27,1,ASK
2018-12-17 09:50:50,TRV,120.2,2,BID
2018-12-17 09:50:50,TRV,120.28,4,ASK
2018-12-17 09:50:50,TRV,120.2,2,BID
2018-12-17 09:50:50,TRV,120.28,4,ASK
2018-12-17 09:50:50,TRV,120.2,2,BID
2018-12-17 09:50:50,TRV,120.28,4,ASK
2018-12-17 09:50:54,TRV,120.2,1,BID
2018-12-17 09:50:54,TRV,120.33,1,ASK
2018-12-17 09:50:55,TRV,120.18,2,BID
2018-12-17 09:50:55,TRV,120.32,1,ASK
2018-12-17 09:50:55,TRV,120.18,2,BID
2018-12-17 09:50:55,TRV,120.32,1,ASK
2018-12-17 09:50:56,TRV,120.18,2,BID
2018-12-17 09:50:56,TRV,120.32,1,ASK
2018-12-17 09:50:57,TRV,120.18,2,BID
2018-12-17 09:50:57,TRV,120.33,1,ASK
2018-12-17 09:50:58,TRV,120.18,3,BID
2018-12-17 09:50:58,TRV,120.33,1,ASK
2018-12-17 09:51:00,TRV,120.2,1,BID
2018-12-17 09:51:00,TRV,120.34,1,ASK
2018-12-17 09:51:01,TRV,120.2,2,BID
2018-12-17 09:51:01,TRV,120.32,1,ASK
2018-12-17 09:51:01,TRV,120.2,3,BID
2018-12-17 09:51:02,TRV,120.32,1,ASK
2018-12-17 09:51:03,TRV,120.18,2,BID
2018-12-17 09:51:03,TRV,120.32,1,ASK
2018-12-17 09:51:04,TRV,120.18,2,BID
2018-12-17 09:51:04,TRV,120.32,1,ASK
2018-12-17 09:51:04,TRV,120.18,2,BID
2018-12-17 09:51:04,TRV,120.32,1,ASK
2018-12-17 09:51:04,TRV,120.18,2,BID
2018-12-17 09:51:04,TRV,120.32,1,ASK
2018-12-17 09:51:06,TRV,120.18,2,BID
2018-12-17 09:51:06,TRV,120.32,2,ASK
2018-12-17 09:50:10,TRV,120.04,6,BID
2018-12-17 09:51:08,TRV,120.18,1,ASK
2018-12-17 09:50:10,TRV,120.04,6,BID
2018-12-17 09:51:09,TRV,120.18,1,ASK
2018-12-17 09:51:09,TRV,120.03,2,BID
2018-12-17 09:51:09,TRV,120.18,1,ASK
2018-12-17 09:51:11,TRV,120.03,2,BID
2018-12-17 09:51:11,TRV,120.26,4,ASK
2018-12-17 09:51:12,TRV,120.04,2,BID
2018-12-17 09:51:12,TRV,120.24,1,ASK
2018-12-17 09:51:13,TRV,120.04,3,BID
2018-12-17 09:51:13,TRV,120.24,2,ASK
2018-12-17 09:51:13,TRV,120.04,3,BID
2018-12-17 09:51:13,TRV,120.24,2,ASK
2018-12-17 09:51:13,TRV,120.04,3,BID
2018-12-17 09:51:13,TRV,120.24,2,ASK
2018-12-17 09:51:15,TRV,120.03,2,BID
2018-12-17 09:51:15,TRV,120.2,1,ASK
2018-12-17 09:51:15,TRV,120.03,2,BID
2018-12-17 09:51:15,TRV,120.2,1,ASK
2018-12-17 09:51:16,TRV,120.03,2,BID
2018-12-17 09:51:16,TRV,120.2,3,ASK
2018-12-17 09:51:18,TRV,120.03,2,BID
2018-12-17 09:51:18,TRV,120.2,7,ASK
2018-12-17 09:51:18,TRV,120.03,2,BID
2018-12-17 09:51:18,TRV,120.2,6,ASK
2018-12-17 09:51:19,TRV,120.03,2,BID
2018-12-17 09:51:19,TRV,120.2,7,ASK
2018-12-17 09:51:21,TRV,120.03,2,BID
2018-12-17 09:51:21,TRV,120.2,6,ASK
2018-12-17 09:51:23,TRV,120.03,2,BID
2018-12-17 09:51:23,TRV,120.2,7,ASK
2018-12-17 09:51:23,TRV,120.03,2,BID
2018-12-17 09:51:23,TRV,120.2,7,ASK
2018-12-17 09:51:23,TRV,120.03,2,BID
2018-12-17 09:51:23,TRV,120.2,7,ASK
2018-12-17 09:51:26,TRV,120.03,3,BID
2018-12-17 09:51:26,TRV,120.19,1,ASK
2018-12-17 09:51:27,TRV,120.03,3,BID
2018-12-17 09:51:27,TRV,120.19,1,ASK
2018-12-17 09:51:27,TRV,120.03,3,BID
2018-12-17 09:51:27,TRV,120.19,1,ASK
2018-12-17 09:51:27,TRV,120.03,3,BID
2018-12-17 09:51:27,TRV,120.19,1,ASK
2018-12-17 09:51:30,TRV,120.03,3,BID
2018-12-17 09:51:30,TRV,120.19,1,ASK
2018-12-17 09:51:31,TRV,120.03,2,BID
2018-12-17 09:51:31,TRV,120.19,2,ASK
2018-12-17 09:51:31,TRV,120.03,2,BID
2018-12-17 09:51:31,TRV,120.19,2,ASK
2018-12-17 09:51:31,TRV,120.03,2,BID
2018-12-17 09:51:31,TRV,120.2,3,ASK
2018-12-17 09:51:33,TRV,120.03,3,BID
2018-12-17 09:51:33,TRV,120.2,3,ASK
2018-12-17 09:51:33,TRV,120.03,3,BID
2018-12-17 09:51:33,TRV,120.2,3,ASK
2018-12-17 09:51:36,TRV,120.03,4,BID
2018-12-17 09:51:36,TRV,120.2,3,ASK
2018-12-17 09:51:36,TRV,120.03,5,BID
2018-12-17 09:51:37,TRV,120.18,1,ASK
2018-12-17 09:51:36,TRV,120.03,5,BID
2018-12-17 09:51:37,TRV,120.18,1,ASK
2018-12-17 09:51:36,TRV,120.03,5,BID
2018-12-17 09:51:37,TRV,120.18,1,ASK
2018-12-17 09:51:36,TRV,120.03,5,BID
2018-12-17 09:51:37,TRV,120.18,1,ASK
2018-12-17 09:51:41,TRV,120.03,3,BID
2018-12-17 09:51:41,TRV,120.19,2,ASK
2018-12-17 09:51:42,TRV,120.04,1,BID
2018-12-17 09:51:42,TRV,120.19,2,ASK
2018-12-17 09:51:43,TRV,120.04,1,BID
2018-12-17 09:51:43,TRV,120.18,1,ASK
2018-12-17 09:51:43,TRV,120.04,1,BID
2018-12-17 09:51:43,TRV,120.18,1,ASK
2018-12-17 09:51:45,TRV,120.04,1,BID
2018-12-17 09:51:45,TRV,120.19,2,ASK
2018-12-17 09:51:46,TRV,120.04,2,BID
2018-12-17 09:51:46,TRV,120.19,2,ASK
2018-12-17 09:51:46,TRV,120.04,2,BID
2018-12-17 09:51:46,TRV,120.19,2,ASK
2018-12-17 09:51:48,TRV,120.09,2,BID
2018-12-17 09:51:48,TRV,120.2,2,ASK
2018-12-17 09:51:49,TRV,120.09,2,BID
2018-12-17 09:51:49,TRV,120.19,3,ASK
2018-12-17 09:51:50,TRV,120.09,2,BID
2018-12-17 09:51:50,TRV,120.17,1,ASK
2018-12-17 09:51:51,TRV,120.09,3,BID
2018-12-17 09:51:51,TRV,120.17,3,ASK
2018-12-17 09:51:51,TRV,120.09,3,BID
2018-12-17 09:51:51,TRV,120.17,3,ASK
2018-12-17 09:51:51,TRV,120.09,3,BID
2018-12-17 09:51:51,TRV,120.17,3,ASK
2018-12-17 09:51:54,TRV,120.09,3,BID
2018-12-17 09:51:54,TRV,120.16,1,ASK
2018-12-17 09:51:55,TRV,120.09,1,BID
2018-12-17 09:51:55,TRV,120.13,2,ASK
2018-12-17 09:51:56,TRV,120.09,1,BID
2018-12-17 09:51:56,TRV,120.15,1,ASK
2018-12-17 09:51:57,TRV,120.09,1,BID
2018-12-17 09:51:57,TRV,120.16,2,ASK
2018-12-17 09:51:58,TRV,120.07,1,BID
2018-12-17 09:51:58,TRV,120.16,2,ASK
2018-12-17 09:52:00,TRV,120.07,1,BID
2018-12-17 09:52:00,TRV,120.17,3,ASK
2018-12-17 09:52:00,TRV,120.07,1,BID
2018-12-17 09:52:00,TRV,120.22,2,ASK
2018-12-17 09:52:00,TRV,120.07,1,BID
2018-12-17 09:52:00,TRV,120.21,1,ASK
2018-12-17 09:52:01,TRV,120.07,1,BID
2018-12-17 09:52:01,TRV,120.2,1,ASK
2018-12-17 09:52:03,TRV,120.07,2,BID
2018-12-17 09:52:03,TRV,120.22,1,ASK
2018-12-17 09:52:03,TRV,120.07,2,BID
2018-12-17 09:52:03,TRV,120.22,4,ASK
2018-12-17 09:52:03,TRV,120.07,2,BID
2018-12-17 09:52:03,TRV,120.22,4,ASK
2018-12-17 09:52:03,TRV,120.07,2,BID
2018-12-17 09:52:03,TRV,120.22,4,ASK
2018-12-17 09:52:03,TRV,120.07,2,BID
2018-12-17 09:52:03,TRV,120.22,4,ASK
2018-12-17 09:52:03,TRV,120.07,2,BID
2018-12-17 09:52:03,TRV,120.22,4,ASK
2018-12-17 09:52:03,TRV,120.07,2,BID
2018-12-17 09:52:03,TRV,120.22,4,ASK
2018-12-17 09:52:03,TRV,120.07,2,BID
2018-12-17 09:52:10,TRV,120.2,1,ASK
2018-12-17 09:52:03,TRV,120.07,2,BID
2018-12-17 09:52:10,TRV,120.2,1,ASK
2018-12-17 09:52:03,TRV,120.07,2,BID
2018-12-17 09:52:10,TRV,120.2,1,ASK
2018-12-17 09:52:03,TRV,120.07,2,BID
2018-12-17 09:52:13,TRV,120.2,2,ASK
2018-12-17 09:52:14,TRV,120.09,1,BID
2018-12-17 09:52:14,TRV,120.2,2,ASK
2018-12-17 09:52:16,TRV,119.99,2,BID
2018-12-17 09:52:16,TRV,120.07,1,ASK
2018-12-17 09:52:16,TRV,119.98,2,BID
2018-12-17 09:52:16,TRV,120.16,1,ASK
2018-12-17 09:52:17,TRV,119.95,6,BID
2018-12-17 09:52:17,TRV,120.15,1,ASK
2018-12-17 09:52:18,TRV,119.96,1,BID
2018-12-17 09:52:18,TRV,120.15,1,ASK
2018-12-17 09:52:18,TRV,119.96,1,BID
2018-12-17 09:52:18,TRV,120.12,1,ASK
2018-12-17 09:52:19,TRV,119.96,1,BID
2018-12-17 09:52:19,TRV,120.12,1,ASK
2018-12-17 09:52:21,TRV,119.96,1,BID
2018-12-17 09:52:21,TRV,120.12,1,ASK
2018-12-17 09:52:21,TRV,119.96,1,BID
2018-12-17 09:52:21,TRV,120.12,1,ASK
2018-12-17 09:52:21,TRV,119.96,1,BID
2018-12-17 09:52:21,TRV,120.12,1,ASK
2018-12-17 09:52:21,TRV,119.96,1,BID
2018-12-17 09:52:21,TRV,120.12,1,ASK
2018-12-17 09:52:25,TRV,119.96,1,BID
2018-12-17 09:52:25,TRV,120.12,1,ASK
2018-12-17 09:52:27,TRV,119.96,2,BID
2018-12-17 09:52:27,TRV,120.12,1,ASK
2018-12-17 09:52:27,TRV,119.96,2,BID
2018-12-17 09:52:27,TRV,120.12,5,ASK
2018-12-17 09:52:27,TRV,119.96,2,BID
2018-12-17 09:52:27,TRV,120.12,5,ASK
2018-12-17 09:52:30,TRV,119.96,2,BID
2018-12-17 09:52:30,TRV,120.12,5,ASK
2018-12-17 09:52:30,TRV,119.96,2,BID
2018-12-17 09:52:30,TRV,120.11,1,ASK
2018-12-17 09:52:31,TRV,120.0,1,BID
2018-12-17 09:52:31,TRV,120.11,1,ASK
2018-12-17 09:52:33,TRV,120.02,1,BID
2018-12-17 09:52:33,TRV,120.09,1,ASK
2018-12-17 09:52:33,TRV,120.02,1,BID
2018-12-17 09:52:33,TRV,120.1,1,ASK
2018-12-17 09:52:33,TRV,120.02,1,BID
2018-12-17 09:52:33,TRV,120.1,1,ASK
2018-12-17 09:52:35,TRV,120.03,1,BID
2018-12-17 09:52:35,TRV,120.1,1,ASK
2018-12-17 09:52:36,TRV,120.04,1,BID
2018-12-17 09:52:36,TRV,120.09,1,ASK
2018-12-17 09:52:37,TRV,120.02,2,BID
2018-12-17 09:52:37,TRV,120.09,1,ASK
2018-12-17 09:52:37,TRV,120.02,2,BID
2018-12-17 09:52:37,TRV,120.09,1,ASK
2018-12-17 09:52:39,TRV,119.95,6,BID
2018-12-17 09:52:39,TRV,120.09,3,ASK
2018-12-17 09:52:39,TRV,119.95,6,BID
2018-12-17 09:52:39,TRV,120.09,3,ASK
2018-12-17 09:52:41,TRV,119.95,6,BID
2018-12-17 09:52:41,TRV,120.07,1,ASK
2018-12-17 09:52:42,TRV,119.95,6,BID
2018-12-17 09:52:42,TRV,120.08,1,ASK
2018-12-17 09:52:42,TRV,119.95,6,BID
2018-12-17 09:52:42,TRV,120.08,1,ASK
2018-12-17 09:52:44,TRV,119.95,6,BID
2018-12-17 09:52:44,TRV,120.08,1,ASK
2018-12-17 09:52:44,TRV,119.95,6,BID
2018-12-17 09:52:44,TRV,120.08,1,ASK
2018-12-17 09:52:44,TRV,119.95,6,BID
2018-12-17 09:52:44,TRV,120.08,1,ASK
2018-12-17 09:52:47,TRV,119.95,7,BID
2018-12-17 09:52:47,TRV,120.08,1,ASK
2018-12-17 09:52:48,TRV,120.02,1,BID
2018-12-17 09:52:48,TRV,120.15,1,ASK
2018-12-17 09:52:48,TRV,120.02,1,BID
2018-12-17 09:52:48,TRV,120.15,1,ASK
2018-12-17 09:52:48,TRV,120.02,1,BID
2018-12-17 09:52:48,TRV,120.15,1,ASK
2018-12-17 09:52:48,TRV,120.02,1,BID
2018-12-17 09:52:48,TRV,120.15,1,ASK
2018-12-17 09:52:48,TRV,120.02,1,BID
2018-12-17 09:52:48,TRV,120.15,1,ASK
2018-12-17 09:52:48,TRV,120.02,1,BID
2018-12-17 09:52:48,TRV,120.15,1,ASK
2018-12-17 09:52:48,TRV,120.02,1,BID
2018-12-17 09:52:48,TRV,120.15,1,ASK
2018-12-17 09:52:56,TRV,120.01,1,BID
2018-12-17 09:52:56,TRV,120.13,1,ASK
2018-12-17 09:52:56,TRV,119.95,7,BID
2018-12-17 09:52:56,TRV,120.13,1,ASK
2018-12-17 09:52:57,TRV,119.95,7,BID
2018-12-17 09:52:57,TRV,120.13,1,ASK
2018-12-17 09:52:58,TRV,119.95,7,BID
2018-12-17 09:52:58,TRV,120.13,1,ASK
2018-12-17 09:53:00,TRV,119.95,7,BID
2018-12-17 09:53:00,TRV,120.13,1,ASK
2018-12-17 09:53:00,TRV,119.95,7,BID
2018-12-17 09:53:00,TRV,120.13,1,ASK
2018-12-17 09:53:02,TRV,119.95,7,BID
2018-12-17 09:53:02,TRV,120.12,1,ASK
2018-12-17 09:53:02,TRV,119.95,7,BID
2018-12-17 09:53:02,TRV,120.12,1,ASK
2018-12-17 09:53:02,TRV,119.95,7,BID
2018-12-17 09:53:02,TRV,120.12,1,ASK
2018-12-17 09:53:02,TRV,119.95,7,BID
2018-12-17 09:53:02,TRV,120.12,1,ASK
2018-12-17 09:53:02,TRV,119.95,7,BID
2018-12-17 09:53:02,TRV,120.12,1,ASK
2018-12-17 09:53:02,TRV,119.95,7,BID
2018-12-17 09:53:02,TRV,120.12,1,ASK
2018-12-17 09:53:02,TRV,119.95,7,BID
2018-12-17 09:53:02,TRV,120.12,1,ASK
2018-12-17 09:53:02,TRV,119.95,7,BID
2018-12-17 09:53:02,TRV,120.12,1,ASK
2018-12-17 09:53:02,TRV,119.95,7,BID
2018-12-17 09:53:02,TRV,120.12,1,ASK
2018-12-17 09:53:02,TRV,119.95,7,BID
2018-12-17 09:53:02,TRV,120.12,1,ASK
2018-12-17 09:53:02,TRV,119.95,7,BID
2018-12-17 09:53:02,TRV,120.12,1,ASK
2018-12-17 09:53:02,TRV,119.95,7,BID
2018-12-17 09:53:02,TRV,120.12,1,ASK
2018-12-17 09:53:02,TRV,119.95,7,BID
2018-12-17 09:53:02,TRV,120.12,1,ASK
2018-12-17 09:53:02,TRV,119.95,7,BID
2018-12-17 09:53:02,TRV,120.12,1,ASK
2018-12-17 09:53:02,TRV,119.95,7,BID
2018-12-17 09:53:02,TRV,120.12,1,ASK
2018-12-17 09:53:02,TRV,119.95,7,BID
2018-12-17 09:53:02,TRV,120.12,1,ASK
2018-12-17 09:53:17,TRV,119.95,8,BID
2018-12-17 09:53:17,TRV,120.12,2,ASK
2018-12-17 09:53:17,TRV,120.04,1,BID
2018-12-17 09:53:17,TRV,120.15,1,ASK
2018-12-17 09:53:18,TRV,120.04,2,BID
2018-12-17 09:53:18,TRV,120.15,1,ASK
2018-12-17 09:53:18,TRV,120.04,2,BID
2018-12-17 09:53:18,TRV,120.15,1,ASK
2018-12-17 09:53:18,TRV,120.04,2,BID
2018-12-17 09:53:18,TRV,120.15,1,ASK
2018-12-17 09:53:18,TRV,120.04,2,BID
2018-12-17 09:53:18,TRV,120.15,1,ASK
2018-12-17 09:53:23,TRV,120.04,1,BID
2018-12-17 09:53:23,TRV,120.15,1,ASK
2018-12-17 09:53:25,TRV,120.0,3,BID
2018-12-17 09:53:25,TRV,120.15,1,ASK
2018-12-17 09:53:25,TRV,120.0,3,BID
2018-12-17 09:53:25,TRV,120.15,1,ASK
2018-12-17 09:53:26,TRV,120.0,4,BID
2018-12-17 09:53:26,TRV,120.15,1,ASK
2018-12-17 09:53:26,TRV,120.0,4,BID
2018-12-17 09:53:26,TRV,120.15,1,ASK
2018-12-17 09:53:26,TRV,120.0,4,BID
2018-12-17 09:53:26,TRV,120.15,1,ASK
2018-12-17 09:53:26,TRV,120.0,4,BID
2018-12-17 09:53:26,TRV,120.15,1,ASK
2018-12-17 09:53:30,TRV,120.0,3,BID
2018-12-17 09:53:30,TRV,120.15,1,ASK
2018-12-17 09:53:31,TRV,120.0,3,BID
2018-12-17 09:53:31,TRV,120.15,1,ASK
2018-12-17 09:53:31,TRV,120.0,3,BID
2018-12-17 09:53:31,TRV,120.15,1,ASK
2018-12-17 09:53:31,TRV,120.0,3,BID
2018-12-17 09:53:31,TRV,120.15,1,ASK
2018-12-17 09:53:31,TRV,120.0,3,BID
2018-12-17 09:53:31,TRV,120.15,1,ASK
2018-12-17 09:53:35,TRV,119.88,3,BID
2018-12-17 09:53:35,TRV,119.98,2,ASK
2018-12-17 09:53:35,TRV,119.88,3,BID
2018-12-17 09:53:35,TRV,119.98,2,ASK
2018-12-17 09:53:36,TRV,119.88,4,BID
2018-12-17 09:53:36,TRV,119.98,2,ASK
2018-12-17 09:53:37,TRV,119.88,4,BID
2018-12-17 09:53:37,TRV,119.97,1,ASK
2018-12-17 09:53:39,TRV,119.88,4,BID
2018-12-17 09:53:38,TRV,120.01,2,ASK
2018-12-17 09:53:39,TRV,119.88,4,BID
2018-12-17 09:53:39,TRV,120.01,4,ASK
2018-12-17 09:53:42,TRV,119.88,4,BID
2018-12-17 09:53:42,TRV,120.01,4,ASK
2018-12-17 09:53:42,TRV,119.88,4,BID
2018-12-17 09:53:42,TRV,120.01,4,ASK
2018-12-17 09:53:43,TRV,119.88,4,BID
2018-12-17 09:53:42,TRV,120.01,4,ASK
2018-12-17 09:53:43,TRV,119.88,4,BID
2018-12-17 09:53:42,TRV,120.01,4,ASK
2018-12-17 09:53:43,TRV,119.88,4,BID
2018-12-17 09:53:42,TRV,120.01,4,ASK
2018-12-17 09:53:43,TRV,119.88,4,BID
2018-12-17 09:53:42,TRV,120.01,4,ASK
2018-12-17 09:53:43,TRV,119.88,4,BID
2018-12-17 09:53:42,TRV,120.01,4,ASK
2018-12-17 09:53:49,TRV,119.88,5,BID
2018-12-17 09:53:49,TRV,120.01,4,ASK
2018-12-17 09:53:49,TRV,119.88,5,BID
2018-12-17 09:53:49,TRV,120.01,4,ASK
2018-12-17 09:53:49,TRV,119.88,5,BID
2018-12-17 09:53:49,TRV,120.01,4,ASK
2018-12-17 09:53:52,TRV,119.9,1,BID
2018-12-17 09:53:52,TRV,120.01,3,ASK
2018-12-17 09:53:52,TRV,119.92,1,BID
2018-12-17 09:53:52,TRV,120.04,1,ASK
2018-12-17 09:53:53,TRV,119.92,1,BID
2018-12-17 09:53:53,TRV,120.07,1,ASK
2018-12-17 09:53:53,TRV,119.92,1,BID
2018-12-17 09:53:53,TRV,120.07,1,ASK
2018-12-17 09:53:54,TRV,119.94,1,BID
2018-12-17 09:53:54,TRV,120.11,1,ASK
2018-12-17 09:53:56,TRV,119.94,2,BID
2018-12-17 09:53:56,TRV,120.11,1,ASK
2018-12-17 09:53:56,TRV,119.94,2,BID
2018-12-17 09:53:56,TRV,120.11,1,ASK
2018-12-17 09:53:56,TRV,119.94,2,BID
2018-12-17 09:53:56,TRV,120.11,1,ASK
2018-12-17 09:54:00,TRV,119.94,2,BID
2018-12-17 09:54:00,TRV,120.11,1,ASK
2018-12-17 09:54:00,TRV,119.95,2,BID
2018-12-17 09:54:00,TRV,120.11,1,ASK
2018-12-17 09:54:00,TRV,119.95,2,BID
2018-12-17 09:54:00,TRV,120.11,1,ASK
2018-12-17 09:54:00,TRV,119.95,2,BID
2018-12-17 09:54:00,TRV,120.11,1,ASK
2018-12-17 09:54:00,TRV,119.95,2,BID
2018-12-17 09:54:00,TRV,120.11,1,ASK
2018-12-17 09:54:00,TRV,119.95,2,BID
2018-12-17 09:54:00,TRV,120.11,1,ASK
2018-12-17 09:54:00,TRV,119.95,2,BID
2018-12-17 09:54:00,TRV,120.11,1,ASK
2018-12-17 09:54:00,TRV,119.95,2,BID
2018-12-17 09:54:00,TRV,120.11,1,ASK
2018-12-17 09:54:07,TRV,120.02,1,BID
2018-12-17 09:54:07,TRV,120.14,1,ASK
2018-12-17 09:54:07,TRV,120.02,1,BID
2018-12-17 09:54:07,TRV,120.14,1,ASK
2018-12-17 09:54:08,TRV,120.04,1,BID
2018-12-17 09:54:08,TRV,120.14,1,ASK
2018-12-17 09:54:08,TRV,120.04,1,BID
2018-12-17 09:54:08,TRV,120.14,1,ASK
2018-12-17 09:54:09,TRV,120.04,2,BID
2018-12-17 09:54:09,TRV,120.14,1,ASK
2018-12-17 09:54:11,TRV,120.04,1,BID
2018-12-17 09:54:11,TRV,120.14,1,ASK
2018-12-17 09:54:13,TRV,120.04,4,BID
2018-12-17 09:54:13,TRV,120.15,1,ASK
2018-12-17 09:54:14,TRV,120.04,3,BID
2018-12-17 09:54:14,TRV,120.18,4,ASK
2018-12-17 09:54:15,TRV,120.04,4,BID
2018-12-17 09:54:15,TRV,120.18,4,ASK
2018-12-17 09:54:15,TRV,120.04,4,BID
2018-12-17 09:54:15,TRV,120.18,4,ASK
2018-12-17 09:54:16,TRV,120.04,4,BID
2018-12-17 09:54:16,TRV,120.18,4,ASK
2018-12-17 09:54:17,TRV,120.04,4,BID
2018-12-17 09:54:17,TRV,120.18,4,ASK
2018-12-17 09:54:19,TRV,120.04,4,BID
2018-12-17 09:54:19,TRV,120.18,4,ASK
2018-12-17 09:54:20,TRV,120.04,4,BID
2018-12-17 09:54:20,TRV,120.18,4,ASK
2018-12-17 09:54:22,TRV,120.04,4,BID
2018-12-17 09:54:22,TRV,120.18,6,ASK
2018-12-17 09:54:22,TRV,120.04,4,BID
2018-12-17 09:54:22,TRV,120.18,6,ASK
2018-12-17 09:54:22,TRV,120.04,4,BID
2018-12-17 09:54:22,TRV,120.18,6,ASK
2018-12-17 09:54:22,TRV,120.04,4,BID
2018-12-17 09:54:22,TRV,120.18,6,ASK
2018-12-17 09:54:22,TRV,120.04,4,BID
2018-12-17 09:54:22,TRV,120.18,6,ASK
2018-12-17 09:54:22,TRV,120.04,4,BID
2018-12-17 09:54:22,TRV,120.18,6,ASK
2018-12-17 09:54:22,TRV,120.04,4,BID
2018-12-17 09:54:22,TRV,120.18,6,ASK
2018-12-17 09:54:22,TRV,120.04,4,BID
2018-12-17 09:54:22,TRV,120.18,6,ASK
2018-12-17 09:54:30,TRV,120.04,4,BID
2018-12-17 09:54:30,TRV,120.18,6,ASK
2018-12-17 09:54:30,TRV,120.04,4,BID
2018-12-17 09:54:30,TRV,120.18,6,ASK
2018-12-17 09:54:32,TRV,120.04,6,BID
2018-12-17 09:54:32,TRV,120.18,9,ASK
2018-12-17 09:54:32,TRV,120.04,6,BID
2018-12-17 09:54:32,TRV,120.18,9,ASK
2018-12-17 09:54:32,TRV,120.04,6,BID
2018-12-17 09:54:32,TRV,120.18,9,ASK
2018-12-17 09:54:32,TRV,120.04,6,BID
2018-12-17 09:54:32,TRV,120.18,9,ASK
2018-12-17 09:54:35,TRV,120.04,6,BID
2018-12-17 09:54:32,TRV,120.18,9,ASK
2018-12-17 09:54:37,TRV,120.04,6,BID
2018-12-17 09:54:32,TRV,120.18,9,ASK
2018-12-17 09:54:37,TRV,120.04,6,BID
2018-12-17 09:54:32,TRV,120.18,9,ASK
2018-12-17 09:54:37,TRV,120.04,6,BID
2018-12-17 09:54:32,TRV,120.18,9,ASK
2018-12-17 09:54:37,TRV,120.04,5,BID
2018-12-17 09:54:40,TRV,120.18,8,ASK
2018-12-17 09:54:37,TRV,120.04,5,BID
2018-12-17 09:54:40,TRV,120.18,8,ASK
2018-12-17 09:54:37,TRV,120.04,5,BID
2018-12-17 09:54:40,TRV,120.18,8,ASK
2018-12-17 09:54:37,TRV,120.04,5,BID
2018-12-17 09:54:40,TRV,120.18,8,ASK
2018-12-17 09:54:37,TRV,120.04,5,BID
2018-12-17 09:54:40,TRV,120.18,8,ASK
2018-12-17 09:54:37,TRV,120.04,5,BID
2018-12-17 09:54:40,TRV,120.18,8,ASK
2018-12-17 09:54:37,TRV,120.04,6,BID
2018-12-17 09:54:46,TRV,120.18,8,ASK
2018-12-17 09:54:37,TRV,120.04,6,BID
2018-12-17 09:54:46,TRV,120.18,8,ASK
2018-12-17 09:54:37,TRV,120.04,6,BID
2018-12-17 09:54:46,TRV,120.18,8,ASK
2018-12-17 09:54:37,TRV,120.04,6,BID
2018-12-17 09:54:46,TRV,120.18,8,ASK
2018-12-17 09:54:37,TRV,120.04,6,BID
2018-12-17 09:54:46,TRV,120.18,8,ASK
2018-12-17 09:54:37,TRV,120.04,6,BID
2018-12-17 09:54:46,TRV,120.18,8,ASK
2018-12-17 09:54:37,TRV,120.04,6,BID
2018-12-17 09:54:46,TRV,120.18,8,ASK
2018-12-17 09:54:37,TRV,120.04,6,BID
2018-12-17 09:54:46,TRV,120.18,8,ASK
2018-12-17 09:54:37,TRV,120.04,6,BID
2018-12-17 09:54:46,TRV,120.18,8,ASK
2018-12-17 09:54:37,TRV,120.04,6,BID
2018-12-17 09:54:46,TRV,120.18,8,ASK
2018-12-17 09:54:37,TRV,120.04,6,BID
2018-12-17 09:54:46,TRV,120.18,8,ASK
2018-12-17 09:54:37,TRV,120.04,6,BID
2018-12-17 09:54:46,TRV,120.18,8,ASK
2018-12-17 09:54:37,TRV,120.04,6,BID
2018-12-17 09:54:46,TRV,120.18,8,ASK
2018-12-17 09:54:59,TRV,120.04,5,BID
2018-12-17 09:54:59,TRV,120.18,8,ASK
2018-12-17 09:54:59,TRV,120.04,5,BID
2018-12-17 09:55:00,TRV,120.18,8,ASK
2018-12-17 09:55:00,TRV,120.04,4,BID
2018-12-17 09:55:00,TRV,120.18,8,ASK
2018-12-17 09:55:00,TRV,120.04,4,BID
2018-12-17 09:55:00,TRV,120.18,8,ASK
2018-12-17 09:55:00,TRV,120.04,4,BID
2018-12-17 09:55:00,TRV,120.18,8,ASK
2018-12-17 09:55:00,TRV,120.04,4,BID
2018-12-17 09:55:00,TRV,120.18,8,ASK
2018-12-17 09:55:00,TRV,120.04,4,BID
2018-12-17 09:55:00,TRV,120.18,8,ASK
2018-12-17 09:55:00,TRV,120.04,4,BID
2018-12-17 09:55:00,TRV,120.18,8,ASK
2018-12-17 09:55:00,TRV,120.04,4,BID
2018-12-17 09:55:00,TRV,120.18,8,ASK
2018-12-17 09:55:00,TRV,120.04,4,BID
2018-12-17 09:55:00,TRV,120.18,8,ASK
2018-12-17 09:55:00,TRV,120.04,4,BID
2018-12-17 09:55:00,TRV,120.18,8,ASK
2018-12-17 09:55:05,TRV,120.04,5,BID
2018-12-17 09:55:05,TRV,120.18,8,ASK
2018-12-17 09:55:05,TRV,120.04,5,BID
2018-12-17 09:55:05,TRV,120.18,8,ASK
2018-12-17 09:55:11,TRV,120.04,6,BID
2018-12-17 09:55:10,TRV,120.18,8,ASK
2018-12-17 09:55:11,TRV,120.04,6,BID
2018-12-17 09:55:10,TRV,120.18,8,ASK
2018-12-17 09:55:00,TRV,120.04,6,BID
2018-12-17 09:55:10,TRV,120.18,8,ASK
2018-12-17 09:55:15,TRV,120.19,1,BID
2018-12-17 09:55:15,TRV,120.28,1,ASK
2018-12-17 09:55:16,TRV,120.19,2,BID
2018-12-17 09:55:16,TRV,120.28,1,ASK
2018-12-17 09:55:17,TRV,120.19,2,BID
2018-12-17 09:55:17,TRV,120.29,1,ASK
2018-12-17 09:55:18,TRV,120.19,3,BID
2018-12-17 09:55:18,TRV,120.29,1,ASK
2018-12-17 09:55:19,TRV,120.2,3,BID
2018-12-17 09:55:19,TRV,120.37,1,ASK
2018-12-17 09:55:20,TRV,120.21,1,BID
2018-12-17 09:55:20,TRV,120.37,4,ASK
2018-12-17 09:55:21,TRV,120.21,2,BID
2018-12-17 09:55:21,TRV,120.37,4,ASK
2018-12-17 09:55:22,TRV,120.21,3,BID
2018-12-17 09:55:22,TRV,120.37,4,ASK
2018-12-17 09:55:24,TRV,120.21,3,BID
2018-12-17 09:55:24,TRV,120.37,4,ASK
2018-12-17 09:55:24,TRV,120.21,3,BID
2018-12-17 09:55:24,TRV,120.37,5,ASK
2018-12-17 09:55:24,TRV,120.21,3,BID
2018-12-17 09:55:24,TRV,120.37,5,ASK
2018-12-17 09:55:24,TRV,120.21,3,BID
2018-12-17 09:55:24,TRV,120.37,5,ASK
2018-12-17 09:55:24,TRV,120.21,3,BID
2018-12-17 09:55:27,TRV,120.37,5,ASK
2018-12-17 09:55:24,TRV,120.21,3,BID
2018-12-17 09:55:27,TRV,120.37,5,ASK
2018-12-17 09:55:30,TRV,120.21,3,BID
2018-12-17 09:55:30,TRV,120.37,5,ASK
2018-12-17 09:55:30,TRV,120.21,3,BID
2018-12-17 09:55:30,TRV,120.37,5,ASK
2018-12-17 09:55:30,TRV,120.21,3,BID
2018-12-17 09:55:30,TRV,120.37,5,ASK
2018-12-17 09:55:30,TRV,120.21,3,BID
2018-12-17 09:55:32,TRV,120.37,5,ASK
2018-12-17 09:55:33,TRV,120.21,3,BID
2018-12-17 09:55:33,TRV,120.37,5,ASK
2018-12-17 09:55:33,TRV,120.21,3,BID
2018-12-17 09:55:33,TRV,120.37,5,ASK
2018-12-17 09:55:33,TRV,120.21,3,BID
2018-12-17 09:55:33,TRV,120.37,5,ASK
2018-12-17 09:55:33,TRV,120.21,3,BID
2018-12-17 09:55:33,TRV,120.37,5,ASK
2018-12-17 09:55:33,TRV,120.21,3,BID
2018-12-17 09:55:33,TRV,120.37,5,ASK
2018-12-17 09:55:33,TRV,120.21,3,BID
2018-12-17 09:55:33,TRV,120.37,5,ASK
2018-12-17 09:55:33,TRV,120.21,3,BID
2018-12-17 09:55:33,TRV,120.37,5,ASK
2018-12-17 09:55:33,TRV,120.21,3,BID
2018-12-17 09:55:33,TRV,120.37,5,ASK
2018-12-17 09:55:33,TRV,120.21,3,BID
2018-12-17 09:55:33,TRV,120.37,5,ASK
2018-12-17 09:55:33,TRV,120.21,3,BID
2018-12-17 09:55:33,TRV,120.37,5,ASK
2018-12-17 09:55:33,TRV,120.21,3,BID
2018-12-17 09:55:33,TRV,120.37,5,ASK
2018-12-17 09:55:33,TRV,120.21,3,BID
2018-12-17 09:55:33,TRV,120.37,5,ASK
2018-12-17 09:55:45,TRV,120.21,3,BID
2018-12-17 09:55:45,TRV,120.36,2,ASK
2018-12-17 09:55:46,TRV,120.22,1,BID
2018-12-17 09:55:45,TRV,120.36,2,ASK
2018-12-17 09:55:48,TRV,120.23,1,BID
2018-12-17 09:55:48,TRV,120.35,1,ASK
2018-12-17 09:55:48,TRV,120.23,1,BID
2018-12-17 09:55:48,TRV,120.36,5,ASK
2018-12-17 09:55:48,TRV,120.23,1,BID
2018-12-17 09:55:48,TRV,120.36,5,ASK
2018-12-17 09:55:48,TRV,120.23,1,BID
2018-12-17 09:55:48,TRV,120.36,5,ASK
2018-12-17 09:55:48,TRV,120.23,1,BID
2018-12-17 09:55:48,TRV,120.36,5,ASK
2018-12-17 09:55:48,TRV,120.23,1,BID
2018-12-17 09:55:48,TRV,120.36,5,ASK
2018-12-17 09:55:48,TRV,120.23,1,BID
2018-12-17 09:55:48,TRV,120.36,5,ASK
2018-12-17 09:55:48,TRV,120.23,1,BID
2018-12-17 09:55:48,TRV,120.36,5,ASK
2018-12-17 09:55:48,TRV,120.23,1,BID
2018-12-17 09:55:48,TRV,120.36,5,ASK
2018-12-17 09:55:56,TRV,120.22,1,BID
2018-12-17 09:55:56,TRV,120.35,1,ASK
2018-12-17 09:55:56,TRV,120.22,1,BID
2018-12-17 09:55:56,TRV,120.35,1,ASK
2018-12-17 09:55:58,TRV,120.2,1,BID
2018-12-17 09:55:58,TRV,120.35,1,ASK
2018-12-17 09:56:00,TRV,120.22,1,BID
2018-12-17 09:56:00,TRV,120.34,1,ASK
2018-12-17 09:56:01,TRV,120.23,1,BID
2018-12-17 09:56:01,TRV,120.34,1,ASK
2018-12-17 09:56:02,TRV,120.22,3,BID
2018-12-17 09:56:02,TRV,120.34,2,ASK
2018-12-17 09:56:02,TRV,120.22,3,BID
2018-12-17 09:56:02,TRV,120.34,6,ASK
2018-12-17 09:56:02,TRV,120.22,3,BID
2018-12-17 09:56:02,TRV,120.34,6,ASK
2018-12-17 09:56:02,TRV,120.22,3,BID
2018-12-17 09:56:02,TRV,120.34,6,ASK
2018-12-17 09:56:02,TRV,120.22,3,BID
2018-12-17 09:56:02,TRV,120.34,6,ASK
2018-12-17 09:56:02,TRV,120.22,3,BID
2018-12-17 09:56:02,TRV,120.34,6,ASK
2018-12-17 09:56:02,TRV,120.22,3,BID
2018-12-17 09:56:02,TRV,120.34,6,ASK
2018-12-17 09:56:02,TRV,120.22,3,BID
2018-12-17 09:56:02,TRV,120.34,6,ASK
2018-12-17 09:56:02,TRV,120.22,3,BID
2018-12-17 09:56:02,TRV,120.34,6,ASK
2018-12-17 09:56:02,TRV,120.22,3,BID
2018-12-17 09:56:02,TRV,120.34,6,ASK
2018-12-17 09:56:11,TRV,120.3,1,BID
2018-12-17 09:56:11,TRV,120.42,1,ASK
2018-12-17 09:56:12,TRV,120.31,1,BID
2018-12-17 09:56:12,TRV,120.42,1,ASK
2018-12-17 09:56:13,TRV,120.31,2,BID
2018-12-17 09:56:13,TRV,120.42,2,ASK
2018-12-17 09:56:13,TRV,120.31,2,BID
2018-12-17 09:56:12,TRV,120.42,2,ASK
2018-12-17 09:56:15,TRV,120.31,2,BID
2018-12-17 09:56:15,TRV,120.41,1,ASK
2018-12-17 09:56:16,TRV,120.31,2,BID
2018-12-17 09:56:16,TRV,120.41,2,ASK
2018-12-17 09:56:16,TRV,120.31,2,BID
2018-12-17 09:56:16,TRV,120.41,2,ASK
2018-12-17 09:56:16,TRV,120.31,2,BID
2018-12-17 09:56:16,TRV,120.41,2,ASK
2018-12-17 09:56:16,TRV,120.31,2,BID
2018-12-17 09:56:16,TRV,120.41,2,ASK
2018-12-17 09:56:16,TRV,120.31,2,BID
2018-12-17 09:56:16,TRV,120.41,2,ASK
2018-12-17 09:56:16,TRV,120.31,2,BID
2018-12-17 09:56:16,TRV,120.41,2,ASK
2018-12-17 09:56:16,TRV,120.31,2,BID
2018-12-17 09:56:16,TRV,120.41,2,ASK
2018-12-17 09:56:16,TRV,120.31,2,BID
2018-12-17 09:56:16,TRV,120.41,2,ASK
2018-12-17 09:56:16,TRV,120.31,2,BID
2018-12-17 09:56:16,TRV,120.41,2,ASK
2018-12-17 09:56:16,TRV,120.31,2,BID
2018-12-17 09:56:16,TRV,120.41,2,ASK
2018-12-17 09:56:16,TRV,120.31,2,BID
2018-12-17 09:56:16,TRV,120.41,2,ASK
2018-12-17 09:56:27,TRV,120.31,3,BID
2018-12-17 09:56:27,TRV,120.41,2,ASK
2018-12-17 09:56:27,TRV,120.31,3,BID
2018-12-17 09:56:28,TRV,120.41,2,ASK
2018-12-17 09:56:27,TRV,120.31,3,BID
2018-12-17 09:56:28,TRV,120.41,2,ASK
2018-12-17 09:56:27,TRV,120.31,3,BID
2018-12-17 09:56:30,TRV,120.41,2,ASK
2018-12-17 09:56:27,TRV,120.31,3,BID
2018-12-17 09:56:30,TRV,120.41,2,ASK
2018-12-17 09:56:27,TRV,120.31,3,BID
2018-12-17 09:56:32,TRV,120.4,1,ASK
2018-12-17 09:56:27,TRV,120.31,3,BID
2018-12-17 09:56:32,TRV,120.4,1,ASK
2018-12-17 09:56:27,TRV,120.31,3,BID
2018-12-17 09:56:32,TRV,120.4,1,ASK
2018-12-17 09:56:36,TRV,120.3,5,BID
2018-12-17 09:56:36,TRV,120.4,1,ASK
2018-12-17 09:56:36,TRV,120.3,5,BID
2018-12-17 09:56:36,TRV,120.4,1,ASK
2018-12-17 09:56:36,TRV,120.3,5,BID
2018-12-17 09:56:36,TRV,120.4,1,ASK
2018-12-17 09:56:38,TRV,120.3,3,BID
2018-12-17 09:56:38,TRV,120.4,3,ASK
2018-12-17 09:56:38,TRV,120.3,3,BID
2018-12-17 09:56:38,TRV,120.4,3,ASK
2018-12-17 09:56:38,TRV,120.3,3,BID
2018-12-17 09:56:41,TRV,120.39,2,ASK
2018-12-17 09:56:42,TRV,120.25,1,BID
2018-12-17 09:56:42,TRV,120.37,1,ASK
2018-12-17 09:56:42,TRV,120.27,1,BID
2018-12-17 09:56:42,TRV,120.39,2,ASK
2018-12-17 09:56:43,TRV,120.27,3,BID
2018-12-17 09:56:43,TRV,120.37,1,ASK
2018-12-17 09:56:43,TRV,120.27,3,BID
2018-12-17 09:56:43,TRV,120.37,1,ASK
2018-12-17 09:56:43,TRV,120.27,3,BID
2018-12-17 09:56:43,TRV,120.37,1,ASK
2018-12-17 09:56:43,TRV,120.27,3,BID
2018-12-17 09:56:43,TRV,120.37,1,ASK
2018-12-17 09:56:43,TRV,120.27,3,BID
2018-12-17 09:56:43,TRV,120.37,1,ASK
2018-12-17 09:56:43,TRV,120.27,3,BID
2018-12-17 09:56:43,TRV,120.37,1,ASK
2018-12-17 09:56:43,TRV,120.27,3,BID
2018-12-17 09:56:43,TRV,120.37,1,ASK
2018-12-17 09:56:43,TRV,120.27,3,BID
2018-12-17 09:56:43,TRV,120.37,1,ASK
2018-12-17 09:56:43,TRV,120.27,3,BID
2018-12-17 09:56:43,TRV,120.37,1,ASK
2018-12-17 09:56:52,TRV,120.27,2,BID
2018-12-17 09:56:52,TRV,120.37,3,ASK
2018-12-17 09:56:52,TRV,120.27,2,BID
2018-12-17 09:56:52,TRV,120.37,3,ASK
2018-12-17 09:56:54,TRV,120.38,1,BID
2018-12-17 09:56:54,TRV,120.48,2,ASK
2018-12-17 09:56:56,TRV,120.38,1,BID
2018-12-17 09:56:56,TRV,120.49,1,ASK
2018-12-17 09:56:56,TRV,120.38,1,BID
2018-12-17 09:56:56,TRV,120.48,1,ASK
2018-12-17 09:56:57,TRV,120.35,1,BID
2018-12-17 09:56:57,TRV,120.48,1,ASK
2018-12-17 09:56:58,TRV,120.35,2,BID
2018-12-17 09:56:58,TRV,120.48,1,ASK
2018-12-17 09:56:58,TRV,120.35,2,BID
2018-12-17 09:56:58,TRV,120.48,1,ASK
2018-12-17 09:57:01,TRV,120.38,1,BID
2018-12-17 09:57:01,TRV,120.48,1,ASK
2018-12-17 09:57:01,TRV,120.38,1,BID
2018-12-17 09:57:01,TRV,120.48,1,ASK
2018-12-17 09:57:01,TRV,120.38,1,BID
2018-12-17 09:57:01,TRV,120.48,1,ASK
2018-12-17 09:57:01,TRV,120.38,1,BID
2018-12-17 09:57:01,TRV,120.48,1,ASK
2018-12-17 09:57:04,TRV,120.3,3,BID
2018-12-17 09:57:04,TRV,120.45,1,ASK
2018-12-17 09:57:05,TRV,120.3,2,BID
2018-12-17 09:57:05,TRV,120.45,3,ASK
2018-12-17 09:57:06,TRV,120.3,3,BID
2018-12-17 09:57:07,TRV,120.42,1,ASK
2018-12-17 09:57:06,TRV,120.3,3,BID
2018-12-17 09:57:07,TRV,120.42,1,ASK
2018-12-17 09:57:06,TRV,120.3,3,BID
2018-12-17 09:57:07,TRV,120.42,1,ASK
2018-12-17 09:57:06,TRV,120.3,3,BID
2018-12-17 09:57:07,TRV,120.42,1,ASK
2018-12-17 09:57:06,TRV,120.3,3,BID
2018-12-17 09:57:10,TRV,120.42,3,ASK
2018-12-17 09:57:06,TRV,120.3,2,BID
2018-12-17 09:57:11,TRV,120.42,2,ASK
2018-12-17 09:57:12,TRV,120.23,3,BID
2018-12-17 09:57:13,TRV,120.4,1,ASK
2018-12-17 09:57:13,TRV,120.23,3,BID
2018-12-17 09:57:13,TRV,120.4,2,ASK
2018-12-17 09:57:14,TRV,120.23,3,BID
2018-12-17 09:57:14,TRV,120.4,3,ASK
2018-12-17 09:57:14,TRV,120.23,3,BID
2018-12-17 09:57:14,TRV,120.4,3,ASK
2018-12-17 09:57:14,TRV,120.23,3,BID
2018-12-17 09:57:14,TRV,120.4,3,ASK
2018-12-17 09:57:14,TRV,120.23,3,BID
2018-12-17 09:57:14,TRV,120.4,3,ASK
2018-12-17 09:57:14,TRV,120.23,3,BID
2018-12-17 09:57:14,TRV,120.4,3,ASK
2018-12-17 09:57:14,TRV,120.23,3,BID
2018-12-17 09:57:14,TRV,120.4,3,ASK
2018-12-17 09:57:21,TRV,120.23,3,BID
2018-12-17 09:57:21,TRV,120.4,3,ASK
2018-12-17 09:57:21,TRV,120.23,3,BID
2018-12-17 09:57:21,TRV,120.4,3,ASK
2018-12-17 09:57:22,TRV,120.23,3,BID
2018-12-17 09:57:21,TRV,120.4,3,ASK
2018-12-17 09:57:24,TRV,120.23,3,BID
2018-12-17 09:57:24,TRV,120.39,1,ASK
2018-12-17 09:57:24,TRV,120.23,3,BID
2018-12-17 09:57:24,TRV,120.39,1,ASK
2018-12-17 09:57:24,TRV,120.23,3,BID
2018-12-17 09:57:24,TRV,120.39,1,ASK
2018-12-17 09:57:27,TRV,120.23,5,BID
2018-12-17 09:57:27,TRV,120.4,3,ASK
2018-12-17 09:57:27,TRV,120.23,5,BID
2018-12-17 09:57:27,TRV,120.4,3,ASK
2018-12-17 09:57:29,TRV,120.35,2,BID
2018-12-17 09:57:29,TRV,120.46,1,ASK
2018-12-17 09:57:30,TRV,120.35,2,BID
2018-12-17 09:57:30,TRV,120.46,1,ASK
2018-12-17 09:57:31,TRV,120.35,1,BID
2018-12-17 09:57:31,TRV,120.46,1,ASK
2018-12-17 09:57:31,TRV,120.35,1,BID
2018-12-17 09:57:31,TRV,120.46,1,ASK
2018-12-17 09:57:31,TRV,120.35,1,BID
2018-12-17 09:57:31,TRV,120.46,1,ASK
2018-12-17 09:57:31,TRV,120.35,1,BID
2018-12-17 09:57:31,TRV,120.46,1,ASK
2018-12-17 09:57:31,TRV,120.35,1,BID
2018-12-17 09:57:31,TRV,120.46,1,ASK
2018-12-17 09:57:31,TRV,120.35,1,BID
2018-12-17 09:57:31,TRV,120.46,1,ASK
2018-12-17 09:57:31,TRV,120.35,1,BID
2018-12-17 09:57:31,TRV,120.46,1,ASK
2018-12-17 09:57:31,TRV,120.35,1,BID
2018-12-17 09:57:31,TRV,120.46,1,ASK
2018-12-17 09:57:31,TRV,120.35,1,BID
2018-12-17 09:57:31,TRV,120.46,1,ASK
2018-12-17 09:57:31,TRV,120.35,1,BID
2018-12-17 09:57:31,TRV,120.46,1,ASK
2018-12-17 09:57:41,TRV,120.35,1,BID
2018-12-17 09:57:41,TRV,120.46,2,ASK
2018-12-17 09:57:41,TRV,120.35,1,BID
2018-12-17 09:57:41,TRV,120.46,2,ASK
2018-12-17 09:57:41,TRV,120.35,1,BID
2018-12-17 09:57:41,TRV,120.46,2,ASK
2018-12-17 09:57:41,TRV,120.35,1,BID
2018-12-17 09:57:41,TRV,120.46,2,ASK
2018-12-17 09:57:41,TRV,120.35,1,BID
2018-12-17 09:57:41,TRV,120.46,2,ASK
2018-12-17 09:57:41,TRV,120.35,1,BID
2018-12-17 09:57:41,TRV,120.46,2,ASK
2018-12-17 09:57:41,TRV,120.35,1,BID
2018-12-17 09:57:41,TRV,120.46,2,ASK
2018-12-17 09:57:41,TRV,120.35,1,BID
2018-12-17 09:57:41,TRV,120.46,2,ASK
2018-12-17 09:57:48,TRV,120.32,2,BID
2018-12-17 09:57:48,TRV,120.46,2,ASK
2018-12-17 09:57:48,TRV,120.32,2,BID
2018-12-17 09:57:48,TRV,120.46,2,ASK
2018-12-17 09:57:48,TRV,120.32,2,BID
2018-12-17 09:57:48,TRV,120.46,2,ASK
2018-12-17 09:57:48,TRV,120.32,2,BID
2018-12-17 09:57:48,TRV,120.46,2,ASK
2018-12-17 09:57:48,TRV,120.32,2,BID
2018-12-17 09:57:48,TRV,120.46,2,ASK
2018-12-17 09:57:48,TRV,120.32,2,BID
2018-12-17 09:57:48,TRV,120.46,2,ASK
2018-12-17 09:57:48,TRV,120.32,2,BID
2018-12-17 09:57:48,TRV,120.46,2,ASK
2018-12-17 09:57:48,TRV,120.32,2,BID
2018-12-17 09:57:48,TRV,120.46,2,ASK
2018-12-17 09:57:48,TRV,120.32,2,BID
2018-12-17 09:57:56,TRV,120.45,1,ASK
2018-12-17 09:57:48,TRV,120.32,2,BID
2018-12-17 09:57:56,TRV,120.45,1,ASK
2018-12-17 09:57:48,TRV,120.32,2,BID
2018-12-17 09:57:56,TRV,120.45,1,ASK
2018-12-17 09:57:48,TRV,120.32,2,BID
2018-12-17 09:58:00,TRV,120.45,1,ASK
2018-12-17 09:57:48,TRV,120.32,2,BID
2018-12-17 09:58:00,TRV,120.45,1,ASK
2018-12-17 09:57:48,TRV,120.32,2,BID
2018-12-17 09:58:00,TRV,120.45,1,ASK
2018-12-17 09:57:48,TRV,120.32,2,BID
2018-12-17 09:58:02,TRV,120.45,2,ASK
2018-12-17 09:57:48,TRV,120.32,2,BID
2018-12-17 09:58:03,TRV,120.44,3,ASK
2018-12-17 09:57:48,TRV,120.32,2,BID
2018-12-17 09:58:03,TRV,120.44,3,ASK
2018-12-17 09:57:48,TRV,120.32,2,BID
2018-12-17 09:58:03,TRV,120.44,3,ASK
2018-12-17 09:57:48,TRV,120.32,2,BID
2018-12-17 09:58:03,TRV,120.44,3,ASK
2018-12-17 09:57:48,TRV,120.32,2,BID
2018-12-17 09:58:03,TRV,120.44,3,ASK
2018-12-17 09:57:48,TRV,120.32,2,BID
2018-12-17 09:58:03,TRV,120.44,3,ASK
2018-12-17 09:57:48,TRV,120.32,2,BID
2018-12-17 09:58:03,TRV,120.44,3,ASK
2018-12-17 09:57:48,TRV,120.32,2,BID
2018-12-17 09:58:03,TRV,120.44,3,ASK
2018-12-17 09:57:48,TRV,120.32,2,BID
2018-12-17 09:58:03,TRV,120.44,3,ASK
2018-12-17 09:57:48,TRV,120.32,2,BID
2018-12-17 09:58:13,TRV,120.44,3,ASK
2018-12-17 09:58:13,TRV,120.32,2,BID
2018-12-17 09:58:13,TRV,120.44,3,ASK
2018-12-17 09:58:13,TRV,120.32,2,BID
2018-12-17 09:58:13,TRV,120.44,3,ASK
2018-12-17 09:58:13,TRV,120.32,2,BID
2018-12-17 09:58:13,TRV,120.44,3,ASK
2018-12-17 09:58:13,TRV,120.32,2,BID
2018-12-17 09:58:13,TRV,120.44,3,ASK
2018-12-17 09:58:13,TRV,120.32,2,BID
2018-12-17 09:58:13,TRV,120.44,3,ASK
2018-12-17 09:58:13,TRV,120.32,2,BID
2018-12-17 09:58:13,TRV,120.44,3,ASK
2018-12-17 09:58:13,TRV,120.32,2,BID
2018-12-17 09:58:13,TRV,120.44,3,ASK
2018-12-17 09:58:21,TRV,120.35,3,BID
2018-12-17 09:58:21,TRV,120.45,1,ASK
2018-12-17 09:58:21,TRV,120.39,1,BID
2018-12-17 09:58:21,TRV,120.51,3,ASK
2018-12-17 09:58:23,TRV,120.39,1,BID
2018-12-17 09:58:23,TRV,120.51,3,ASK
2018-12-17 09:58:23,TRV,120.39,1,BID
2018-12-17 09:58:23,TRV,120.51,3,ASK
2018-12-17 09:58:25,TRV,120.32,2,BID
2018-12-17 09:58:25,TRV,120.49,1,ASK
2018-12-17 09:58:25,TRV,120.32,2,BID
2018-12-17 09:58:25,TRV,120.49,2,ASK
2018-12-17 09:58:25,TRV,120.32,2,BID
2018-12-17 09:58:25,TRV,120.49,2,ASK
2018-12-17 09:58:25,TRV,120.32,2,BID
2018-12-17 09:58:25,TRV,120.49,2,ASK
2018-12-17 09:58:25,TRV,120.32,2,BID
2018-12-17 09:58:25,TRV,120.49,2,ASK
2018-12-17 09:58:30,TRV,120.32,2,BID
2018-12-17 09:58:25,TRV,120.49,2,ASK
2018-12-17 09:58:31,TRV,120.32,2,BID
2018-12-17 09:58:31,TRV,120.49,4,ASK
2018-12-17 09:58:31,TRV,120.32,2,BID
2018-12-17 09:58:31,TRV,120.49,4,ASK
2018-12-17 09:58:31,TRV,120.32,2,BID
2018-12-17 09:58:31,TRV,120.49,4,ASK
2018-12-17 09:58:31,TRV,120.32,2,BID
2018-12-17 09:58:31,TRV,120.49,4,ASK
2018-12-17 09:58:31,TRV,120.32,2,BID
2018-12-17 09:58:31,TRV,120.49,4,ASK
2018-12-17 09:58:31,TRV,120.32,2,BID
2018-12-17 09:58:31,TRV,120.49,4,ASK
2018-12-17 09:58:31,TRV,120.32,2,BID
2018-12-17 09:58:31,TRV,120.49,4,ASK
2018-12-17 09:58:31,TRV,120.32,2,BID
2018-12-17 09:58:31,TRV,120.49,4,ASK
2018-12-17 09:58:39,TRV,120.32,2,BID
2018-12-17 09:58:39,TRV,120.48,3,ASK
2018-12-17 09:58:39,TRV,120.32,2,BID
2018-12-17 09:58:40,TRV,120.48,2,ASK
2018-12-17 09:58:41,TRV,120.34,1,BID
2018-12-17 09:58:41,TRV,120.48,3,ASK
2018-12-17 09:58:42,TRV,120.34,1,BID
2018-12-17 09:58:41,TRV,120.48,3,ASK
2018-12-17 09:58:42,TRV,120.34,1,BID
2018-12-17 09:58:41,TRV,120.48,3,ASK
2018-12-17 09:58:42,TRV,120.34,1,BID
2018-12-17 09:58:41,TRV,120.48,3,ASK
2018-12-17 09:58:45,TRV,120.34,1,BID
2018-12-17 09:58:41,TRV,120.48,4,ASK
2018-12-17 09:58:46,TRV,120.34,1,BID
2018-12-17 09:58:41,TRV,120.48,4,ASK
2018-12-17 09:58:46,TRV,120.34,1,BID
2018-12-17 09:58:41,TRV,120.48,4,ASK
2018-12-17 09:58:46,TRV,120.34,1,BID
2018-12-17 09:58:41,TRV,120.48,4,ASK
2018-12-17 09:58:48,TRV,120.34,1,BID
2018-12-17 09:58:48,TRV,120.48,3,ASK
2018-12-17 09:58:50,TRV,120.34,1,BID
2018-12-17 09:58:48,TRV,120.48,3,ASK
2018-12-17 09:58:50,TRV,120.34,1,BID
2018-12-17 09:58:48,TRV,120.48,3,ASK
2018-12-17 09:58:50,TRV,120.34,1,BID
2018-12-17 09:58:48,TRV,120.48,3,ASK
2018-12-17 09:58:50,TRV,120.34,1,BID
2018-12-17 09:58:48,TRV,120.48,3,ASK
2018-12-17 09:58:54,TRV,120.39,2,BID
2018-12-17 09:46:51,TRV,120.52,2,ASK
2018-12-17 09:58:54,TRV,120.39,2,BID
2018-12-17 09:46:51,TRV,120.52,2,ASK
2018-12-17 09:58:54,TRV,120.39,2,BID
2018-12-17 09:46:51,TRV,120.52,2,ASK
2018-12-17 09:58:57,TRV,120.39,4,BID
2018-12-17 09:46:51,TRV,120.52,2,ASK
2018-12-17 09:58:57,TRV,120.39,4,BID
2018-12-17 09:46:51,TRV,120.52,2,ASK
2018-12-17 09:58:57,TRV,120.39,4,BID
2018-12-17 09:46:51,TRV,120.52,2,ASK
2018-12-17 09:59:00,TRV,120.39,4,BID
2018-12-17 09:46:51,TRV,120.52,2,ASK
2018-12-17 09:59:00,TRV,120.39,4,BID
2018-12-17 09:46:51,TRV,120.52,2,ASK
2018-12-17 09:59:00,TRV,120.39,4,BID
2018-12-17 09:46:51,TRV,120.52,2,ASK
2018-12-17 09:59:00,TRV,120.39,4,BID
2018-12-17 09:46:51,TRV,120.52,2,ASK
2018-12-17 09:59:00,TRV,120.39,4,BID
2018-12-17 09:46:51,TRV,120.52,2,ASK
2018-12-17 09:59:05,TRV,120.39,4,BID
2018-12-17 09:59:05,TRV,120.51,1,ASK
2018-12-17 09:59:05,TRV,120.39,3,BID
2018-12-17 09:59:06,TRV,120.51,2,ASK
2018-12-17 09:59:05,TRV,120.39,3,BID
2018-12-17 09:59:06,TRV,120.51,2,ASK
2018-12-17 09:59:08,TRV,120.39,3,BID
2018-12-17 09:59:08,TRV,120.51,3,ASK
2018-12-17 09:59:09,TRV,120.39,3,BID
2018-12-17 09:59:09,TRV,120.51,1,ASK
2018-12-17 09:59:09,TRV,120.39,3,BID
2018-12-17 09:59:09,TRV,120.51,1,ASK
2018-12-17 09:59:09,TRV,120.39,3,BID
2018-12-17 09:59:09,TRV,120.51,1,ASK
2018-12-17 09:59:09,TRV,120.39,3,BID
2018-12-17 09:59:09,TRV,120.51,1,ASK
2018-12-17 09:59:13,TRV,120.46,1,BID
2018-12-17 09:59:13,TRV,120.59,1,ASK
2018-12-17 09:59:13,TRV,120.46,1,BID
2018-12-17 09:59:13,TRV,120.59,1,ASK
2018-12-17 09:59:15,TRV,120.46,4,BID
2018-12-17 09:59:15,TRV,120.58,1,ASK
2018-12-17 09:59:15,TRV,120.46,4,BID
2018-12-17 09:59:15,TRV,120.58,1,ASK
2018-12-17 09:59:17,TRV,120.46,4,BID
2018-12-17 09:59:17,TRV,120.58,1,ASK
2018-12-17 09:59:17,TRV,120.46,4,BID
2018-12-17 09:59:18,TRV,120.58,2,ASK
2018-12-17 09:59:19,TRV,120.46,2,BID
2018-12-17 09:59:19,TRV,120.58,2,ASK
2018-12-17 09:59:19,TRV,120.46,2,BID
2018-12-17 09:59:19,TRV,120.58,2,ASK
2018-12-17 09:59:21,TRV,120.46,2,BID
2018-12-17 09:59:21,TRV,120.56,1,ASK
2018-12-17 09:59:22,TRV,120.46,2,BID
2018-12-17 09:59:22,TRV,120.57,3,ASK
2018-12-17 09:59:23,TRV,120.46,2,BID
2018-12-17 09:59:23,TRV,120.56,1,ASK
2018-12-17 09:59:24,TRV,120.45,3,BID
2018-12-17 09:59:24,TRV,120.58,4,ASK
2018-12-17 09:59:25,TRV,120.48,1,BID
2018-12-17 09:59:25,TRV,120.58,1,ASK
2018-12-17 09:59:26,TRV,120.48,3,BID
2018-12-17 09:59:26,TRV,120.61,4,ASK
2018-12-17 09:59:26,TRV,120.48,3,BID
2018-12-17 09:59:26,TRV,120.61,4,ASK
2018-12-17 09:59:28,TRV,120.48,3,BID
2018-12-17 09:59:28,TRV,120.6,1,ASK
2018-12-17 09:59:28,TRV,120.48,3,BID
2018-12-17 09:59:29,TRV,120.6,1,ASK
2018-12-17 09:59:28,TRV,120.48,3,BID
2018-12-17 09:59:30,TRV,120.61,4,ASK
2018-12-17 09:59:28,TRV,120.48,3,BID
2018-12-17 09:59:30,TRV,120.61,4,ASK
2018-12-17 09:59:28,TRV,120.48,3,BID
2018-12-17 09:59:30,TRV,120.61,4,ASK
2018-12-17 09:59:28,TRV,120.48,3,BID
2018-12-17 09:59:30,TRV,120.61,4,ASK
2018-12-17 09:59:34,TRV,120.48,5,BID
2018-12-17 09:59:34,TRV,120.6,2,ASK
2018-12-17 09:59:35,TRV,120.48,5,BID
2018-12-17 09:59:35,TRV,120.59,3,ASK
2018-12-17 09:59:36,TRV,120.5,1,BID
2018-12-17 09:59:36,TRV,120.61,3,ASK
2018-12-17 09:59:36,TRV,120.5,1,BID
2018-12-17 09:59:36,TRV,120.67,2,ASK
2018-12-17 09:59:37,TRV,120.5,2,BID
2018-12-17 09:59:37,TRV,120.67,2,ASK
2018-12-17 09:59:38,TRV,120.5,2,BID
2018-12-17 09:59:38,TRV,120.65,1,ASK
2018-12-17 09:59:38,TRV,120.51,3,BID
2018-12-17 09:59:38,TRV,120.66,1,ASK
2018-12-17 09:59:40,TRV,120.56,2,BID
2018-12-17 09:59:40,TRV,120.73,2,ASK
2018-12-17 09:59:40,TRV,120.56,2,BID
2018-12-17 09:59:40,TRV,120.73,2,ASK
2018-12-17 09:59:43,TRV,120.56,3,BID
2018-12-17 09:59:43,TRV,120.73,3,ASK
2018-12-17 09:59:43,TRV,120.56,3,BID
2018-12-17 09:59:44,TRV,120.71,1,ASK
2018-12-17 09:59:43,TRV,120.56,3,BID
2018-12-17 09:59:44,TRV,120.71,1,ASK
2018-12-17 09:59:46,TRV,120.6,1,BID
2018-12-17 09:59:46,TRV,120.71,3,ASK
2018-12-17 09:59:46,TRV,120.6,1,BID
2018-12-17 09:59:46,TRV,120.71,3,ASK
2018-12-17 09:59:46,TRV,120.6,1,BID
2018-12-17 09:59:46,TRV,120.71,3,ASK
2018-12-17 09:59:46,TRV,120.6,1,BID
2018-12-17 09:59:46,TRV,120.71,3,ASK
2018-12-17 09:59:50,TRV,120.6,1,BID
2018-12-17 09:59:50,TRV,120.72,1,ASK
2018-12-17 09:59:51,TRV,120.64,3,BID
2018-12-17 09:59:51,TRV,120.77,3,ASK
2018-12-17 09:59:51,TRV,120.64,3,BID
2018-12-17 09:59:51,TRV,120.77,3,ASK
2018-12-17 09:59:51,TRV,120.64,3,BID
2018-12-17 09:59:51,TRV,120.77,3,ASK
2018-12-17 09:59:53,TRV,120.71,5,BID
2018-12-17 09:59:53,TRV,120.93,1,ASK
2018-12-17 09:59:54,TRV,120.71,4,BID
2018-12-17 09:59:54,TRV,120.91,3,ASK
2018-12-17 09:59:54,TRV,120.71,4,BID
2018-12-17 09:59:54,TRV,120.91,3,ASK
2018-12-17 09:59:54,TRV,120.71,4,BID
2018-12-17 09:59:54,TRV,120.91,3,ASK
2018-12-17 09:59:58,TRV,120.72,5,BID
2018-12-17 09:59:58,TRV,120.89,1,ASK
2018-12-17 09:59:58,TRV,120.72,5,BID
2018-12-17 09:59:58,TRV,120.89,1,ASK
2018-12-17 10:00:00,TRV,120.69,1,BID
2018-12-17 10:00:00,TRV,120.81,1,ASK
2018-12-17 10:00:00,TRV,120.68,2,BID
2018-12-17 10:00:00,TRV,120.81,3,ASK
2018-12-17 10:00:01,TRV,120.61,4,BID
2018-12-17 10:00:01,TRV,120.67,1,ASK
2018-12-17 10:00:01,TRV,120.48,4,BID
2018-12-17 10:00:02,TRV,120.74,4,ASK
2018-12-17 10:00:02,TRV,120.48,4,BID
2018-12-17 10:00:02,TRV,120.74,4,ASK
2018-12-17 10:00:03,TRV,120.49,5,BID
2018-12-17 10:00:03,TRV,120.71,2,ASK
2018-12-17 10:00:04,TRV,120.5,5,BID
2018-12-17 10:00:04,TRV,120.71,3,ASK
2018-12-17 10:00:05,TRV,120.5,5,BID
2018-12-17 10:00:04,TRV,120.71,2,ASK
2018-12-17 10:00:05,TRV,120.5,5,BID
2018-12-17 10:00:04,TRV,120.71,2,ASK
2018-12-17 10:00:05,TRV,120.5,5,BID
2018-12-17 10:00:04,TRV,120.71,2,ASK
2018-12-17 10:00:05,TRV,120.5,5,BID
2018-12-17 10:00:04,TRV,120.71,2,ASK
2018-12-17 10:00:05,TRV,120.5,5,BID
2018-12-17 10:00:04,TRV,120.71,2,ASK
2018-12-17 10:00:09,TRV,120.51,4,BID
2018-12-17 10:00:04,TRV,120.71,2,ASK
2018-12-17 10:00:09,TRV,120.51,5,BID
2018-12-17 10:00:04,TRV,120.71,2,ASK
2018-12-17 10:00:10,TRV,120.71,3,BID
2018-12-17 10:00:10,TRV,120.86,7,ASK
2018-12-17 10:00:12,TRV,120.72,3,BID
2018-12-17 10:00:12,TRV,120.85,1,ASK
2018-12-17 10:00:13,TRV,120.71,1,BID
2018-12-17 10:00:13,TRV,120.85,1,ASK
2018-12-17 10:00:15,TRV,120.7,2,BID
2018-12-17 10:00:15,TRV,120.86,5,ASK
2018-12-17 10:00:15,TRV,120.7,2,BID
2018-12-17 10:00:15,TRV,120.86,5,ASK
2018-12-17 10:00:17,TRV,120.7,2,BID
2018-12-17 10:00:17,TRV,120.86,5,ASK
2018-12-17 10:00:19,TRV,120.7,2,BID
2018-12-17 10:00:17,TRV,120.86,7,ASK
2018-12-17 10:00:22,TRV,120.7,2,BID
2018-12-17 10:00:22,TRV,120.85,1,ASK
2018-12-17 10:00:22,TRV,120.7,2,BID
2018-12-17 10:00:22,TRV,120.85,1,ASK
2018-12-17 10:00:23,TRV,120.58,3,BID
2018-12-17 10:00:23,TRV,120.74,1,ASK
2018-12-17 10:00:23,TRV,120.58,3,BID
2018-12-17 10:00:23,TRV,120.74,1,ASK
2018-12-17 10:00:23,TRV,120.58,3,BID
2018-12-17 10:00:23,TRV,120.74,1,ASK
2018-12-17 10:00:26,TRV,120.58,4,BID
2018-12-17 10:00:26,TRV,120.74,1,ASK
2018-12-17 10:00:26,TRV,120.58,4,BID
2018-12-17 10:00:26,TRV,120.74,1,ASK
2018-12-17 10:00:28,TRV,120.58,8,BID
2018-12-17 10:00:28,TRV,120.74,4,ASK
2018-12-17 10:00:30,TRV,120.58,8,BID
2018-12-17 10:00:30,TRV,120.74,4,ASK
2018-12-17 10:00:30,TRV,120.58,8,BID
2018-12-17 10:00:30,TRV,120.74,4,ASK
2018-12-17 10:00:30,TRV,120.58,8,BID
2018-12-17 10:00:30,TRV,120.74,4,ASK
2018-12-17 10:00:33,TRV,120.58,6,BID
2018-12-17 10:00:33,TRV,120.74,4,ASK
2018-12-17 10:00:33,TRV,120.58,6,BID
2018-12-17 10:00:33,TRV,120.74,4,ASK
2018-12-17 10:00:33,TRV,120.58,6,BID
2018-12-17 10:00:33,TRV,120.74,4,ASK
2018-12-17 10:00:33,TRV,120.58,6,BID
2018-12-17 10:00:33,TRV,120.74,4,ASK
2018-12-17 10:00:33,TRV,120.58,6,BID
2018-12-17 10:00:33,TRV,120.74,4,ASK
2018-12-17 10:00:33,TRV,120.58,6,BID
2018-12-17 10:00:33,TRV,120.74,4,ASK
2018-12-17 10:00:38,TRV,120.57,3,BID
2018-12-17 10:00:38,TRV,120.74,4,ASK
2018-12-17 10:00:38,TRV,120.57,3,BID
2018-12-17 10:00:38,TRV,120.74,4,ASK
2018-12-17 10:00:38,TRV,120.57,3,BID
2018-12-17 10:00:38,TRV,120.74,4,ASK
2018-12-17 10:00:42,TRV,120.57,3,BID
2018-12-17 10:00:42,TRV,120.73,1,ASK
2018-12-17 10:00:42,TRV,120.57,3,BID
2018-12-17 10:00:42,TRV,120.74,4,ASK
2018-12-17 10:00:42,TRV,120.57,3,BID
2018-12-17 10:00:42,TRV,120.74,4,ASK
2018-12-17 10:00:42,TRV,120.57,3,BID
2018-12-17 10:00:42,TRV,120.74,4,ASK
2018-12-17 10:00:42,TRV,120.57,3,BID
2018-12-17 10:00:42,TRV,120.74,4,ASK
2018-12-17 10:00:42,TRV,120.57,3,BID
2018-12-17 10:00:42,TRV,120.74,4,ASK
2018-12-17 10:00:47,TRV,120.58,5,BID
2018-12-17 10:00:47,TRV,120.74,4,ASK
2018-12-17 10:00:47,TRV,120.58,5,BID
2018-12-17 10:00:47,TRV,120.74,4,ASK
2018-12-17 10:00:47,TRV,120.58,5,BID
2018-12-17 10:00:47,TRV,120.74,4,ASK
2018-12-17 10:00:47,TRV,120.58,5,BID
2018-12-17 10:00:47,TRV,120.74,4,ASK
2018-12-17 10:00:47,TRV,120.58,5,BID
2018-12-17 10:00:47,TRV,120.74,4,ASK
2018-12-17 10:00:47,TRV,120.58,5,BID
2018-12-17 10:00:47,TRV,120.74,4,ASK
2018-12-17 10:00:47,TRV,120.58,5,BID
2018-12-17 10:00:47,TRV,120.74,4,ASK
2018-12-17 10:00:47,TRV,120.58,5,BID
2018-12-17 10:00:47,TRV,120.74,4,ASK
2018-12-17 10:00:47,TRV,120.58,5,BID
2018-12-17 10:00:47,TRV,120.74,4,ASK
2018-12-17 10:00:55,TRV,120.6,1,BID
2018-12-17 10:00:55,TRV,120.74,3,ASK
2018-12-17 10:00:55,TRV,120.6,1,BID
2018-12-17 10:00:55,TRV,120.74,3,ASK
2018-12-17 10:00:59,TRV,120.69,1,BID
2018-12-17 10:00:59,TRV,120.85,1,ASK
2018-12-17 10:01:00,TRV,120.69,1,BID
2018-12-17 10:01:00,TRV,120.85,1,ASK
2018-12-17 10:01:01,TRV,120.69,4,BID
2018-12-17 10:01:01,TRV,120.83,1,ASK
2018-12-17 10:01:01,TRV,120.69,4,BID
2018-12-17 10:01:01,TRV,120.83,1,ASK
2018-12-17 10:01:03,TRV,120.69,4,BID
2018-12-17 10:01:03,TRV,120.84,4,ASK
2018-12-17 10:01:03,TRV,120.69,3,BID
2018-12-17 10:01:04,TRV,120.82,1,ASK
2018-12-17 10:01:04,TRV,120.7,1,BID
2018-12-17 10:01:04,TRV,120.82,1,ASK
2018-12-17 10:01:05,TRV,120.7,1,BID
2018-12-17 10:01:05,TRV,120.82,1,ASK
2018-12-17 10:01:05,TRV,120.7,1,BID
2018-12-17 10:01:05,TRV,120.82,1,ASK
2018-12-17 10:01:05,TRV,120.7,1,BID
2018-12-17 10:01:05,TRV,120.82,1,ASK
2018-12-17 10:01:05,TRV,120.7,1,BID
2018-12-17 10:01:05,TRV,120.82,1,ASK
2018-12-17 10:01:10,TRV,120.7,1,BID
2018-12-17 10:01:10,TRV,120.82,2,ASK
2018-12-17 10:01:10,TRV,120.7,1,BID
2018-12-17 10:01:10,TRV,120.82,2,ASK
2018-12-17 10:01:10,TRV,120.7,1,BID
2018-12-17 10:01:10,TRV,120.82,2,ASK
2018-12-17 10:01:10,TRV,120.7,1,BID
2018-12-17 10:01:10,TRV,120.82,2,ASK
2018-12-17 10:01:10,TRV,120.7,1,BID
2018-12-17 10:01:10,TRV,120.82,2,ASK
2018-12-17 10:01:10,TRV,120.7,1,BID
2018-12-17 10:01:10,TRV,120.82,2,ASK
2018-12-17 10:01:10,TRV,120.7,1,BID
2018-12-17 10:01:10,TRV,120.82,2,ASK
2018-12-17 10:01:17,TRV,120.68,4,BID
2018-12-17 10:01:17,TRV,120.82,2,ASK
2018-12-17 10:01:17,TRV,120.68,4,BID
2018-12-17 10:01:17,TRV,120.82,2,ASK
2018-12-17 10:01:18,TRV,120.69,1,BID
2018-12-17 10:01:18,TRV,120.82,2,ASK
2018-12-17 10:01:19,TRV,120.69,1,BID
2018-12-17 10:01:19,TRV,120.82,1,ASK
2018-12-17 10:01:19,TRV,120.69,1,BID
2018-12-17 10:01:19,TRV,120.82,1,ASK
2018-12-17 10:01:19,TRV,120.69,1,BID
2018-12-17 10:01:19,TRV,120.82,1,ASK
2018-12-17 10:01:19,TRV,120.69,1,BID
2018-12-17 10:01:19,TRV,120.82,1,ASK
2018-12-17 10:01:19,TRV,120.69,1,BID
2018-12-17 10:01:19,TRV,120.82,1,ASK
2018-12-17 10:01:25,TRV,120.69,1,BID
2018-12-17 10:01:25,TRV,120.82,4,ASK
2018-12-17 10:01:25,TRV,120.69,1,BID
2018-12-17 10:01:25,TRV,120.82,4,ASK
2018-12-17 10:01:27,TRV,120.69,1,BID
2018-12-17 10:01:27,TRV,120.8,1,ASK
2018-12-17 10:01:28,TRV,120.69,1,BID
2018-12-17 10:01:28,TRV,120.8,1,ASK
2018-12-17 10:01:28,TRV,120.69,1,BID
2018-12-17 10:01:28,TRV,120.8,1,ASK
2018-12-17 10:01:30,TRV,120.69,1,BID
2018-12-17 10:01:30,TRV,120.8,1,ASK
2018-12-17 10:01:30,TRV,120.69,1,BID
2018-12-17 10:01:30,TRV,120.8,1,ASK
2018-12-17 10:01:30,TRV,120.69,1,BID
2018-12-17 10:01:30,TRV,120.8,1,ASK
2018-12-17 10:01:30,TRV,120.69,1,BID
2018-12-17 10:01:30,TRV,120.8,1,ASK
2018-12-17 10:01:34,TRV,120.69,1,BID
2018-12-17 10:01:34,TRV,120.79,1,ASK
2018-12-17 10:01:34,TRV,120.69,1,BID
2018-12-17 10:01:34,TRV,120.8,1,ASK
2018-12-17 10:01:34,TRV,120.69,1,BID
2018-12-17 10:01:34,TRV,120.8,1,ASK
2018-12-17 10:01:34,TRV,120.69,1,BID
2018-12-17 10:01:34,TRV,120.8,1,ASK
2018-12-17 10:01:34,TRV,120.69,1,BID
2018-12-17 10:01:34,TRV,120.8,1,ASK
2018-12-17 10:01:38,TRV,120.69,1,BID
2018-12-17 10:01:38,TRV,120.8,1,ASK
2018-12-17 10:01:39,TRV,120.69,1,BID
2018-12-17 10:01:39,TRV,120.8,4,ASK
2018-12-17 10:01:39,TRV,120.69,1,BID
2018-12-17 10:01:39,TRV,120.8,4,ASK
2018-12-17 10:01:39,TRV,120.69,1,BID
2018-12-17 10:01:39,TRV,120.8,4,ASK
2018-12-17 10:01:42,TRV,120.69,3,BID
2018-12-17 10:01:42,TRV,120.8,4,ASK
2018-12-17 10:01:43,TRV,120.69,3,BID
2018-12-17 10:01:43,TRV,120.8,4,ASK
2018-12-17 10:01:43,TRV,120.69,3,BID
2018-12-17 10:01:45,TRV,120.8,4,ASK
2018-12-17 10:01:43,TRV,120.69,3,BID
2018-12-17 10:01:46,TRV,120.79,1,ASK
2018-12-17 10:01:43,TRV,120.69,3,BID
2018-12-17 10:01:46,TRV,120.79,1,ASK
2018-12-17 10:01:43,TRV,120.69,3,BID
2018-12-17 10:01:46,TRV,120.79,1,ASK
2018-12-17 10:01:48,TRV,120.69,3,BID
2018-12-17 10:01:48,TRV,120.79,1,ASK
2018-12-17 10:01:48,TRV,120.69,3,BID
2018-12-17 10:01:48,TRV,120.79,1,ASK
2018-12-17 10:01:48,TRV,120.69,3,BID
2018-12-17 10:01:51,TRV,120.79,1,ASK
2018-12-17 10:01:51,TRV,120.69,2,BID
2018-12-17 10:01:51,TRV,120.79,1,ASK
2018-12-17 10:01:53,TRV,120.61,3,BID
2018-12-17 10:01:53,TRV,120.77,2,ASK
2018-12-17 10:01:54,TRV,120.62,3,BID
2018-12-17 10:01:54,TRV,120.75,1,ASK
2018-12-17 10:01:55,TRV,120.62,3,BID
2018-12-17 10:01:55,TRV,120.75,4,ASK
2018-12-17 10:01:55,TRV,120.64,1,BID
2018-12-17 10:01:55,TRV,120.75,4,ASK
2018-12-17 10:01:55,TRV,120.64,1,BID
2018-12-17 10:01:55,TRV,120.75,4,ASK
2018-12-17 10:01:55,TRV,120.64,1,BID
2018-12-17 10:01:55,TRV,120.75,4,ASK
2018-12-17 10:01:58,TRV,120.64,1,BID
2018-12-17 10:01:58,TRV,120.75,4,ASK
2018-12-17 10:02:00,TRV,120.64,3,BID
2018-12-17 10:02:00,TRV,120.75,4,ASK
2018-12-17 10:02:00,TRV,120.64,3,BID
2018-12-17 10:02:00,TRV,120.75,4,ASK
2018-12-17 10:02:02,TRV,120.64,2,BID
2018-12-17 10:02:02,TRV,120.74,4,ASK
2018-12-17 10:02:03,TRV,120.63,4,BID
2018-12-17 10:02:03,TRV,120.73,1,ASK
2018-12-17 10:02:03,TRV,120.63,4,BID
2018-12-17 10:02:03,TRV,120.73,1,ASK
2018-12-17 10:02:04,TRV,120.62,5,BID
2018-12-17 10:02:04,TRV,120.73,1,ASK
2018-12-17 10:02:04,TRV,120.62,5,BID
2018-12-17 10:02:04,TRV,120.73,1,ASK
2018-12-17 10:02:07,TRV,120.62,5,BID
2018-12-17 10:02:07,TRV,120.73,4,ASK
2018-12-17 10:02:07,TRV,120.62,5,BID
2018-12-17 10:02:07,TRV,120.73,4,ASK
2018-12-17 10:02:07,TRV,120.62,5,BID
2018-12-17 10:02:07,TRV,120.73,4,ASK
2018-12-17 10:02:07,TRV,120.62,5,BID
2018-12-17 10:02:07,TRV,120.73,4,ASK
2018-12-17 10:02:11,TRV,120.62,5,BID
2018-12-17 10:02:11,TRV,120.73,4,ASK
2018-12-17 10:02:12,TRV,120.62,5,BID
2018-12-17 10:02:12,TRV,120.73,5,ASK
2018-12-17 10:02:12,TRV,120.62,5,BID
2018-12-17 10:02:12,TRV,120.73,5,ASK
2018-12-17 10:02:12,TRV,120.62,5,BID
2018-12-17 10:02:12,TRV,120.73,5,ASK
2018-12-17 10:02:12,TRV,120.62,5,BID
2018-12-17 10:02:12,TRV,120.73,5,ASK
2018-12-17 10:02:16,TRV,120.62,5,BID
2018-12-17 10:02:16,TRV,120.73,5,ASK
2018-12-17 10:02:16,TRV,120.62,5,BID
2018-12-17 10:02:16,TRV,120.73,5,ASK
2018-12-17 10:02:18,TRV,120.54,3,BID
2018-12-17 10:02:18,TRV,120.66,3,ASK
2018-12-17 10:02:18,TRV,120.54,3,BID
2018-12-17 10:02:18,TRV,120.66,3,ASK
2018-12-17 10:02:19,TRV,120.57,1,BID
2018-12-17 10:02:19,TRV,120.66,2,ASK
2018-12-17 10:02:21,TRV,120.57,1,BID
2018-12-17 10:02:21,TRV,120.66,5,ASK
2018-12-17 10:02:21,TRV,120.57,1,BID
2018-12-17 10:02:21,TRV,120.66,5,ASK
2018-12-17 10:02:21,TRV,120.57,1,BID
2018-12-17 10:02:21,TRV,120.66,5,ASK
2018-12-17 10:02:23,TRV,120.57,1,BID
2018-12-17 10:02:23,TRV,120.66,5,ASK
2018-12-17 10:02:24,TRV,120.57,1,BID
2018-12-17 10:02:24,TRV,120.65,1,ASK
2018-12-17 10:02:24,TRV,120.57,1,BID
2018-12-17 10:02:24,TRV,120.65,1,ASK
2018-12-17 10:02:27,TRV,120.57,1,BID
2018-12-17 10:02:27,TRV,120.65,2,ASK
2018-12-17 10:02:27,TRV,120.57,1,BID
2018-12-17 10:02:27,TRV,120.65,2,ASK
2018-12-17 10:02:29,TRV,120.5,7,BID
2018-12-17 10:02:29,TRV,120.59,1,ASK
2018-12-17 10:02:29,TRV,120.5,7,BID
2018-12-17 10:02:30,TRV,120.59,2,ASK
2018-12-17 10:02:31,TRV,120.47,1,BID
2018-12-17 10:02:31,TRV,120.57,2,ASK
2018-12-17 10:02:31,TRV,120.47,1,BID
2018-12-17 10:02:31,TRV,120.57,2,ASK
2018-12-17 10:02:33,TRV,120.47,3,BID
2018-12-17 10:02:33,TRV,120.57,2,ASK
2018-12-17 10:02:33,TRV,120.47,3,BID
2018-12-17 10:02:34,TRV,120.57,2,ASK
2018-12-17 10:02:33,TRV,120.47,3,BID
2018-12-17 10:02:34,TRV,120.57,2,ASK
2018-12-17 10:02:35,TRV,120.47,2,BID
2018-12-17 10:02:35,TRV,120.57,2,ASK
2018-12-17 10:02:37,TRV,120.47,2,BID
2018-12-17 10:02:35,TRV,120.57,4,ASK
2018-12-17 10:02:37,TRV,120.47,2,BID
2018-12-17 10:02:35,TRV,120.57,4,ASK
2018-12-17 10:02:37,TRV,120.47,2,BID
2018-12-17 10:02:35,TRV,120.57,4,ASK
2018-12-17 10:02:40,TRV,120.47,2,BID
2018-12-17 10:02:35,TRV,120.57,5,ASK
2018-12-17 10:02:40,TRV,120.47,2,BID
2018-12-17 10:02:35,TRV,120.57,5,ASK
2018-12-17 10:02:40,TRV,120.47,2,BID
2018-12-17 10:02:35,TRV,120.57,5,ASK
2018-12-17 10:02:40,TRV,120.47,2,BID
2018-12-17 10:02:35,TRV,120.57,5,ASK
2018-12-17 10:02:40,TRV,120.47,2,BID
2018-12-17 10:02:35,TRV,120.57,5,ASK
2018-12-17 10:02:40,TRV,120.47,2,BID
2018-12-17 10:02:35,TRV,120.57,5,ASK
2018-12-17 10:02:45,TRV,120.47,3,BID
2018-12-17 10:02:35,TRV,120.57,4,ASK
2018-12-17 10:02:45,TRV,120.47,3,BID
2018-12-17 10:02:35,TRV,120.57,4,ASK
2018-12-17 10:02:45,TRV,120.47,3,BID
2018-12-17 10:02:35,TRV,120.57,4,ASK
2018-12-17 10:02:45,TRV,120.47,3,BID
2018-12-17 10:02:35,TRV,120.57,4,ASK
2018-12-17 10:02:45,TRV,120.47,3,BID
2018-12-17 10:02:35,TRV,120.57,5,ASK
2018-12-17 10:02:45,TRV,120.47,3,BID
2018-12-17 10:02:35,TRV,120.57,5,ASK
2018-12-17 10:02:45,TRV,120.47,3,BID
2018-12-17 10:02:35,TRV,120.57,5,ASK
2018-12-17 10:02:45,TRV,120.47,3,BID
2018-12-17 10:02:35,TRV,120.57,5,ASK
2018-12-17 10:02:45,TRV,120.47,3,BID
2018-12-17 10:02:35,TRV,120.57,5,ASK
2018-12-17 10:02:45,TRV,120.47,3,BID
2018-12-17 10:02:35,TRV,120.57,5,ASK
2018-12-17 10:02:45,TRV,120.47,3,BID
2018-12-17 10:02:35,TRV,120.57,5,ASK
2018-12-17 10:02:45,TRV,120.47,3,BID
2018-12-17 10:02:35,TRV,120.57,5,ASK
2018-12-17 10:02:45,TRV,120.47,3,BID
2018-12-17 10:02:35,TRV,120.57,5,ASK
2018-12-17 10:02:45,TRV,120.47,3,BID
2018-12-17 10:02:35,TRV,120.57,5,ASK
2018-12-17 10:02:45,TRV,120.47,3,BID
2018-12-17 10:02:35,TRV,120.57,4,ASK
2018-12-17 10:02:45,TRV,120.47,3,BID
2018-12-17 10:03:01,TRV,120.57,6,ASK
2018-12-17 10:02:45,TRV,120.47,3,BID
2018-12-17 10:03:01,TRV,120.57,6,ASK
2018-12-17 10:02:45,TRV,120.47,3,BID
2018-12-17 10:03:01,TRV,120.57,6,ASK
2018-12-17 10:03:04,TRV,120.47,2,BID
2018-12-17 10:03:04,TRV,120.57,6,ASK
2018-12-17 10:03:05,TRV,120.47,2,BID
2018-12-17 10:03:05,TRV,120.56,1,ASK
2018-12-17 10:03:06,TRV,120.46,1,BID
2018-12-17 10:03:06,TRV,120.54,1,ASK
2018-12-17 10:03:06,TRV,120.46,1,BID
2018-12-17 10:03:06,TRV,120.54,1,ASK
2018-12-17 10:03:06,TRV,120.46,1,BID
2018-12-17 10:03:06,TRV,120.54,1,ASK
2018-12-17 10:03:06,TRV,120.46,1,BID
2018-12-17 10:03:06,TRV,120.54,1,ASK
2018-12-17 10:03:10,TRV,120.49,2,BID
2018-12-17 10:03:10,TRV,120.65,2,ASK
2018-12-17 10:03:10,TRV,120.49,2,BID
2018-12-17 10:03:10,TRV,120.65,2,ASK
2018-12-17 10:03:11,TRV,120.49,5,BID
2018-12-17 10:03:12,TRV,120.63,1,ASK
2018-12-17 10:03:11,TRV,120.49,5,BID
2018-12-17 10:03:12,TRV,120.63,1,ASK
2018-12-17 10:03:14,TRV,120.49,5,BID
2018-12-17 10:03:14,TRV,120.63,1,ASK
