timestamp,ticker,price,volume,bid_ask
2018-12-17 09:40:35,UNH,259.52,1,BID
2018-12-17 09:40:35,UNH,259.68,2,ASK
2018-12-17 09:40:36,UNH,259.55,1,BID
2018-12-17 09:40:36,UNH,259.68,2,ASK
2018-12-17 09:40:37,UNH,259.55,3,BID
2018-12-17 09:40:37,UNH,259.68,2,ASK
2018-12-17 09:40:38,UNH,259.57,1,BID
2018-12-17 09:40:31,UNH,259.69,3,ASK
2018-12-17 09:40:39,UNH,259.57,2,BID
2018-12-17 09:40:31,UNH,259.69,3,ASK
2018-12-17 09:40:40,UNH,259.52,1,BID
2018-12-17 09:40:31,UNH,259.69,3,ASK
2018-12-17 09:40:41,UNH,259.52,2,BID
2018-12-17 09:40:31,UNH,259.69,3,ASK
2018-12-17 09:40:43,UNH,259.39,2,BID
2018-12-17 09:40:43,UNH,259.58,1,ASK
2018-12-17 09:40:43,UNH,259.27,2,BID
2018-12-17 09:40:43,UNH,259.5,2,ASK
2018-12-17 09:40:44,UNH,259.27,2,BID
2018-12-17 09:40:44,UNH,259.5,2,ASK
2018-12-17 09:40:46,UNH,259.27,3,BID
2018-12-17 09:40:46,UNH,259.5,2,ASK
2018-12-17 09:40:46,UNH,259.27,3,BID
2018-12-17 09:40:46,UNH,259.5,2,ASK
2018-12-17 09:40:46,UNH,259.27,3,BID
2018-12-17 09:40:46,UNH,259.5,2,ASK
2018-12-17 09:40:46,UNH,259.27,3,BID
2018-12-17 09:40:47,UNH,259.5,2,ASK
2018-12-17 09:40:49,UNH,259.27,6,BID
2018-12-17 09:40:49,UNH,259.5,2,ASK
2018-12-17 09:40:50,UNH,259.28,1,BID
2018-12-17 09:40:50,UNH,259.5,2,ASK
2018-12-17 09:40:50,UNH,259.28,1,BID
2018-12-17 09:40:50,UNH,259.5,2,ASK
2018-12-17 09:40:52,UNH,259.28,2,BID
2018-12-17 09:40:52,UNH,259.5,3,ASK
2018-12-17 09:40:52,UNH,259.28,2,BID
2018-12-17 09:40:52,UNH,259.5,3,ASK
2018-12-17 09:40:54,UNH,259.28,4,BID
2018-12-17 09:40:54,UNH,259.48,2,ASK
2018-12-17 09:40:55,UNH,259.28,4,BID
2018-12-17 09:40:55,UNH,259.48,2,ASK
2018-12-17 09:40:55,UNH,259.28,4,BID
2018-12-17 09:40:55,UNH,259.48,2,ASK
2018-12-17 09:40:57,UNH,259.27,4,BID
2018-12-17 09:40:57,UNH,259.4,3,ASK
2018-12-17 09:40:58,UNH,259.06,7,BID
2018-12-17 09:40:58,UNH,259.34,7,ASK
2018-12-17 09:40:58,UNH,259.06,7,BID
2018-12-17 09:41:00,UNH,259.34,8,ASK
2018-12-17 09:41:00,UNH,259.13,1,BID
2018-12-17 09:41:00,UNH,259.34,8,ASK
2018-12-17 09:41:00,UNH,259.13,1,BID
2018-12-17 09:41:00,UNH,259.34,8,ASK
2018-12-17 09:41:02,UNH,259.13,1,BID
2018-12-17 09:41:02,UNH,259.34,8,ASK
2018-12-17 09:41:02,UNH,259.13,1,BID
2018-12-17 09:41:02,UNH,259.34,8,ASK
2018-12-17 09:41:04,UNH,259.15,1,BID
2018-12-17 09:41:04,UNH,259.34,8,ASK
2018-12-17 09:41:04,UNH,259.15,1,BID
2018-12-17 09:41:04,UNH,259.34,8,ASK
2018-12-17 09:41:04,UNH,259.15,1,BID
2018-12-17 09:41:04,UNH,259.34,8,ASK
2018-12-17 09:41:08,UNH,259.19,1,BID
2018-12-17 09:41:08,UNH,259.34,8,ASK
2018-12-17 09:41:08,UNH,259.19,1,BID
2018-12-17 09:41:08,UNH,259.34,7,ASK
2018-12-17 09:41:08,UNH,259.15,2,BID
2018-12-17 09:41:08,UNH,259.31,2,ASK
2018-12-17 09:41:10,UNH,259.15,3,BID
2018-12-17 09:41:10,UNH,259.28,5,ASK
2018-12-17 09:41:11,UNH,258.92,1,BID
2018-12-17 09:41:11,UNH,259.24,1,ASK
2018-12-17 09:41:11,UNH,258.92,2,BID
2018-12-17 09:41:12,UNH,259.17,3,ASK
2018-12-17 09:41:14,UNH,258.92,3,BID
2018-12-17 09:41:14,UNH,259.11,1,ASK
2018-12-17 09:41:14,UNH,258.92,3,BID
2018-12-17 09:41:14,UNH,259.08,1,ASK
2018-12-17 09:41:14,UNH,258.92,3,BID
2018-12-17 09:41:14,UNH,259.08,1,ASK
2018-12-17 09:41:15,UNH,258.81,3,BID
2018-12-17 09:41:15,UNH,259.05,1,ASK
2018-12-17 09:41:17,UNH,258.81,3,BID
2018-12-17 09:41:17,UNH,259.05,3,ASK
2018-12-17 09:41:17,UNH,258.81,3,BID
2018-12-17 09:41:17,UNH,259.05,3,ASK
2018-12-17 09:41:20,UNH,258.91,1,BID
2018-12-17 09:41:20,UNH,259.05,4,ASK
2018-12-17 09:41:20,UNH,258.96,1,BID
2018-12-17 09:41:20,UNH,259.05,1,ASK
2018-12-17 09:41:21,UNH,258.85,4,BID
2018-12-17 09:41:21,UNH,258.92,2,ASK
2018-12-17 09:41:22,UNH,258.85,5,BID
2018-12-17 09:41:22,UNH,258.92,2,ASK
2018-12-17 09:41:24,UNH,258.89,1,BID
2018-12-17 09:41:24,UNH,259.14,4,ASK
2018-12-17 09:41:25,UNH,258.89,1,BID
2018-12-17 09:41:25,UNH,259.14,5,ASK
2018-12-17 09:41:26,UNH,258.89,5,BID
2018-12-17 09:41:25,UNH,259.14,5,ASK
2018-12-17 09:41:27,UNH,258.89,7,BID
2018-12-17 09:41:27,UNH,259.14,5,ASK
2018-12-17 09:41:28,UNH,258.93,4,BID
2018-12-17 09:41:27,UNH,259.14,4,ASK
2018-12-17 09:41:28,UNH,258.93,7,BID
2018-12-17 09:41:27,UNH,259.14,4,ASK
2018-12-17 09:41:30,UNH,258.99,3,BID
2018-12-17 09:41:27,UNH,259.14,4,ASK
2018-12-17 09:41:30,UNH,259.08,2,BID
2018-12-17 09:41:23,UNH,259.15,5,ASK
2018-12-17 09:41:31,UNH,259.08,2,BID
2018-12-17 09:41:31,UNH,259.15,1,ASK
2018-12-17 09:41:31,UNH,258.94,4,BID
2018-12-17 09:41:31,UNH,259.0,4,ASK
2018-12-17 09:41:32,UNH,258.81,2,BID
2018-12-17 09:41:32,UNH,258.92,2,ASK
2018-12-17 09:41:32,UNH,258.81,2,BID
2018-12-17 09:41:32,UNH,258.92,2,ASK
2018-12-17 09:41:32,UNH,258.81,2,BID
2018-12-17 09:41:32,UNH,258.92,2,ASK
2018-12-17 09:41:32,UNH,258.81,2,BID
2018-12-17 09:41:32,UNH,258.92,2,ASK
2018-12-17 09:41:38,UNH,258.71,1,BID
2018-12-17 09:41:38,UNH,258.79,5,ASK
2018-12-17 09:41:38,UNH,258.71,1,BID
2018-12-17 09:41:38,UNH,258.79,5,ASK
2018-12-17 09:41:39,UNH,258.71,1,BID
2018-12-17 09:41:39,UNH,258.88,1,ASK
2018-12-17 09:41:39,UNH,258.71,1,BID
2018-12-17 09:41:39,UNH,258.88,1,ASK
2018-12-17 09:41:41,UNH,258.71,3,BID
2018-12-17 09:41:41,UNH,258.88,2,ASK
2018-12-17 09:41:41,UNH,258.71,3,BID
2018-12-17 09:41:41,UNH,258.88,2,ASK
2018-12-17 09:41:41,UNH,258.71,3,BID
2018-12-17 09:41:41,UNH,258.88,2,ASK
2018-12-17 09:41:41,UNH,258.71,3,BID
2018-12-17 09:41:41,UNH,258.88,2,ASK
2018-12-17 09:41:41,UNH,258.71,3,BID
2018-12-17 09:41:41,UNH,258.88,2,ASK
2018-12-17 09:41:41,UNH,258.71,3,BID
2018-12-17 09:41:41,UNH,258.88,2,ASK
2018-12-17 09:41:48,UNH,258.75,1,BID
2018-12-17 09:41:48,UNH,258.88,3,ASK
2018-12-17 09:41:49,UNH,258.75,5,BID
2018-12-17 09:41:49,UNH,258.88,4,ASK
2018-12-17 09:41:49,UNH,258.75,5,BID
2018-12-17 09:41:49,UNH,258.88,4,ASK
2018-12-17 09:41:50,UNH,258.81,3,BID
2018-12-17 09:41:50,UNH,259.0,3,ASK
2018-12-17 09:41:52,UNH,258.81,3,BID
2018-12-17 09:41:52,UNH,259.0,3,ASK
2018-12-17 09:41:52,UNH,258.82,2,BID
2018-12-17 09:41:52,UNH,259.0,3,ASK
2018-12-17 09:41:53,UNH,258.84,1,BID
2018-12-17 09:41:53,UNH,259.0,3,ASK
2018-12-17 09:41:53,UNH,258.84,1,BID
2018-12-17 09:41:53,UNH,259.0,3,ASK
2018-12-17 09:41:54,UNH,258.97,6,BID
2018-12-17 09:41:54,UNH,259.2,3,ASK
2018-12-17 09:41:55,UNH,258.99,2,BID
2018-12-17 09:41:55,UNH,259.2,3,ASK
2018-12-17 09:41:58,UNH,259.01,2,BID
2018-12-17 09:41:58,UNH,259.2,3,ASK
2018-12-17 09:41:58,UNH,259.02,1,BID
2018-12-17 09:41:58,UNH,259.2,3,ASK
2018-12-17 09:41:58,UNH,259.02,1,BID
2018-12-17 09:41:58,UNH,259.2,3,ASK
2018-12-17 09:42:00,UNH,259.02,1,BID
2018-12-17 09:42:00,UNH,259.2,3,ASK
2018-12-17 09:42:00,UNH,259.02,1,BID
2018-12-17 09:42:00,UNH,259.2,3,ASK
2018-12-17 09:42:03,UNH,258.91,4,BID
2018-12-17 09:42:03,UNH,259.1,1,ASK
2018-12-17 09:42:03,UNH,258.91,4,BID
2018-12-17 09:42:03,UNH,259.08,1,ASK
2018-12-17 09:42:03,UNH,258.91,4,BID
2018-12-17 09:42:03,UNH,259.08,1,ASK
2018-12-17 09:42:06,UNH,258.91,4,BID
2018-12-17 09:42:06,UNH,259.07,1,ASK
2018-12-17 09:42:06,UNH,258.91,4,BID
2018-12-17 09:42:06,UNH,259.07,2,ASK
2018-12-17 09:42:08,UNH,258.91,5,BID
2018-12-17 09:42:08,UNH,259.07,2,ASK
2018-12-17 09:42:08,UNH,258.91,5,BID
2018-12-17 09:42:08,UNH,259.07,2,ASK
2018-12-17 09:42:09,UNH,258.95,1,BID
2018-12-17 09:42:09,UNH,259.08,1,ASK
2018-12-17 09:42:10,UNH,258.94,1,BID
2018-12-17 09:42:10,UNH,259.08,1,ASK
2018-12-17 09:42:02,UNH,258.91,3,BID
2018-12-17 09:42:12,UNH,259.08,1,ASK
2018-12-17 09:42:02,UNH,258.91,3,BID
2018-12-17 09:42:12,UNH,259.08,1,ASK
2018-12-17 09:42:02,UNH,258.91,3,BID
2018-12-17 09:42:12,UNH,259.08,1,ASK
2018-12-17 09:42:02,UNH,258.91,3,BID
2018-12-17 09:42:12,UNH,259.08,1,ASK
2018-12-17 09:42:15,UNH,258.94,1,BID
2018-12-17 09:42:15,UNH,259.08,1,ASK
2018-12-17 09:42:17,UNH,258.95,2,BID
2018-12-17 09:42:17,UNH,259.08,1,ASK
2018-12-17 09:42:17,UNH,258.95,2,BID
2018-12-17 09:42:17,UNH,259.08,1,ASK
2018-12-17 09:42:19,UNH,258.85,1,BID
2018-12-17 09:42:19,UNH,258.99,2,ASK
2018-12-17 09:42:19,UNH,258.91,1,BID
2018-12-17 09:42:19,UNH,258.99,1,ASK
2018-12-17 09:42:19,UNH,258.91,1,BID
2018-12-17 09:42:19,UNH,258.99,1,ASK
2018-12-17 09:42:21,UNH,258.91,3,BID
2018-12-17 09:42:21,UNH,259.0,1,ASK
2018-12-17 09:42:23,UNH,258.85,2,BID
2018-12-17 09:42:23,UNH,258.96,4,ASK
2018-12-17 09:42:23,UNH,258.85,2,BID
2018-12-17 09:42:23,UNH,258.96,4,ASK
2018-12-17 09:42:23,UNH,258.85,2,BID
2018-12-17 09:42:23,UNH,258.96,4,ASK
2018-12-17 09:42:26,UNH,258.82,1,BID
2018-12-17 09:42:26,UNH,258.9,5,ASK
2018-12-17 09:42:26,UNH,258.82,1,BID
2018-12-17 09:42:26,UNH,258.9,5,ASK
2018-12-17 09:42:26,UNH,258.82,1,BID
2018-12-17 09:42:26,UNH,258.9,5,ASK
2018-12-17 09:42:29,UNH,258.86,1,BID
2018-12-17 09:42:26,UNH,258.96,4,ASK
2018-12-17 09:42:30,UNH,258.86,2,BID
2018-12-17 09:42:26,UNH,258.96,4,ASK
2018-12-17 09:42:30,UNH,258.86,2,BID
2018-12-17 09:42:30,UNH,258.96,6,ASK
2018-12-17 09:42:30,UNH,258.86,2,BID
2018-12-17 09:42:30,UNH,258.96,6,ASK
2018-12-17 09:42:30,UNH,258.86,2,BID
2018-12-17 09:42:30,UNH,258.96,6,ASK
2018-12-17 09:42:30,UNH,258.86,2,BID
2018-12-17 09:42:30,UNH,258.96,6,ASK
2018-12-17 09:42:30,UNH,258.86,2,BID
2018-12-17 09:42:30,UNH,258.96,6,ASK
2018-12-17 09:42:36,UNH,258.96,1,BID
2018-12-17 09:42:36,UNH,259.1,2,ASK
2018-12-17 09:42:36,UNH,258.96,1,BID
2018-12-17 09:42:36,UNH,259.1,2,ASK
2018-12-17 09:42:36,UNH,258.96,1,BID
2018-12-17 09:42:36,UNH,259.1,2,ASK
2018-12-17 09:42:39,UNH,258.96,1,BID
2018-12-17 09:42:38,UNH,259.1,3,ASK
2018-12-17 09:42:40,UNH,258.86,4,BID
2018-12-17 09:42:40,UNH,259.09,1,ASK
2018-12-17 09:42:40,UNH,258.86,5,BID
2018-12-17 09:42:40,UNH,258.97,2,ASK
2018-12-17 09:42:41,UNH,258.92,1,BID
2018-12-17 09:42:41,UNH,259.03,1,ASK
2018-12-17 09:42:42,UNH,258.92,2,BID
2018-12-17 09:42:42,UNH,259.03,1,ASK
2018-12-17 09:42:42,UNH,258.92,2,BID
2018-12-17 09:42:42,UNH,259.03,1,ASK
2018-12-17 09:42:45,UNH,258.92,3,BID
2018-12-17 09:42:45,UNH,259.03,1,ASK
2018-12-17 09:42:45,UNH,258.92,3,BID
2018-12-17 09:42:45,UNH,259.03,1,ASK
2018-12-17 09:42:47,UNH,258.92,2,BID
2018-12-17 09:42:47,UNH,259.03,3,ASK
2018-12-17 09:42:48,UNH,258.86,4,BID
2018-12-17 09:42:48,UNH,258.98,6,ASK
2018-12-17 09:42:49,UNH,258.86,1,BID
2018-12-17 09:42:49,UNH,258.94,3,ASK
2018-12-17 09:42:50,UNH,258.86,3,BID
2018-12-17 09:42:50,UNH,258.94,3,ASK
2018-12-17 09:42:51,UNH,258.86,2,BID
2018-12-17 09:42:51,UNH,258.94,4,ASK
2018-12-17 09:42:52,UNH,258.86,3,BID
2018-12-17 09:42:51,UNH,258.94,4,ASK
2018-12-17 09:42:52,UNH,258.9,5,BID
2018-12-17 09:42:51,UNH,258.94,4,ASK
2018-12-17 09:42:54,UNH,258.89,2,BID
2018-12-17 09:42:54,UNH,259.09,1,ASK
2018-12-17 09:42:55,UNH,258.89,5,BID
2018-12-17 09:42:55,UNH,259.09,3,ASK
2018-12-17 09:42:56,UNH,258.95,3,BID
2018-12-17 09:42:55,UNH,259.09,3,ASK
2018-12-17 09:42:57,UNH,258.92,2,BID
2018-12-17 09:42:57,UNH,259.02,1,ASK
2018-12-17 09:42:58,UNH,258.92,4,BID
2018-12-17 09:42:58,UNH,259.02,2,ASK
2018-12-17 09:42:58,UNH,258.89,3,BID
2018-12-17 09:42:58,UNH,259.02,3,ASK
2018-12-17 09:43:00,UNH,258.89,3,BID
2018-12-17 09:43:00,UNH,258.92,3,ASK
2018-12-17 09:43:01,UNH,258.89,4,BID
2018-12-17 09:43:01,UNH,258.91,1,ASK
2018-12-17 09:43:02,UNH,258.89,4,BID
2018-12-17 09:43:02,UNH,258.99,1,ASK
2018-12-17 09:43:02,UNH,258.89,4,BID
2018-12-17 09:43:03,UNH,258.99,2,ASK
2018-12-17 09:43:02,UNH,258.89,4,BID
2018-12-17 09:43:04,UNH,259.05,1,ASK
2018-12-17 09:43:02,UNH,258.89,4,BID
2018-12-17 09:43:05,UNH,259.06,1,ASK
2018-12-17 09:43:06,UNH,258.9,1,BID
2018-12-17 09:43:06,UNH,259.05,1,ASK
2018-12-17 09:43:07,UNH,258.93,1,BID
2018-12-17 09:43:07,UNH,259.09,3,ASK
2018-12-17 09:43:07,UNH,258.93,1,BID
2018-12-17 09:43:07,UNH,259.09,3,ASK
2018-12-17 09:43:02,UNH,258.89,3,BID
2018-12-17 09:43:09,UNH,259.07,1,ASK
2018-12-17 09:43:02,UNH,258.89,3,BID
2018-12-17 09:43:09,UNH,259.06,1,ASK
2018-12-17 09:43:02,UNH,258.89,3,BID
2018-12-17 09:43:11,UNH,259.06,2,ASK
2018-12-17 09:43:01,UNH,258.89,3,BID
2018-12-17 09:43:12,UNH,259.06,3,ASK
2018-12-17 09:43:01,UNH,258.89,3,BID
2018-12-17 09:43:13,UNH,259.06,4,ASK
2018-12-17 09:43:01,UNH,258.89,4,BID
2018-12-17 09:43:14,UNH,259.06,4,ASK
2018-12-17 09:43:01,UNH,258.89,4,BID
2018-12-17 09:43:14,UNH,259.06,4,ASK
2018-12-17 09:43:01,UNH,258.89,4,BID
2018-12-17 09:43:14,UNH,259.06,4,ASK
2018-12-17 09:42:29,UNH,258.82,5,BID
2018-12-17 09:43:17,UNH,258.93,2,ASK
2018-12-17 09:43:18,UNH,258.82,1,BID
2018-12-17 09:43:18,UNH,258.93,2,ASK
2018-12-17 09:43:19,UNH,258.7,1,BID
2018-12-17 09:43:19,UNH,258.78,1,ASK
2018-12-17 09:43:19,UNH,258.67,1,BID
2018-12-17 09:43:19,UNH,258.78,1,ASK
2018-12-17 09:43:19,UNH,258.67,1,BID
2018-12-17 09:43:19,UNH,258.78,1,ASK
2018-12-17 09:43:20,UNH,258.52,1,BID
2018-12-17 09:43:20,UNH,258.69,4,ASK
2018-12-17 09:43:21,UNH,258.59,5,BID
2018-12-17 09:43:21,UNH,258.84,7,ASK
2018-12-17 09:43:21,UNH,258.59,5,BID
2018-12-17 09:43:21,UNH,258.84,6,ASK
2018-12-17 09:43:21,UNH,258.59,5,BID
2018-12-17 09:43:21,UNH,258.84,6,ASK
2018-12-17 09:43:22,UNH,258.59,5,BID
2018-12-17 09:43:22,UNH,258.84,8,ASK
2018-12-17 09:43:22,UNH,258.59,5,BID
2018-12-17 09:43:22,UNH,258.84,9,ASK
2018-12-17 09:43:22,UNH,258.59,5,BID
2018-12-17 09:43:23,UNH,258.83,1,ASK
2018-12-17 09:43:23,UNH,258.59,6,BID
2018-12-17 09:43:24,UNH,258.84,9,ASK
2018-12-17 09:43:23,UNH,258.59,6,BID
2018-12-17 09:43:24,UNH,258.84,9,ASK
2018-12-17 09:43:23,UNH,258.59,5,BID
2018-12-17 09:43:24,UNH,258.84,12,ASK
2018-12-17 09:43:28,UNH,258.63,1,BID
2018-12-17 09:43:28,UNH,258.83,5,ASK
2018-12-17 09:43:29,UNH,258.63,1,BID
2018-12-17 09:43:29,UNH,258.83,6,ASK
2018-12-17 09:43:30,UNH,258.63,1,BID
2018-12-17 09:43:30,UNH,258.83,6,ASK
2018-12-17 09:43:31,UNH,258.68,1,BID
2018-12-17 09:43:31,UNH,258.83,7,ASK
2018-12-17 09:43:32,UNH,258.68,3,BID
2018-12-17 09:43:32,UNH,258.82,3,ASK
2018-12-17 09:43:32,UNH,258.68,3,BID
2018-12-17 09:43:32,UNH,258.82,3,ASK
2018-12-17 09:43:36,UNH,258.74,1,BID
2018-12-17 09:43:36,UNH,258.82,2,ASK
2018-12-17 09:43:37,UNH,258.76,1,BID
2018-12-17 09:43:37,UNH,258.84,3,ASK
2018-12-17 09:43:38,UNH,258.59,6,BID
2018-12-17 09:43:38,UNH,258.75,1,ASK
2018-12-17 09:43:39,UNH,258.59,2,BID
2018-12-17 09:43:39,UNH,258.82,7,ASK
2018-12-17 09:43:39,UNH,258.56,1,BID
2018-12-17 09:43:39,UNH,258.82,7,ASK
2018-12-17 09:43:40,UNH,258.56,2,BID
2018-12-17 09:43:40,UNH,258.82,7,ASK
2018-12-17 09:43:40,UNH,258.56,2,BID
2018-12-17 09:43:40,UNH,258.82,7,ASK
2018-12-17 09:43:42,UNH,258.59,1,BID
2018-12-17 09:43:42,UNH,258.82,7,ASK
2018-12-17 09:43:46,UNH,258.6,3,BID
2018-12-17 09:43:46,UNH,258.82,8,ASK
2018-12-17 09:43:46,UNH,258.6,5,BID
2018-12-17 09:43:46,UNH,258.82,8,ASK
2018-12-17 09:43:48,UNH,258.64,2,BID
2018-12-17 09:43:48,UNH,258.82,8,ASK
2018-12-17 09:43:49,UNH,258.64,1,BID
2018-12-17 09:43:49,UNH,258.82,8,ASK
2018-12-17 09:43:50,UNH,258.64,4,BID
2018-12-17 09:43:50,UNH,258.82,7,ASK
2018-12-17 09:43:51,UNH,258.64,3,BID
2018-12-17 09:43:51,UNH,258.82,7,ASK
2018-12-17 09:43:52,UNH,258.64,3,BID
2018-12-17 09:43:52,UNH,258.82,7,ASK
2018-12-17 09:43:53,UNH,258.64,4,BID
2018-12-17 09:43:53,UNH,258.82,7,ASK
2018-12-17 09:43:53,UNH,258.64,3,BID
2018-12-17 09:43:53,UNH,258.82,7,ASK
2018-12-17 09:43:55,UNH,258.66,2,BID
2018-12-17 09:43:55,UNH,258.82,7,ASK
2018-12-17 09:43:56,UNH,258.67,1,BID
2018-12-17 09:43:56,UNH,258.81,1,ASK
2018-12-17 09:43:57,UNH,258.67,4,BID
2018-12-17 09:43:57,UNH,258.81,2,ASK
2018-12-17 09:43:58,UNH,258.82,3,BID
2018-12-17 09:43:35,UNH,258.89,2,ASK
2018-12-17 09:44:00,UNH,258.84,3,BID
2018-12-17 09:44:00,UNH,258.97,2,ASK
2018-12-17 09:44:00,UNH,258.84,4,BID
2018-12-17 09:44:00,UNH,258.97,3,ASK
2018-12-17 09:44:01,UNH,258.84,4,BID
2018-12-17 09:44:01,UNH,258.97,6,ASK
2018-12-17 09:44:02,UNH,258.84,4,BID
2018-12-17 09:44:02,UNH,258.97,6,ASK
2018-12-17 09:44:03,UNH,258.68,1,BID
2018-12-17 09:44:03,UNH,258.84,3,ASK
2018-12-17 09:44:04,UNH,258.68,1,BID
2018-12-17 09:44:04,UNH,258.84,3,ASK
2018-12-17 09:44:05,UNH,258.68,2,BID
2018-12-17 09:44:05,UNH,258.84,3,ASK
2018-12-17 09:44:05,UNH,258.68,2,BID
2018-12-17 09:44:05,UNH,258.84,3,ASK
2018-12-17 09:44:05,UNH,258.68,2,BID
2018-12-17 09:44:05,UNH,258.84,3,ASK
2018-12-17 09:44:05,UNH,258.68,2,BID
2018-12-17 09:44:05,UNH,258.84,3,ASK
2018-12-17 09:44:08,UNH,258.68,2,BID
2018-12-17 09:44:05,UNH,258.84,3,ASK
2018-12-17 09:44:09,UNH,258.73,1,BID
2018-12-17 09:44:05,UNH,258.84,3,ASK
2018-12-17 09:44:10,UNH,258.81,1,BID
2018-12-17 09:44:10,UNH,258.96,3,ASK
2018-12-17 09:44:11,UNH,258.82,1,BID
2018-12-17 09:44:10,UNH,258.96,4,ASK
2018-12-17 09:44:12,UNH,258.82,3,BID
2018-12-17 09:44:12,UNH,258.96,5,ASK
2018-12-17 09:44:13,UNH,258.85,1,BID
2018-12-17 09:44:12,UNH,258.96,5,ASK
2018-12-17 09:44:15,UNH,258.79,2,BID
2018-12-17 09:44:15,UNH,258.96,8,ASK
2018-12-17 09:44:15,UNH,258.79,2,BID
2018-12-17 09:44:16,UNH,258.96,9,ASK
2018-12-17 09:44:17,UNH,258.69,1,BID
2018-12-17 09:44:17,UNH,258.79,1,ASK
2018-12-17 09:44:17,UNH,258.69,1,BID
2018-12-17 09:44:17,UNH,258.79,1,ASK
2018-12-17 09:44:17,UNH,258.69,1,BID
2018-12-17 09:44:17,UNH,258.79,1,ASK
2018-12-17 09:44:21,UNH,258.6,6,BID
2018-12-17 09:44:21,UNH,258.79,3,ASK
2018-12-17 09:44:21,UNH,258.78,1,BID
2018-12-17 09:44:21,UNH,258.79,3,ASK
2018-12-17 09:44:22,UNH,258.74,1,BID
2018-12-17 09:44:22,UNH,258.93,8,ASK
2018-12-17 09:44:22,UNH,258.74,1,BID
2018-12-17 09:44:22,UNH,258.93,8,ASK
2018-12-17 09:44:24,UNH,258.74,1,BID
2018-12-17 09:44:24,UNH,258.91,1,ASK
2018-12-17 09:44:25,UNH,258.72,2,BID
2018-12-17 09:44:25,UNH,258.87,3,ASK
2018-12-17 09:44:26,UNH,258.73,1,BID
2018-12-17 09:44:26,UNH,258.87,3,ASK
2018-12-17 09:44:27,UNH,258.72,3,BID
2018-12-17 09:44:27,UNH,258.87,3,ASK
2018-12-17 09:44:29,UNH,258.75,1,BID
2018-12-17 09:44:29,UNH,258.87,2,ASK
2018-12-17 09:44:30,UNH,258.75,1,BID
2018-12-17 09:44:30,UNH,258.87,2,ASK
2018-12-17 09:44:31,UNH,258.77,3,BID
2018-12-17 09:44:31,UNH,258.91,4,ASK
2018-12-17 09:44:31,UNH,258.77,3,BID
2018-12-17 09:44:31,UNH,258.91,4,ASK
2018-12-17 09:44:31,UNH,258.77,3,BID
2018-12-17 09:44:31,UNH,258.91,4,ASK
2018-12-17 09:44:31,UNH,258.77,3,BID
2018-12-17 09:44:31,UNH,258.91,4,ASK
2018-12-17 09:44:34,UNH,258.78,2,BID
2018-12-17 09:44:34,UNH,258.91,4,ASK
2018-12-17 09:44:35,UNH,258.93,1,BID
2018-12-17 09:44:35,UNH,259.0,2,ASK
2018-12-17 09:44:36,UNH,258.97,4,BID
2018-12-17 09:42:36,UNH,259.1,4,ASK
2018-12-17 09:44:36,UNH,258.97,6,BID
2018-12-17 09:42:36,UNH,259.1,4,ASK
2018-12-17 09:44:39,UNH,258.97,5,BID
2018-12-17 09:42:36,UNH,259.1,8,ASK
2018-12-17 09:44:40,UNH,258.97,7,BID
2018-12-17 09:42:36,UNH,259.1,8,ASK
2018-12-17 09:44:40,UNH,258.97,7,BID
2018-12-17 09:42:36,UNH,259.1,8,ASK
2018-12-17 09:44:40,UNH,258.97,7,BID
2018-12-17 09:42:36,UNH,259.1,8,ASK
2018-12-17 09:44:42,UNH,258.97,7,BID
2018-12-17 09:42:36,UNH,259.1,8,ASK
2018-12-17 09:44:43,UNH,259.22,4,BID
2018-12-17 09:44:43,UNH,259.43,2,ASK
2018-12-17 09:44:43,UNH,259.22,4,BID
2018-12-17 09:44:45,UNH,259.43,6,ASK
2018-12-17 09:44:45,UNH,259.24,1,BID
2018-12-17 09:44:45,UNH,259.43,6,ASK
2018-12-17 09:44:46,UNH,259.24,1,BID
2018-12-17 09:44:46,UNH,259.43,6,ASK
2018-12-17 09:44:46,UNH,259.24,1,BID
2018-12-17 09:44:46,UNH,259.43,6,ASK
2018-12-17 09:44:48,UNH,259.1,2,BID
2018-12-17 09:44:48,UNH,259.24,1,ASK
2018-12-17 09:44:48,UNH,259.1,2,BID
2018-12-17 09:44:48,UNH,259.24,1,ASK
2018-12-17 09:44:50,UNH,259.1,2,BID
2018-12-17 09:44:50,UNH,259.24,1,ASK
2018-12-17 09:44:52,UNH,259.1,2,BID
2018-12-17 09:44:52,UNH,259.24,1,ASK
2018-12-17 09:44:52,UNH,259.1,2,BID
2018-12-17 09:44:52,UNH,259.24,1,ASK
2018-12-17 09:44:53,UNH,259.1,2,BID
2018-12-17 09:44:53,UNH,259.24,1,ASK
2018-12-17 09:44:55,UNH,259.24,3,BID
2018-12-17 09:44:55,UNH,259.41,2,ASK
2018-12-17 09:44:55,UNH,259.24,3,BID
2018-12-17 09:44:55,UNH,259.42,1,ASK
2018-12-17 09:44:56,UNH,259.24,3,BID
2018-12-17 09:44:56,UNH,259.41,1,ASK
2018-12-17 09:44:56,UNH,259.24,3,BID
2018-12-17 09:44:56,UNH,259.41,1,ASK
2018-12-17 09:44:59,UNH,258.94,1,BID
2018-12-17 09:44:59,UNH,259.15,8,ASK
2018-12-17 09:45:00,UNH,258.94,1,BID
2018-12-17 09:45:00,UNH,259.15,9,ASK
2018-12-17 09:45:00,UNH,258.95,1,BID
2018-12-17 09:45:00,UNH,259.15,9,ASK
2018-12-17 09:45:01,UNH,258.74,1,BID
2018-12-17 09:45:01,UNH,258.92,2,ASK
2018-12-17 09:45:02,UNH,258.82,5,BID
2018-12-17 09:45:02,UNH,258.9,2,ASK
2018-12-17 09:45:02,UNH,258.74,3,BID
2018-12-17 09:45:02,UNH,258.9,2,ASK
2018-12-17 09:45:02,UNH,258.74,3,BID
2018-12-17 09:45:04,UNH,258.9,4,ASK
2018-12-17 09:45:02,UNH,258.74,3,BID
2018-12-17 09:45:05,UNH,258.89,3,ASK
2018-12-17 09:45:07,UNH,258.7,1,BID
2018-12-17 09:45:07,UNH,258.89,3,ASK
2018-12-17 09:45:08,UNH,258.7,1,BID
2018-12-17 09:45:08,UNH,258.89,5,ASK
2018-12-17 09:45:08,UNH,258.75,1,BID
2018-12-17 09:45:08,UNH,258.89,5,ASK
2018-12-17 09:45:09,UNH,258.75,2,BID
2018-12-17 09:45:09,UNH,258.89,5,ASK
2018-12-17 09:45:09,UNH,258.75,4,BID
2018-12-17 09:45:09,UNH,258.89,7,ASK
2018-12-17 09:45:11,UNH,258.75,4,BID
2018-12-17 09:45:11,UNH,258.89,12,ASK
2018-12-17 09:45:09,UNH,258.75,4,BID
2018-12-17 09:45:04,UNH,258.89,12,ASK
2018-12-17 09:45:09,UNH,258.75,4,BID
2018-12-17 09:45:04,UNH,258.89,12,ASK
2018-12-17 09:45:09,UNH,258.75,4,BID
2018-12-17 09:45:04,UNH,258.89,12,ASK
2018-12-17 09:45:09,UNH,258.75,4,BID
2018-12-17 09:45:04,UNH,258.89,12,ASK
2018-12-17 09:45:16,UNH,258.77,2,BID
2018-12-17 09:45:16,UNH,258.88,1,ASK
2018-12-17 09:45:17,UNH,258.77,2,BID
2018-12-17 09:45:17,UNH,258.88,1,ASK
2018-12-17 09:45:19,UNH,258.76,3,BID
2018-12-17 09:45:19,UNH,258.81,2,ASK
2018-12-17 09:45:19,UNH,258.83,1,BID
2018-12-17 09:45:19,UNH,258.89,1,ASK
2018-12-17 09:45:19,UNH,258.89,1,BID
2018-12-17 09:45:19,UNH,259.04,2,ASK
2018-12-17 09:45:19,UNH,258.89,1,BID
2018-12-17 09:45:19,UNH,259.04,2,ASK
2018-12-17 09:45:19,UNH,258.89,1,BID
2018-12-17 09:45:19,UNH,259.04,2,ASK
2018-12-17 09:45:22,UNH,259.0,1,BID
2018-12-17 09:45:22,UNH,259.07,2,ASK
2018-12-17 09:45:23,UNH,259.01,2,BID
2018-12-17 09:45:23,UNH,259.16,4,ASK
2018-12-17 09:45:23,UNH,259.01,1,BID
2018-12-17 09:45:23,UNH,259.16,4,ASK
2018-12-17 09:45:25,UNH,259.01,2,BID
2018-12-17 09:45:23,UNH,259.16,3,ASK
2018-12-17 09:45:25,UNH,259.01,3,BID
2018-12-17 09:45:23,UNH,259.16,3,ASK
2018-12-17 09:45:25,UNH,259.01,3,BID
2018-12-17 09:45:23,UNH,259.16,3,ASK
2018-12-17 09:45:30,UNH,259.01,3,BID
2018-12-17 09:45:23,UNH,259.16,3,ASK
2018-12-17 09:45:30,UNH,259.01,3,BID
2018-12-17 09:45:23,UNH,259.16,3,ASK
2018-12-17 09:45:30,UNH,259.01,3,BID
2018-12-17 09:45:23,UNH,259.16,3,ASK
2018-12-17 09:45:30,UNH,259.01,3,BID
2018-12-17 09:45:23,UNH,259.16,3,ASK
2018-12-17 09:45:30,UNH,259.01,3,BID
2018-12-17 09:45:23,UNH,259.16,3,ASK
2018-12-17 09:45:34,UNH,259.01,5,BID
2018-12-17 09:45:34,UNH,259.16,5,ASK
2018-12-17 09:45:34,UNH,259.01,5,BID
2018-12-17 09:45:34,UNH,259.16,5,ASK
2018-12-17 09:45:34,UNH,259.01,5,BID
2018-12-17 09:45:34,UNH,259.16,5,ASK
2018-12-17 09:45:37,UNH,259.01,5,BID
2018-12-17 09:45:36,UNH,259.16,8,ASK
2018-12-17 09:45:39,UNH,259.01,6,BID
2018-12-17 09:45:36,UNH,259.16,8,ASK
2018-12-17 09:45:39,UNH,259.06,1,BID
2018-12-17 09:45:36,UNH,259.16,8,ASK
2018-12-17 09:45:41,UNH,259.32,2,BID
2018-12-17 09:45:41,UNH,259.45,4,ASK
2018-12-17 09:45:42,UNH,259.32,2,BID
2018-12-17 09:45:42,UNH,259.45,4,ASK
2018-12-17 09:45:42,UNH,259.25,1,BID
2018-12-17 09:45:42,UNH,259.33,2,ASK
2018-12-17 09:45:44,UNH,259.18,3,BID
2018-12-17 09:45:44,UNH,259.33,2,ASK
2018-12-17 09:45:44,UNH,259.18,5,BID
2018-12-17 09:45:44,UNH,259.33,2,ASK
2018-12-17 09:45:46,UNH,259.18,6,BID
2018-12-17 09:45:46,UNH,259.33,2,ASK
2018-12-17 09:45:46,UNH,259.18,6,BID
2018-12-17 09:45:46,UNH,259.33,2,ASK
2018-12-17 09:45:48,UNH,259.18,6,BID
2018-12-17 09:45:48,UNH,259.33,2,ASK
2018-12-17 09:45:48,UNH,259.18,6,BID
2018-12-17 09:45:48,UNH,259.33,2,ASK
2018-12-17 09:45:49,UNH,259.18,6,BID
2018-12-17 09:45:49,UNH,259.33,2,ASK
2018-12-17 09:45:49,UNH,259.18,6,BID
2018-12-17 09:45:49,UNH,259.33,2,ASK
2018-12-17 09:45:51,UNH,259.18,6,BID
2018-12-17 09:45:51,UNH,259.33,2,ASK
2018-12-17 09:45:53,UNH,259.18,6,BID
2018-12-17 09:45:53,UNH,259.33,2,ASK
2018-12-17 09:45:53,UNH,259.18,7,BID
2018-12-17 09:45:53,UNH,259.33,2,ASK
2018-12-17 09:45:53,UNH,259.18,7,BID
2018-12-17 09:45:53,UNH,259.33,2,ASK
2018-12-17 09:45:55,UNH,259.18,7,BID
2018-12-17 09:45:55,UNH,259.33,2,ASK
2018-12-17 09:45:57,UNH,259.18,7,BID
2018-12-17 09:45:57,UNH,259.3,3,ASK
2018-12-17 09:45:58,UNH,259.21,4,BID
2018-12-17 09:45:58,UNH,259.3,1,ASK
2018-12-17 09:45:59,UNH,259.21,4,BID
2018-12-17 09:45:59,UNH,259.3,5,ASK
2018-12-17 09:46:00,UNH,259.21,4,BID
2018-12-17 09:46:00,UNH,259.3,5,ASK
2018-12-17 09:46:00,UNH,259.21,4,BID
2018-12-17 09:46:00,UNH,259.3,5,ASK
2018-12-17 09:46:01,UNH,259.21,5,BID
2018-12-17 09:46:01,UNH,259.3,5,ASK
2018-12-17 09:46:01,UNH,259.21,5,BID
2018-12-17 09:46:01,UNH,259.3,5,ASK
2018-12-17 09:46:01,UNH,259.21,5,BID
2018-12-17 09:46:01,UNH,259.3,5,ASK
2018-12-17 09:46:01,UNH,259.21,5,BID
2018-12-17 09:46:01,UNH,259.3,5,ASK
2018-12-17 09:46:01,UNH,259.21,5,BID
2018-12-17 09:46:01,UNH,259.3,5,ASK
2018-12-17 09:46:01,UNH,259.21,5,BID
2018-12-17 09:46:01,UNH,259.3,5,ASK
2018-12-17 09:46:07,UNH,259.18,9,BID
2018-12-17 09:46:07,UNH,259.29,2,ASK
2018-12-17 09:46:09,UNH,259.18,11,BID
2018-12-17 09:46:09,UNH,259.29,3,ASK
2018-12-17 09:46:09,UNH,259.19,1,BID
2018-12-17 09:46:09,UNH,259.29,3,ASK
2018-12-17 09:46:11,UNH,259.33,3,BID
2018-12-17 09:46:11,UNH,259.51,2,ASK
2018-12-17 09:46:11,UNH,259.33,3,BID
2018-12-17 09:46:11,UNH,259.51,3,ASK
2018-12-17 09:46:11,UNH,259.33,3,BID
2018-12-17 09:46:11,UNH,259.51,3,ASK
2018-12-17 09:46:14,UNH,259.33,2,BID
2018-12-17 09:46:14,UNH,259.51,3,ASK
2018-12-17 09:46:14,UNH,259.33,2,BID
2018-12-17 09:46:14,UNH,259.51,3,ASK
2018-12-17 09:46:14,UNH,259.33,2,BID
2018-12-17 09:46:14,UNH,259.51,3,ASK
2018-12-17 09:46:17,UNH,259.33,2,BID
2018-12-17 09:46:17,UNH,259.51,5,ASK
2018-12-17 09:46:18,UNH,259.35,1,BID
2018-12-17 09:46:17,UNH,259.51,5,ASK
2018-12-17 09:46:19,UNH,259.35,3,BID
2018-12-17 09:46:17,UNH,259.51,5,ASK
2018-12-17 09:46:19,UNH,259.36,1,BID
2018-12-17 09:46:17,UNH,259.51,5,ASK
2018-12-17 09:46:21,UNH,259.37,2,BID
2018-12-17 09:46:21,UNH,259.51,6,ASK
2018-12-17 09:46:21,UNH,259.37,3,BID
2018-12-17 09:46:21,UNH,259.51,6,ASK
2018-12-17 09:46:23,UNH,259.47,2,BID
2018-12-17 09:46:23,UNH,259.66,2,ASK
2018-12-17 09:46:24,UNH,259.47,2,BID
2018-12-17 09:46:23,UNH,259.66,2,ASK
2018-12-17 09:46:24,UNH,259.47,2,BID
2018-12-17 09:46:23,UNH,259.66,2,ASK
2018-12-17 09:46:24,UNH,259.47,2,BID
2018-12-17 09:46:23,UNH,259.66,2,ASK
2018-12-17 09:46:27,UNH,259.48,2,BID
2018-12-17 09:46:23,UNH,259.66,2,ASK
2018-12-17 09:46:28,UNH,259.52,3,BID
2018-12-17 09:46:28,UNH,259.72,1,ASK
2018-12-17 09:46:29,UNH,259.48,3,BID
2018-12-17 09:46:29,UNH,259.63,1,ASK
2018-12-17 09:46:30,UNH,259.48,3,BID
2018-12-17 09:46:30,UNH,259.63,1,ASK
2018-12-17 09:46:31,UNH,259.47,5,BID
2018-12-17 09:46:31,UNH,259.57,2,ASK
2018-12-17 09:46:31,UNH,259.47,5,BID
2018-12-17 09:46:31,UNH,259.58,1,ASK
2018-12-17 09:46:31,UNH,259.47,5,BID
2018-12-17 09:46:31,UNH,259.58,1,ASK
2018-12-17 09:46:32,UNH,259.47,5,BID
2018-12-17 09:46:32,UNH,259.58,6,ASK
2018-12-17 09:46:32,UNH,259.47,5,BID
2018-12-17 09:46:32,UNH,259.58,6,ASK
2018-12-17 09:46:35,UNH,259.41,2,BID
2018-12-17 09:46:35,UNH,259.58,6,ASK
2018-12-17 09:46:37,UNH,259.48,1,BID
2018-12-17 09:46:28,UNH,259.67,14,ASK
2018-12-17 09:46:38,UNH,259.5,3,BID
2018-12-17 09:46:28,UNH,259.67,14,ASK
2018-12-17 09:46:39,UNH,259.5,3,BID
2018-12-17 09:46:28,UNH,259.67,14,ASK
2018-12-17 09:46:39,UNH,259.5,3,BID
2018-12-17 09:46:28,UNH,259.67,14,ASK
2018-12-17 09:46:40,UNH,259.5,4,BID
2018-12-17 09:46:28,UNH,259.67,14,ASK
2018-12-17 09:46:40,UNH,259.5,4,BID
2018-12-17 09:46:28,UNH,259.67,14,ASK
2018-12-17 09:46:40,UNH,259.5,4,BID
2018-12-17 09:46:28,UNH,259.67,14,ASK
2018-12-17 09:46:44,UNH,259.5,4,BID
2018-12-17 09:46:28,UNH,259.67,14,ASK
2018-12-17 09:46:45,UNH,259.5,4,BID
2018-12-17 09:46:28,UNH,259.67,14,ASK
2018-12-17 09:46:46,UNH,259.5,4,BID
2018-12-17 09:46:28,UNH,259.67,14,ASK
2018-12-17 09:46:46,UNH,259.5,4,BID
2018-12-17 09:46:28,UNH,259.67,14,ASK
2018-12-17 09:46:46,UNH,259.5,4,BID
2018-12-17 09:46:28,UNH,259.67,14,ASK
2018-12-17 09:46:46,UNH,259.5,4,BID
2018-12-17 09:46:28,UNH,259.67,14,ASK
2018-12-17 09:46:46,UNH,259.5,4,BID
2018-12-17 09:46:28,UNH,259.67,14,ASK
2018-12-17 09:46:51,UNH,259.44,1,BID
2018-12-17 09:46:51,UNH,259.6,1,ASK
2018-12-17 09:46:52,UNH,259.45,1,BID
2018-12-17 09:46:52,UNH,259.61,1,ASK
2018-12-17 09:46:53,UNH,259.48,1,BID
2018-12-17 09:46:53,UNH,259.62,2,ASK
2018-12-17 09:46:53,UNH,259.49,1,BID
2018-12-17 09:46:53,UNH,259.62,2,ASK
2018-12-17 09:46:53,UNH,259.49,1,BID
2018-12-17 09:46:53,UNH,259.62,2,ASK
2018-12-17 09:46:53,UNH,259.49,1,BID
2018-12-17 09:46:53,UNH,259.62,2,ASK
2018-12-17 09:46:53,UNH,259.49,1,BID
2018-12-17 09:46:53,UNH,259.62,2,ASK
2018-12-17 09:46:58,UNH,259.5,2,BID
2018-12-17 09:46:58,UNH,259.67,11,ASK
2018-12-17 09:46:59,UNH,259.47,2,BID
2018-12-17 09:46:59,UNH,259.66,5,ASK
2018-12-17 09:47:00,UNH,259.35,5,BID
2018-12-17 09:47:00,UNH,259.52,1,ASK
2018-12-17 09:47:01,UNH,259.25,1,BID
2018-12-17 09:47:01,UNH,259.45,1,ASK
2018-12-17 09:47:02,UNH,259.23,1,BID
2018-12-17 09:47:02,UNH,259.44,1,ASK
2018-12-17 09:47:03,UNH,259.24,4,BID
2018-12-17 09:47:03,UNH,259.45,2,ASK
2018-12-17 09:47:03,UNH,259.23,5,BID
2018-12-17 09:47:03,UNH,259.45,2,ASK
2018-12-17 09:47:04,UNH,259.18,5,BID
2018-12-17 09:47:04,UNH,259.43,1,ASK
2018-12-17 09:47:06,UNH,259.19,3,BID
2018-12-17 09:47:06,UNH,259.43,5,ASK
2018-12-17 09:47:06,UNH,259.19,3,BID
2018-12-17 09:47:06,UNH,259.43,5,ASK
2018-12-17 09:47:08,UNH,259.37,4,BID
2018-12-17 09:47:08,UNH,259.58,1,ASK
2018-12-17 09:47:09,UNH,259.41,1,BID
2018-12-17 09:47:09,UNH,259.64,2,ASK
2018-12-17 09:47:10,UNH,259.42,1,BID
2018-12-17 09:47:10,UNH,259.59,1,ASK
2018-12-17 09:47:10,UNH,259.42,1,BID
2018-12-17 09:47:10,UNH,259.59,1,ASK
2018-12-17 09:47:12,UNH,259.46,1,BID
2018-12-17 09:47:12,UNH,259.64,1,ASK
2018-12-17 09:47:13,UNH,259.56,3,BID
2018-12-17 09:47:13,UNH,259.74,2,ASK
2018-12-17 09:47:14,UNH,259.59,2,BID
2018-12-17 09:47:14,UNH,259.79,3,ASK
2018-12-17 09:47:14,UNH,259.59,2,BID
2018-12-17 09:47:14,UNH,259.79,3,ASK
2018-12-17 09:47:16,UNH,259.59,1,BID
2018-12-17 09:47:16,UNH,259.78,1,ASK
2018-12-17 09:47:17,UNH,259.6,1,BID
2018-12-17 09:47:17,UNH,259.78,7,ASK
2018-12-17 09:47:18,UNH,259.6,1,BID
2018-12-17 09:47:18,UNH,259.78,7,ASK
2018-12-17 09:47:19,UNH,259.6,1,BID
2018-12-17 09:47:18,UNH,259.78,7,ASK
2018-12-17 09:47:20,UNH,259.47,1,BID
2018-12-17 09:47:20,UNH,259.68,3,ASK
2018-12-17 09:47:21,UNH,259.47,2,BID
2018-12-17 09:47:21,UNH,259.68,5,ASK
2018-12-17 09:47:22,UNH,259.47,3,BID
2018-12-17 09:47:22,UNH,259.68,6,ASK
2018-12-17 09:47:22,UNH,259.47,3,BID
2018-12-17 09:47:22,UNH,259.68,6,ASK
2018-12-17 09:47:22,UNH,259.47,3,BID
2018-12-17 09:47:22,UNH,259.68,6,ASK
2018-12-17 09:47:25,UNH,259.48,2,BID
2018-12-17 09:47:25,UNH,259.69,2,ASK
2018-12-17 09:47:25,UNH,259.48,2,BID
2018-12-17 09:47:25,UNH,259.69,2,ASK
2018-12-17 09:47:27,UNH,259.48,1,BID
2018-12-17 09:47:27,UNH,259.69,2,ASK
2018-12-17 09:47:28,UNH,259.48,1,BID
2018-12-17 09:47:28,UNH,259.69,2,ASK
2018-12-17 09:47:29,UNH,259.48,1,BID
2018-12-17 09:47:29,UNH,259.69,5,ASK
2018-12-17 09:47:30,UNH,259.48,1,BID
2018-12-17 09:47:29,UNH,259.69,5,ASK
2018-12-17 09:47:30,UNH,259.48,1,BID
2018-12-17 09:47:29,UNH,259.69,5,ASK
2018-12-17 09:47:30,UNH,259.48,1,BID
2018-12-17 09:47:29,UNH,259.69,5,ASK
2018-12-17 09:47:32,UNH,259.48,1,BID
2018-12-17 09:47:29,UNH,259.69,5,ASK
2018-12-17 09:47:34,UNH,259.48,3,BID
2018-12-17 09:47:29,UNH,259.69,5,ASK
2018-12-17 09:47:35,UNH,259.49,2,BID
2018-12-17 09:47:29,UNH,259.69,5,ASK
2018-12-17 09:47:36,UNH,259.49,2,BID
2018-12-17 09:47:29,UNH,259.69,5,ASK
2018-12-17 09:47:37,UNH,259.49,2,BID
2018-12-17 09:47:29,UNH,259.69,5,ASK
2018-12-17 09:47:37,UNH,259.49,2,BID
2018-12-17 09:47:29,UNH,259.69,5,ASK
2018-12-17 09:47:37,UNH,259.49,2,BID
2018-12-17 09:47:39,UNH,259.69,6,ASK
2018-12-17 09:47:40,UNH,259.49,3,BID
2018-12-17 09:47:40,UNH,259.69,6,ASK
2018-12-17 09:47:40,UNH,259.49,3,BID
2018-12-17 09:47:40,UNH,259.69,6,ASK
2018-12-17 09:47:42,UNH,259.48,2,BID
2018-12-17 09:47:42,UNH,259.69,5,ASK
2018-12-17 09:47:43,UNH,259.48,2,BID
2018-12-17 09:47:43,UNH,259.69,6,ASK
2018-12-17 09:47:44,UNH,259.48,2,BID
2018-12-17 09:47:44,UNH,259.69,6,ASK
2018-12-17 09:47:44,UNH,259.48,2,BID
2018-12-17 09:47:44,UNH,259.69,6,ASK
2018-12-17 09:47:46,UNH,259.48,3,BID
2018-12-17 09:47:46,UNH,259.69,6,ASK
2018-12-17 09:47:47,UNH,259.48,1,BID
2018-12-17 09:47:47,UNH,259.59,2,ASK
2018-12-17 09:47:48,UNH,259.48,1,BID
2018-12-17 09:47:47,UNH,259.59,3,ASK
2018-12-17 09:47:48,UNH,259.48,1,BID
2018-12-17 09:47:47,UNH,259.59,3,ASK
2018-12-17 09:47:48,UNH,259.48,1,BID
2018-12-17 09:47:47,UNH,259.59,3,ASK
2018-12-17 09:47:51,UNH,259.48,3,BID
2018-12-17 09:47:47,UNH,259.59,3,ASK
2018-12-17 09:47:51,UNH,259.48,3,BID
2018-12-17 09:47:47,UNH,259.59,3,ASK
2018-12-17 09:47:53,UNH,259.48,3,BID
2018-12-17 09:47:47,UNH,259.59,3,ASK
2018-12-17 09:47:53,UNH,259.48,3,BID
2018-12-17 09:47:47,UNH,259.59,3,ASK
2018-12-17 09:47:53,UNH,259.48,3,BID
2018-12-17 09:47:47,UNH,259.59,3,ASK
2018-12-17 09:47:53,UNH,259.48,3,BID
2018-12-17 09:47:47,UNH,259.59,3,ASK
2018-12-17 09:47:57,UNH,259.59,1,BID
2018-12-17 09:47:57,UNH,259.69,7,ASK
2018-12-17 09:47:57,UNH,259.59,1,BID
2018-12-17 09:47:57,UNH,259.69,7,ASK
2018-12-17 09:47:57,UNH,259.59,1,BID
2018-12-17 09:47:57,UNH,259.69,7,ASK
2018-12-17 09:48:00,UNH,259.48,2,BID
2018-12-17 09:48:00,UNH,259.66,3,ASK
2018-12-17 09:48:00,UNH,259.48,3,BID
2018-12-17 09:48:00,UNH,259.66,3,ASK
2018-12-17 09:48:02,UNH,259.48,3,BID
2018-12-17 09:48:02,UNH,259.66,6,ASK
2018-12-17 09:48:03,UNH,259.48,3,BID
2018-12-17 09:48:03,UNH,259.67,1,ASK
2018-12-17 09:48:03,UNH,259.48,3,BID
2018-12-17 09:48:03,UNH,259.67,1,ASK
2018-12-17 09:48:03,UNH,259.48,3,BID
2018-12-17 09:48:03,UNH,259.67,1,ASK
2018-12-17 09:48:07,UNH,259.49,1,BID
2018-12-17 09:48:07,UNH,259.67,1,ASK
2018-12-17 09:48:07,UNH,259.48,3,BID
2018-12-17 09:47:57,UNH,259.69,7,ASK
2018-12-17 09:48:07,UNH,259.48,3,BID
2018-12-17 09:47:57,UNH,259.69,7,ASK
2018-12-17 09:48:07,UNH,259.48,3,BID
2018-12-17 09:47:57,UNH,259.69,7,ASK
2018-12-17 09:48:07,UNH,259.48,3,BID
2018-12-17 09:47:57,UNH,259.69,7,ASK
2018-12-17 09:48:12,UNH,259.48,3,BID
2018-12-17 09:48:12,UNH,259.68,1,ASK
2018-12-17 09:48:12,UNH,259.48,2,BID
2018-12-17 09:48:12,UNH,259.69,9,ASK
2018-12-17 09:48:13,UNH,259.48,4,BID
2018-12-17 09:48:12,UNH,259.69,9,ASK
2018-12-17 09:48:14,UNH,259.48,5,BID
2018-12-17 09:48:12,UNH,259.69,8,ASK
2018-12-17 09:48:16,UNH,259.59,1,BID
2018-12-17 09:48:16,UNH,259.82,1,ASK
2018-12-17 09:48:16,UNH,259.49,2,BID
2018-12-17 09:48:16,UNH,259.71,3,ASK
2018-12-17 09:48:17,UNH,259.49,8,BID
2018-12-17 09:48:17,UNH,259.73,2,ASK
2018-12-17 09:48:19,UNH,259.49,9,BID
2018-12-17 09:48:17,UNH,259.73,2,ASK
2018-12-17 09:48:19,UNH,259.49,9,BID
2018-12-17 09:48:19,UNH,259.71,1,ASK
2018-12-17 09:48:19,UNH,259.49,8,BID
2018-12-17 09:48:20,UNH,259.73,4,ASK
2018-12-17 09:48:21,UNH,259.5,3,BID
2018-12-17 09:48:21,UNH,259.73,4,ASK
2018-12-17 09:48:22,UNH,259.5,3,BID
2018-12-17 09:48:22,UNH,259.72,2,ASK
2018-12-17 09:48:22,UNH,259.5,3,BID
2018-12-17 09:48:22,UNH,259.72,2,ASK
2018-12-17 09:48:22,UNH,259.5,3,BID
2018-12-17 09:48:22,UNH,259.72,2,ASK
2018-12-17 09:48:25,UNH,259.51,2,BID
2018-12-17 09:48:25,UNH,259.72,2,ASK
2018-12-17 09:48:26,UNH,259.61,2,BID
2018-12-17 09:48:26,UNH,259.74,3,ASK
2018-12-17 09:48:27,UNH,259.53,2,BID
2018-12-17 09:48:27,UNH,259.73,6,ASK
2018-12-17 09:48:27,UNH,259.53,2,BID
2018-12-17 09:48:27,UNH,259.73,6,ASK
2018-12-17 09:48:30,UNH,259.53,2,BID
2018-12-17 09:48:27,UNH,259.73,6,ASK
2018-12-17 09:48:30,UNH,259.53,2,BID
2018-12-17 09:48:27,UNH,259.73,6,ASK
2018-12-17 09:48:31,UNH,259.53,3,BID
2018-12-17 09:48:27,UNH,259.73,6,ASK
2018-12-17 09:48:32,UNH,259.54,1,BID
2018-12-17 09:48:32,UNH,259.73,7,ASK
2018-12-17 09:48:34,UNH,259.54,1,BID
2018-12-17 09:48:32,UNH,259.73,7,ASK
2018-12-17 09:48:34,UNH,259.54,1,BID
2018-12-17 09:48:32,UNH,259.73,7,ASK
2018-12-17 09:48:35,UNH,259.53,3,BID
2018-12-17 09:48:32,UNH,259.73,8,ASK
2018-12-17 09:48:35,UNH,259.53,3,BID
2018-12-17 09:48:32,UNH,259.73,8,ASK
2018-12-17 09:48:35,UNH,259.53,3,BID
2018-12-17 09:48:32,UNH,259.73,8,ASK
2018-12-17 09:48:38,UNH,259.54,3,BID
2018-12-17 09:48:32,UNH,259.73,7,ASK
2018-12-17 09:48:40,UNH,259.55,2,BID
2018-12-17 09:48:32,UNH,259.73,7,ASK
2018-12-17 09:48:40,UNH,259.55,2,BID
2018-12-17 09:48:40,UNH,259.73,7,ASK
2018-12-17 09:48:41,UNH,259.55,2,BID
2018-12-17 09:48:41,UNH,259.73,7,ASK
2018-12-17 09:48:43,UNH,259.56,2,BID
2018-12-17 09:48:42,UNH,259.73,7,ASK
2018-12-17 09:48:44,UNH,259.76,4,BID
2018-12-17 09:48:44,UNH,259.95,1,ASK
2018-12-17 09:48:44,UNH,259.79,2,BID
2018-12-17 09:48:44,UNH,259.95,1,ASK
2018-12-17 09:48:46,UNH,259.79,2,BID
2018-12-17 09:48:46,UNH,260.0,2,ASK
2018-12-17 09:48:46,UNH,259.79,2,BID
2018-12-17 09:48:46,UNH,260.0,2,ASK
2018-12-17 09:48:47,UNH,259.79,2,BID
2018-12-17 09:48:47,UNH,260.0,3,ASK
2018-12-17 09:48:48,UNH,259.79,3,BID
2018-12-17 09:48:48,UNH,260.0,3,ASK
2018-12-17 09:48:49,UNH,259.79,2,BID
2018-12-17 09:48:49,UNH,260.0,3,ASK
2018-12-17 09:48:49,UNH,259.79,2,BID
2018-12-17 09:48:49,UNH,260.0,3,ASK
2018-12-17 09:48:51,UNH,259.8,3,BID
2018-12-17 09:48:51,UNH,259.99,1,ASK
2018-12-17 09:48:53,UNH,259.82,2,BID
2018-12-17 09:48:53,UNH,260.0,3,ASK
2018-12-17 09:48:53,UNH,259.82,2,BID
2018-12-17 09:48:53,UNH,260.0,3,ASK
2018-12-17 09:48:53,UNH,259.82,2,BID
2018-12-17 09:48:53,UNH,260.0,3,ASK
2018-12-17 09:48:55,UNH,259.84,2,BID
2018-12-17 09:48:55,UNH,259.99,1,ASK
2018-12-17 09:48:56,UNH,259.85,1,BID
2018-12-17 09:48:56,UNH,260.0,3,ASK
2018-12-17 09:48:58,UNH,259.85,4,BID
2018-12-17 09:48:58,UNH,259.94,9,ASK
2018-12-17 09:48:58,UNH,259.85,4,BID
2018-12-17 09:48:58,UNH,259.94,9,ASK
2018-12-17 09:48:58,UNH,259.85,4,BID
2018-12-17 09:49:00,UNH,259.94,9,ASK
2018-12-17 09:48:58,UNH,259.85,4,BID
2018-12-17 09:49:00,UNH,259.94,10,ASK
2018-12-17 09:48:58,UNH,259.85,4,BID
2018-12-17 09:49:00,UNH,259.94,10,ASK
2018-12-17 09:49:02,UNH,259.86,1,BID
2018-12-17 09:49:02,UNH,259.94,3,ASK
2018-12-17 09:48:58,UNH,259.85,4,BID
2018-12-17 09:49:02,UNH,259.94,3,ASK
2018-12-17 09:49:03,UNH,259.94,1,BID
2018-12-17 09:49:03,UNH,260.0,3,ASK
2018-12-17 09:49:03,UNH,259.94,1,BID
2018-12-17 09:49:03,UNH,260.0,3,ASK
2018-12-17 09:48:58,UNH,259.85,5,BID
2018-12-17 09:49:04,UNH,260.0,3,ASK
2018-12-17 09:48:58,UNH,259.85,5,BID
2018-12-17 09:49:04,UNH,260.0,3,ASK
2018-12-17 09:48:58,UNH,259.85,4,BID
2018-12-17 09:49:06,UNH,260.02,1,ASK
2018-12-17 09:48:58,UNH,259.85,4,BID
2018-12-17 09:49:07,UNH,260.04,13,ASK
2018-12-17 09:48:58,UNH,259.85,4,BID
2018-12-17 09:49:09,UNH,260.02,2,ASK
2018-12-17 09:48:58,UNH,259.85,4,BID
2018-12-17 09:49:09,UNH,260.02,2,ASK
2018-12-17 09:48:58,UNH,259.85,4,BID
2018-12-17 09:49:11,UNH,260.02,2,ASK
2018-12-17 09:48:58,UNH,259.85,4,BID
2018-12-17 09:49:11,UNH,260.02,3,ASK
2018-12-17 09:48:58,UNH,259.85,4,BID
2018-12-17 09:49:13,UNH,260.02,1,ASK
2018-12-17 09:48:58,UNH,259.85,4,BID
2018-12-17 09:49:15,UNH,260.0,4,ASK
2018-12-17 09:48:58,UNH,259.85,4,BID
2018-12-17 09:49:15,UNH,260.0,4,ASK
2018-12-17 09:48:58,UNH,259.85,4,BID
2018-12-17 09:49:15,UNH,260.0,4,ASK
2018-12-17 09:48:58,UNH,259.85,4,BID
2018-12-17 09:49:18,UNH,260.0,4,ASK
2018-12-17 09:48:58,UNH,259.85,4,BID
2018-12-17 09:49:18,UNH,260.0,4,ASK
2018-12-17 09:49:20,UNH,259.86,1,BID
2018-12-17 09:49:20,UNH,260.0,4,ASK
2018-12-17 09:48:58,UNH,259.85,4,BID
2018-12-17 09:49:20,UNH,260.0,4,ASK
2018-12-17 09:48:58,UNH,259.85,4,BID
2018-12-17 09:49:20,UNH,260.0,4,ASK
2018-12-17 09:49:21,UNH,259.85,5,BID
2018-12-17 09:49:21,UNH,260.0,4,ASK
2018-12-17 09:49:22,UNH,259.86,2,BID
2018-12-17 09:49:22,UNH,260.0,4,ASK
2018-12-17 09:49:22,UNH,259.86,2,BID
2018-12-17 09:49:22,UNH,260.0,4,ASK
2018-12-17 09:49:22,UNH,259.86,2,BID
2018-12-17 09:49:22,UNH,260.0,4,ASK
2018-12-17 09:49:24,UNH,259.86,3,BID
2018-12-17 09:49:24,UNH,260.0,3,ASK
2018-12-17 09:49:26,UNH,259.86,2,BID
2018-12-17 09:49:26,UNH,260.0,3,ASK
2018-12-17 09:49:26,UNH,259.87,1,BID
2018-12-17 09:49:06,UNH,260.04,13,ASK
2018-12-17 09:49:27,UNH,260.04,2,BID
2018-12-17 09:49:27,UNH,260.09,1,ASK
2018-12-17 09:49:27,UNH,260.04,2,BID
2018-12-17 09:49:27,UNH,260.09,2,ASK
2018-12-17 09:49:27,UNH,259.9,1,BID
2018-12-17 09:49:27,UNH,260.04,4,ASK
2018-12-17 09:49:28,UNH,259.86,4,BID
2018-12-17 09:49:28,UNH,260.04,4,ASK
2018-12-17 09:49:28,UNH,259.86,2,BID
2018-12-17 09:49:28,UNH,260.07,1,ASK
2018-12-17 09:49:28,UNH,259.86,2,BID
2018-12-17 09:49:28,UNH,260.07,1,ASK
2018-12-17 09:49:28,UNH,259.86,2,BID
2018-12-17 09:49:28,UNH,260.07,1,ASK
2018-12-17 09:49:28,UNH,259.86,2,BID
2018-12-17 09:49:30,UNH,260.07,1,ASK
2018-12-17 09:49:31,UNH,259.9,2,BID
2018-12-17 09:49:31,UNH,260.09,4,ASK
2018-12-17 09:49:33,UNH,260.0,3,BID
2018-12-17 09:49:33,UNH,260.15,1,ASK
2018-12-17 09:49:34,UNH,260.0,3,BID
2018-12-17 09:49:34,UNH,260.18,2,ASK
2018-12-17 09:49:35,UNH,259.94,1,BID
2018-12-17 09:49:35,UNH,260.1,5,ASK
2018-12-17 09:49:35,UNH,259.92,3,BID
2018-12-17 09:49:35,UNH,260.1,4,ASK
2018-12-17 09:49:36,UNH,259.92,3,BID
2018-12-17 09:49:36,UNH,260.1,4,ASK
2018-12-17 09:49:39,UNH,259.92,4,BID
2018-12-17 09:49:39,UNH,260.1,4,ASK
2018-12-17 09:49:40,UNH,259.93,1,BID
2018-12-17 09:49:40,UNH,260.1,4,ASK
2018-12-17 09:49:42,UNH,259.94,2,BID
2018-12-17 09:49:42,UNH,260.09,2,ASK
2018-12-17 09:49:45,UNH,259.97,1,BID
2018-12-17 09:49:45,UNH,260.1,4,ASK
2018-12-17 09:49:46,UNH,260.02,1,BID
2018-12-17 09:49:46,UNH,260.13,1,ASK
2018-12-17 09:49:48,UNH,260.04,2,BID
2018-12-17 09:49:48,UNH,260.23,7,ASK
2018-12-17 09:49:50,UNH,260.07,2,BID
2018-12-17 09:49:48,UNH,260.23,7,ASK
2018-12-17 09:49:51,UNH,260.07,4,BID
2018-12-17 09:49:50,UNH,260.23,5,ASK
2018-12-17 09:49:52,UNH,260.07,4,BID
2018-12-17 09:49:50,UNH,260.23,5,ASK
2018-12-17 09:49:48,UNH,260.03,3,BID
2018-12-17 09:49:54,UNH,260.23,5,ASK
2018-12-17 09:49:48,UNH,260.03,3,BID
2018-12-17 09:49:55,UNH,260.22,2,ASK
2018-12-17 09:49:48,UNH,260.03,3,BID
2018-12-17 09:49:55,UNH,260.22,2,ASK
2018-12-17 09:49:48,UNH,260.03,4,BID
2018-12-17 09:49:56,UNH,260.22,2,ASK
2018-12-17 09:49:48,UNH,260.03,4,BID
2018-12-17 09:49:56,UNH,260.22,2,ASK
2018-12-17 09:49:48,UNH,260.03,4,BID
2018-12-17 09:49:56,UNH,260.22,2,ASK
2018-12-17 09:49:48,UNH,260.03,5,BID
2018-12-17 09:50:00,UNH,260.22,2,ASK
2018-12-17 09:49:48,UNH,260.03,5,BID
2018-12-17 09:50:00,UNH,260.22,2,ASK
2018-12-17 09:49:48,UNH,260.03,5,BID
2018-12-17 09:50:00,UNH,260.22,2,ASK
2018-12-17 09:49:48,UNH,260.03,5,BID
2018-12-17 09:50:00,UNH,260.22,2,ASK
2018-12-17 09:49:48,UNH,260.03,5,BID
2018-12-17 09:50:00,UNH,260.22,2,ASK
2018-12-17 09:50:05,UNH,259.88,2,BID
2018-12-17 09:50:05,UNH,260.13,1,ASK
2018-12-17 09:50:06,UNH,259.88,2,BID
2018-12-17 09:50:05,UNH,260.11,2,ASK
2018-12-17 09:50:07,UNH,259.89,1,BID
2018-12-17 09:50:07,UNH,260.07,3,ASK
2018-12-17 09:50:07,UNH,259.89,1,BID
2018-12-17 09:50:07,UNH,260.07,3,ASK
2018-12-17 09:50:07,UNH,259.89,1,BID
2018-12-17 09:50:07,UNH,260.07,3,ASK
2018-12-17 09:50:10,UNH,259.91,2,BID
2018-12-17 09:50:10,UNH,260.08,3,ASK
2018-12-17 09:50:11,UNH,259.9,2,BID
2018-12-17 09:50:11,UNH,260.08,6,ASK
2018-12-17 09:50:12,UNH,259.9,2,BID
2018-12-17 09:50:12,UNH,260.08,6,ASK
2018-12-17 09:50:12,UNH,259.9,2,BID
2018-12-17 09:50:12,UNH,260.08,6,ASK
2018-12-17 09:50:12,UNH,259.9,2,BID
2018-12-17 09:50:12,UNH,260.08,6,ASK
2018-12-17 09:50:12,UNH,259.9,2,BID
2018-12-17 09:50:12,UNH,260.08,6,ASK
2018-12-17 09:50:12,UNH,259.9,2,BID
2018-12-17 09:50:12,UNH,260.08,6,ASK
2018-12-17 09:50:17,UNH,259.9,3,BID
2018-12-17 09:50:17,UNH,260.08,6,ASK
2018-12-17 09:50:18,UNH,259.9,4,BID
2018-12-17 09:50:18,UNH,260.08,6,ASK
2018-12-17 09:50:19,UNH,259.9,1,BID
2018-12-17 09:50:19,UNH,260.07,2,ASK
2018-12-17 09:50:20,UNH,259.9,1,BID
2018-12-17 09:50:20,UNH,260.01,1,ASK
2018-12-17 09:50:20,UNH,259.91,1,BID
2018-12-17 09:50:20,UNH,260.06,2,ASK
2018-12-17 09:50:22,UNH,259.9,1,BID
2018-12-17 09:50:22,UNH,260.05,1,ASK
2018-12-17 09:50:22,UNH,259.9,1,BID
2018-12-17 09:50:22,UNH,260.06,4,ASK
2018-12-17 09:50:23,UNH,259.9,1,BID
2018-12-17 09:50:23,UNH,260.07,2,ASK
2018-12-17 09:50:24,UNH,259.9,1,BID
2018-12-17 09:50:24,UNH,260.06,2,ASK
2018-12-17 09:50:26,UNH,259.67,1,BID
2018-12-17 09:50:26,UNH,259.92,2,ASK
2018-12-17 09:50:26,UNH,259.67,1,BID
2018-12-17 09:50:26,UNH,259.92,2,ASK
2018-12-17 09:50:28,UNH,259.67,1,BID
2018-12-17 09:50:28,UNH,259.92,3,ASK
2018-12-17 09:50:29,UNH,259.67,1,BID
2018-12-17 09:50:29,UNH,259.91,1,ASK
2018-12-17 09:50:30,UNH,259.67,1,BID
2018-12-17 09:50:30,UNH,259.91,1,ASK
2018-12-17 09:50:31,UNH,259.67,1,BID
2018-12-17 09:50:31,UNH,259.91,2,ASK
2018-12-17 09:50:31,UNH,259.67,1,BID
2018-12-17 09:50:31,UNH,259.91,2,ASK
2018-12-17 09:50:31,UNH,259.67,1,BID
2018-12-17 09:50:31,UNH,259.91,2,ASK
2018-12-17 09:50:33,UNH,259.67,2,BID
2018-12-17 09:50:33,UNH,259.91,2,ASK
2018-12-17 09:50:35,UNH,259.67,4,BID
2018-12-17 09:50:35,UNH,259.89,1,ASK
2018-12-17 09:50:36,UNH,259.67,4,BID
2018-12-17 09:50:36,UNH,259.89,1,ASK
2018-12-17 09:50:37,UNH,259.62,2,BID
2018-12-17 09:50:37,UNH,259.89,2,ASK
2018-12-17 09:50:38,UNH,259.62,2,BID
2018-12-17 09:50:37,UNH,259.89,2,ASK
2018-12-17 09:50:39,UNH,259.62,4,BID
2018-12-17 09:50:39,UNH,259.88,1,ASK
2018-12-17 09:50:40,UNH,259.63,2,BID
2018-12-17 09:50:40,UNH,259.83,1,ASK
2018-12-17 09:50:41,UNH,259.63,2,BID
2018-12-17 09:50:41,UNH,259.82,1,ASK
2018-12-17 09:50:42,UNH,259.62,5,BID
2018-12-17 09:50:42,UNH,259.82,3,ASK
2018-12-17 09:50:42,UNH,259.62,5,BID
2018-12-17 09:50:42,UNH,259.82,3,ASK
2018-12-17 09:50:43,UNH,259.62,1,BID
2018-12-17 09:50:43,UNH,259.81,2,ASK
2018-12-17 09:50:45,UNH,259.62,3,BID
2018-12-17 09:50:44,UNH,259.81,4,ASK
2018-12-17 09:50:46,UNH,259.62,5,BID
2018-12-17 09:50:44,UNH,259.81,4,ASK
2018-12-17 09:50:46,UNH,259.62,5,BID
2018-12-17 09:50:44,UNH,259.81,4,ASK
2018-12-17 09:50:46,UNH,259.62,5,BID
2018-12-17 09:50:44,UNH,259.81,4,ASK
2018-12-17 09:50:46,UNH,259.62,5,BID
2018-12-17 09:50:44,UNH,259.81,4,ASK
2018-12-17 09:50:50,UNH,259.73,2,BID
2018-12-17 09:50:50,UNH,259.92,3,ASK
2018-12-17 09:50:51,UNH,259.73,5,BID
2018-12-17 09:50:51,UNH,259.92,3,ASK
2018-12-17 09:50:52,UNH,259.73,5,BID
2018-12-17 09:50:52,UNH,259.92,3,ASK
2018-12-17 09:50:53,UNH,259.86,2,BID
2018-12-17 09:50:53,UNH,259.98,7,ASK
2018-12-17 09:50:54,UNH,259.79,2,BID
2018-12-17 09:50:54,UNH,259.86,1,ASK
2018-12-17 09:50:54,UNH,259.79,2,BID
2018-12-17 09:50:54,UNH,259.86,1,ASK
2018-12-17 09:50:54,UNH,259.79,2,BID
2018-12-17 09:50:54,UNH,259.86,1,ASK
2018-12-17 09:50:55,UNH,259.75,1,BID
2018-12-17 09:50:55,UNH,259.86,1,ASK
2018-12-17 09:50:57,UNH,259.61,2,BID
2018-12-17 09:50:57,UNH,259.77,11,ASK
2018-12-17 09:50:59,UNH,259.61,2,BID
2018-12-17 09:50:59,UNH,259.77,11,ASK
2018-12-17 09:51:00,UNH,259.61,2,BID
2018-12-17 09:51:00,UNH,259.77,11,ASK
2018-12-17 09:51:01,UNH,259.61,2,BID
2018-12-17 09:51:01,UNH,259.77,12,ASK
2018-12-17 09:51:01,UNH,259.61,2,BID
2018-12-17 09:51:01,UNH,259.77,12,ASK
2018-12-17 09:51:03,UNH,259.61,1,BID
2018-12-17 09:51:03,UNH,259.67,2,ASK
2018-12-17 09:51:03,UNH,259.61,1,BID
2018-12-17 09:51:03,UNH,259.67,2,ASK
2018-12-17 09:51:03,UNH,259.61,1,BID
2018-12-17 09:51:03,UNH,259.67,2,ASK
2018-12-17 09:51:06,UNH,259.61,1,BID
2018-12-17 09:51:06,UNH,259.67,2,ASK
2018-12-17 09:51:07,UNH,259.67,1,BID
2018-12-17 09:51:07,UNH,259.77,10,ASK
2018-12-17 09:51:07,UNH,259.61,2,BID
2018-12-17 09:51:07,UNH,259.77,6,ASK
2018-12-17 09:51:07,UNH,259.61,2,BID
2018-12-17 09:51:09,UNH,259.76,1,ASK
2018-12-17 09:51:07,UNH,259.61,3,BID
2018-12-17 09:51:09,UNH,259.76,1,ASK
2018-12-17 09:51:07,UNH,259.61,3,BID
2018-12-17 09:51:10,UNH,259.76,1,ASK
2018-12-17 09:51:07,UNH,259.61,4,BID
2018-12-17 09:51:12,UNH,259.76,1,ASK
2018-12-17 09:51:07,UNH,259.61,4,BID
2018-12-17 09:51:12,UNH,259.76,1,ASK
2018-12-17 09:51:07,UNH,259.61,4,BID
2018-12-17 09:51:14,UNH,259.77,6,ASK
2018-12-17 09:51:07,UNH,259.61,4,BID
2018-12-17 09:51:14,UNH,259.77,6,ASK
2018-12-17 09:51:07,UNH,259.61,4,BID
2018-12-17 09:51:15,UNH,259.76,1,ASK
2018-12-17 09:51:07,UNH,259.61,3,BID
2018-12-17 09:51:16,UNH,259.76,1,ASK
2018-12-17 09:51:16,UNH,259.61,4,BID
2018-12-17 09:51:16,UNH,259.76,1,ASK
2018-12-17 09:51:18,UNH,259.61,4,BID
2018-12-17 09:51:18,UNH,259.77,6,ASK
2018-12-17 09:51:18,UNH,259.61,4,BID
2018-12-17 09:51:19,UNH,259.77,6,ASK
2018-12-17 09:51:20,UNH,259.67,2,BID
2018-12-17 09:51:20,UNH,259.87,3,ASK
2018-12-17 09:51:20,UNH,259.67,2,BID
2018-12-17 09:51:20,UNH,259.78,4,ASK
2018-12-17 09:51:20,UNH,259.67,2,BID
2018-12-17 09:51:23,UNH,259.78,5,ASK
2018-12-17 09:51:24,UNH,259.67,3,BID
2018-12-17 09:51:24,UNH,259.77,2,ASK
2018-12-17 09:51:24,UNH,259.67,3,BID
2018-12-17 09:51:25,UNH,259.77,5,ASK
2018-12-17 09:51:26,UNH,259.61,7,BID
2018-12-17 09:51:26,UNH,259.76,2,ASK
2018-12-17 09:51:26,UNH,259.61,7,BID
2018-12-17 09:51:27,UNH,259.76,3,ASK
2018-12-17 09:51:28,UNH,259.61,6,BID
2018-12-17 09:51:28,UNH,259.74,1,ASK
2018-12-17 09:51:28,UNH,259.61,7,BID
2018-12-17 09:51:28,UNH,259.76,2,ASK
2018-12-17 09:51:30,UNH,259.61,7,BID
2018-12-17 09:51:30,UNH,259.73,1,ASK
2018-12-17 09:51:31,UNH,259.61,7,BID
2018-12-17 09:51:30,UNH,259.76,3,ASK
2018-12-17 09:51:31,UNH,259.81,1,BID
2018-12-17 09:51:31,UNH,259.94,1,ASK
2018-12-17 09:51:31,UNH,259.81,1,BID
2018-12-17 09:51:31,UNH,259.94,1,ASK
2018-12-17 09:51:33,UNH,259.88,2,BID
2018-12-17 09:51:33,UNH,259.99,1,ASK
2018-12-17 09:51:33,UNH,259.88,3,BID
2018-12-17 09:51:33,UNH,259.99,1,ASK
2018-12-17 09:51:34,UNH,259.88,3,BID
2018-12-17 09:51:36,UNH,259.99,2,ASK
2018-12-17 09:51:34,UNH,259.88,3,BID
2018-12-17 09:51:36,UNH,259.99,2,ASK
2018-12-17 09:51:38,UNH,259.88,3,BID
2018-12-17 09:51:38,UNH,259.99,2,ASK
2018-12-17 09:51:38,UNH,259.88,3,BID
2018-12-17 09:51:38,UNH,259.99,2,ASK
2018-12-17 09:51:38,UNH,259.88,3,BID
2018-12-17 09:51:38,UNH,259.99,2,ASK
2018-12-17 09:51:41,UNH,259.88,3,BID
2018-12-17 09:51:41,UNH,259.95,3,ASK
2018-12-17 09:51:41,UNH,259.88,3,BID
2018-12-17 09:51:41,UNH,259.95,3,ASK
2018-12-17 09:51:41,UNH,259.88,3,BID
2018-12-17 09:51:41,UNH,259.95,3,ASK
2018-12-17 09:51:41,UNH,259.88,3,BID
2018-12-17 09:51:41,UNH,259.95,3,ASK
2018-12-17 09:51:45,UNH,259.88,6,BID
2018-12-17 09:51:45,UNH,259.98,1,ASK
2018-12-17 09:51:46,UNH,259.88,6,BID
2018-12-17 09:51:46,UNH,259.99,2,ASK
2018-12-17 09:51:47,UNH,259.88,6,BID
2018-12-17 09:51:47,UNH,259.99,2,ASK
2018-12-17 09:51:48,UNH,259.88,1,BID
2018-12-17 09:51:48,UNH,259.99,3,ASK
2018-12-17 09:51:49,UNH,259.88,3,BID
2018-12-17 09:51:49,UNH,259.98,1,ASK
2018-12-17 09:51:50,UNH,259.88,2,BID
2018-12-17 09:51:50,UNH,259.99,3,ASK
2018-12-17 09:51:50,UNH,259.88,2,BID
2018-12-17 09:51:50,UNH,259.99,3,ASK
2018-12-17 09:51:50,UNH,259.88,2,BID
2018-12-17 09:51:50,UNH,259.99,3,ASK
2018-12-17 09:51:53,UNH,259.88,4,BID
2018-12-17 09:51:53,UNH,259.99,3,ASK
2018-12-17 09:51:53,UNH,259.88,4,BID
2018-12-17 09:51:53,UNH,259.99,3,ASK
2018-12-17 09:51:53,UNH,259.88,4,BID
2018-12-17 09:51:53,UNH,259.99,3,ASK
2018-12-17 09:51:53,UNH,259.88,4,BID
2018-12-17 09:51:53,UNH,259.99,3,ASK
2018-12-17 09:51:53,UNH,259.88,4,BID
2018-12-17 09:51:53,UNH,259.99,3,ASK
2018-12-17 09:51:58,UNH,259.88,4,BID
2018-12-17 09:51:58,UNH,259.99,4,ASK
2018-12-17 09:51:59,UNH,259.88,4,BID
2018-12-17 09:51:59,UNH,259.99,4,ASK
2018-12-17 09:52:00,UNH,259.88,4,BID
2018-12-17 09:52:00,UNH,259.99,4,ASK
2018-12-17 09:52:01,UNH,260.02,5,BID
2018-12-17 09:52:01,UNH,260.16,1,ASK
2018-12-17 09:52:01,UNH,260.02,5,BID
2018-12-17 09:52:01,UNH,260.16,1,ASK
2018-12-17 09:52:02,UNH,259.93,2,BID
2018-12-17 09:52:02,UNH,260.09,5,ASK
2018-12-17 09:52:03,UNH,259.94,2,BID
2018-12-17 09:52:03,UNH,260.09,5,ASK
2018-12-17 09:52:03,UNH,259.94,2,BID
2018-12-17 09:52:03,UNH,260.09,5,ASK
2018-12-17 09:52:06,UNH,259.94,2,BID
2018-12-17 09:52:06,UNH,260.09,5,ASK
2018-12-17 09:52:06,UNH,259.94,2,BID
2018-12-17 09:52:06,UNH,260.09,5,ASK
2018-12-17 09:52:06,UNH,259.94,2,BID
2018-12-17 09:52:06,UNH,260.09,5,ASK
2018-12-17 09:52:06,UNH,259.94,2,BID
2018-12-17 09:52:06,UNH,260.09,5,ASK
2018-12-17 09:52:00,UNH,259.88,3,BID
2018-12-17 09:52:10,UNH,260.08,1,ASK
2018-12-17 09:52:00,UNH,259.88,3,BID
2018-12-17 09:52:11,UNH,260.08,2,ASK
2018-12-17 09:52:00,UNH,259.88,3,BID
2018-12-17 09:52:12,UNH,260.08,2,ASK
2018-12-17 09:52:00,UNH,259.88,4,BID
2018-12-17 09:52:13,UNH,260.08,3,ASK
2018-12-17 09:52:00,UNH,259.88,4,BID
2018-12-17 09:52:14,UNH,260.07,1,ASK
2018-12-17 09:52:00,UNH,259.88,4,BID
2018-12-17 09:52:14,UNH,260.07,1,ASK
2018-12-17 09:52:00,UNH,259.88,4,BID
2018-12-17 09:52:16,UNH,260.07,1,ASK
2018-12-17 09:52:00,UNH,259.88,4,BID
2018-12-17 09:52:16,UNH,260.07,1,ASK
2018-12-17 09:52:18,UNH,259.76,1,BID
2018-12-17 09:52:18,UNH,259.88,1,ASK
2018-12-17 09:52:19,UNH,259.62,1,BID
2018-12-17 09:52:19,UNH,259.78,1,ASK
2018-12-17 09:52:20,UNH,259.62,1,BID
2018-12-17 09:52:20,UNH,259.78,3,ASK
2018-12-17 09:52:21,UNH,259.62,1,BID
2018-12-17 09:52:20,UNH,259.78,4,ASK
2018-12-17 09:52:23,UNH,259.62,1,BID
2018-12-17 09:52:23,UNH,259.78,4,ASK
2018-12-17 09:52:23,UNH,259.62,1,BID
2018-12-17 09:52:23,UNH,259.78,4,ASK
2018-12-17 09:52:24,UNH,259.62,1,BID
2018-12-17 09:52:24,UNH,259.78,6,ASK
2018-12-17 09:52:24,UNH,259.62,1,BID
2018-12-17 09:52:24,UNH,259.78,6,ASK
2018-12-17 09:52:24,UNH,259.62,1,BID
2018-12-17 09:52:24,UNH,259.78,6,ASK
2018-12-17 09:52:24,UNH,259.62,1,BID
2018-12-17 09:52:24,UNH,259.78,6,ASK
2018-12-17 09:52:24,UNH,259.62,1,BID
2018-12-17 09:52:24,UNH,259.78,6,ASK
2018-12-17 09:52:30,UNH,259.62,1,BID
2018-12-17 09:52:30,UNH,259.78,6,ASK
2018-12-17 09:52:30,UNH,259.62,1,BID
2018-12-17 09:52:30,UNH,259.78,6,ASK
2018-12-17 09:52:31,UNH,259.62,1,BID
2018-12-17 09:52:31,UNH,259.78,6,ASK
2018-12-17 09:52:31,UNH,259.62,1,BID
2018-12-17 09:52:31,UNH,259.78,6,ASK
2018-12-17 09:52:33,UNH,259.69,3,BID
2018-12-17 09:52:33,UNH,259.85,2,ASK
2018-12-17 09:52:34,UNH,259.69,2,BID
2018-12-17 09:52:33,UNH,259.85,2,ASK
2018-12-17 09:52:35,UNH,259.68,3,BID
2018-12-17 09:52:35,UNH,259.78,7,ASK
2018-12-17 09:52:36,UNH,259.68,3,BID
2018-12-17 09:52:36,UNH,259.78,7,ASK
2018-12-17 09:52:37,UNH,259.6,1,BID
2018-12-17 09:52:37,UNH,259.74,6,ASK
2018-12-17 09:52:39,UNH,259.61,1,BID
2018-12-17 09:52:39,UNH,259.74,6,ASK
2018-12-17 09:52:39,UNH,259.5,2,BID
2018-12-17 09:52:39,UNH,259.67,1,ASK
2018-12-17 09:52:40,UNH,259.5,2,BID
2018-12-17 09:52:40,UNH,259.67,3,ASK
2018-12-17 09:52:41,UNH,259.51,1,BID
2018-12-17 09:52:40,UNH,259.67,3,ASK
2018-12-17 09:52:42,UNH,259.68,1,BID
2018-12-17 09:52:42,UNH,259.73,1,ASK
2018-12-17 09:52:42,UNH,259.68,1,BID
2018-12-17 09:52:42,UNH,259.73,1,ASK
2018-12-17 09:52:45,UNH,259.68,2,BID
2018-12-17 09:52:44,UNH,259.74,9,ASK
2018-12-17 09:52:46,UNH,259.5,2,BID
2018-12-17 09:52:46,UNH,259.69,2,ASK
2018-12-17 09:52:46,UNH,259.5,2,BID
2018-12-17 09:52:46,UNH,259.69,2,ASK
2018-12-17 09:52:47,UNH,259.51,1,BID
2018-12-17 09:52:46,UNH,259.69,2,ASK
2018-12-17 09:52:47,UNH,259.51,1,BID
2018-12-17 09:52:46,UNH,259.69,2,ASK
2018-12-17 09:52:49,UNH,259.5,2,BID
2018-12-17 09:52:46,UNH,259.69,2,ASK
2018-12-17 09:52:50,UNH,259.5,2,BID
2018-12-17 09:52:50,UNH,259.69,6,ASK
2018-12-17 09:52:51,UNH,259.5,2,BID
2018-12-17 09:52:51,UNH,259.69,6,ASK
2018-12-17 09:52:53,UNH,259.5,2,BID
2018-12-17 09:52:53,UNH,259.69,6,ASK
2018-12-17 09:52:53,UNH,259.5,2,BID
2018-12-17 09:52:53,UNH,259.69,6,ASK
2018-12-17 09:52:53,UNH,259.5,2,BID
2018-12-17 09:52:53,UNH,259.69,6,ASK
2018-12-17 09:52:55,UNH,259.5,4,BID
2018-12-17 09:52:55,UNH,259.69,6,ASK
2018-12-17 09:52:56,UNH,259.51,1,BID
2018-12-17 09:52:56,UNH,259.69,6,ASK
2018-12-17 09:52:56,UNH,259.65,1,BID
2018-12-17 09:52:56,UNH,259.78,12,ASK
2018-12-17 09:52:56,UNH,259.65,1,BID
2018-12-17 09:52:56,UNH,259.78,12,ASK
2018-12-17 09:53:00,UNH,259.65,1,BID
2018-12-17 09:53:00,UNH,259.77,1,ASK
2018-12-17 09:53:01,UNH,259.65,2,BID
2018-12-17 09:53:01,UNH,259.77,1,ASK
2018-12-17 09:53:01,UNH,259.66,3,BID
2018-12-17 09:53:01,UNH,259.77,4,ASK
2018-12-17 09:53:01,UNH,259.66,3,BID
2018-12-17 09:53:01,UNH,259.77,4,ASK
2018-12-17 09:53:01,UNH,259.66,3,BID
2018-12-17 09:53:01,UNH,259.77,4,ASK
2018-12-17 09:53:01,UNH,259.66,3,BID
2018-12-17 09:53:01,UNH,259.77,4,ASK
2018-12-17 09:53:05,UNH,259.66,2,BID
2018-12-17 09:53:05,UNH,259.77,4,ASK
2018-12-17 09:53:06,UNH,259.66,3,BID
2018-12-17 09:53:06,UNH,259.77,4,ASK
2018-12-17 09:53:07,UNH,259.56,3,BID
2018-12-17 09:53:07,UNH,259.71,1,ASK
2018-12-17 09:53:07,UNH,259.56,3,BID
2018-12-17 09:53:08,UNH,259.76,5,ASK
2018-12-17 09:53:07,UNH,259.56,3,BID
2018-12-17 09:53:09,UNH,259.75,1,ASK
2018-12-17 09:53:07,UNH,259.56,4,BID
2018-12-17 09:53:11,UNH,259.73,1,ASK
2018-12-17 09:53:07,UNH,259.56,4,BID
2018-12-17 09:53:11,UNH,259.7,4,ASK
2018-12-17 09:53:07,UNH,259.56,4,BID
2018-12-17 09:53:11,UNH,259.7,4,ASK
2018-12-17 09:52:56,UNH,259.56,4,BID
2018-12-17 09:53:11,UNH,259.7,4,ASK
2018-12-17 09:53:14,UNH,259.57,1,BID
2018-12-17 09:53:14,UNH,259.68,1,ASK
2018-12-17 09:53:15,UNH,259.57,3,BID
2018-12-17 09:53:15,UNH,259.68,1,ASK
2018-12-17 09:53:15,UNH,259.57,3,BID
2018-12-17 09:53:15,UNH,259.68,1,ASK
2018-12-17 09:53:17,UNH,259.59,1,BID
2018-12-17 09:53:17,UNH,259.7,2,ASK
2018-12-17 09:53:18,UNH,259.69,1,BID
2018-12-17 09:53:18,UNH,259.78,7,ASK
2018-12-17 09:53:18,UNH,259.7,1,BID
2018-12-17 09:53:18,UNH,259.78,7,ASK
2018-12-17 09:53:18,UNH,259.7,1,BID
2018-12-17 09:53:18,UNH,259.78,7,ASK
2018-12-17 09:53:18,UNH,259.7,1,BID
2018-12-17 09:53:18,UNH,259.78,7,ASK
2018-12-17 09:53:21,UNH,259.61,2,BID
2018-12-17 09:53:21,UNH,259.77,1,ASK
2018-12-17 09:53:21,UNH,259.61,3,BID
2018-12-17 09:53:22,UNH,259.77,2,ASK
2018-12-17 09:53:21,UNH,259.61,3,BID
2018-12-17 09:53:22,UNH,259.77,2,ASK
2018-12-17 09:53:25,UNH,259.68,1,BID
2018-12-17 09:53:22,UNH,259.77,2,ASK
2018-12-17 09:53:21,UNH,259.61,2,BID
2018-12-17 09:53:26,UNH,259.71,1,ASK
2018-12-17 09:53:28,UNH,259.61,4,BID
2018-12-17 09:53:28,UNH,259.71,1,ASK
2018-12-17 09:53:28,UNH,259.53,1,BID
2018-12-17 09:53:28,UNH,259.66,2,ASK
2018-12-17 09:53:29,UNH,259.51,1,BID
2018-12-17 09:53:29,UNH,259.66,2,ASK
2018-12-17 09:53:29,UNH,259.5,6,BID
2018-12-17 09:53:30,UNH,259.66,3,ASK
2018-12-17 09:53:29,UNH,259.5,6,BID
2018-12-17 09:53:31,UNH,259.65,1,ASK
2018-12-17 09:53:29,UNH,259.5,6,BID
2018-12-17 09:53:31,UNH,259.65,1,ASK
2018-12-17 09:53:29,UNH,259.5,6,BID
2018-12-17 09:53:33,UNH,259.65,2,ASK
2018-12-17 09:53:29,UNH,259.5,6,BID
2018-12-17 09:53:34,UNH,259.64,1,ASK
2018-12-17 09:53:35,UNH,259.41,4,BID
2018-12-17 09:53:35,UNH,259.63,4,ASK
2018-12-17 09:53:35,UNH,259.41,4,BID
2018-12-17 09:53:35,UNH,259.63,6,ASK
2018-12-17 09:53:35,UNH,259.41,4,BID
2018-12-17 09:53:35,UNH,259.63,6,ASK
2018-12-17 09:53:35,UNH,259.41,4,BID
2018-12-17 09:53:38,UNH,259.63,8,ASK
2018-12-17 09:53:35,UNH,259.41,4,BID
2018-12-17 09:53:38,UNH,259.63,8,ASK
2018-12-17 09:53:35,UNH,259.41,4,BID
2018-12-17 09:53:40,UNH,259.63,8,ASK
2018-12-17 09:53:42,UNH,259.32,1,BID
2018-12-17 09:53:42,UNH,259.41,3,ASK
2018-12-17 09:47:06,UNH,259.19,4,BID
2018-12-17 09:53:42,UNH,259.41,5,ASK
2018-12-17 09:53:44,UNH,259.15,3,BID
2018-12-17 09:53:44,UNH,259.34,1,ASK
2018-12-17 09:53:44,UNH,259.15,3,BID
2018-12-17 09:53:44,UNH,259.33,2,ASK
2018-12-17 09:53:44,UNH,259.15,3,BID
2018-12-17 09:53:44,UNH,259.33,2,ASK
2018-12-17 09:53:44,UNH,259.15,3,BID
2018-12-17 09:53:44,UNH,259.33,2,ASK
2018-12-17 09:53:44,UNH,259.15,3,BID
2018-12-17 09:53:44,UNH,259.33,2,ASK
2018-12-17 09:53:44,UNH,259.15,3,BID
2018-12-17 09:53:49,UNH,259.3,1,ASK
2018-12-17 09:53:50,UNH,259.18,2,BID
2018-12-17 09:53:50,UNH,259.3,2,ASK
2018-12-17 09:53:51,UNH,259.2,1,BID
2018-12-17 09:53:51,UNH,259.3,4,ASK
2018-12-17 09:53:51,UNH,259.2,1,BID
2018-12-17 09:53:51,UNH,259.3,4,ASK
2018-12-17 09:53:52,UNH,259.25,1,BID
2018-12-17 09:53:52,UNH,259.37,1,ASK
2018-12-17 09:53:53,UNH,259.3,1,BID
2018-12-17 09:53:43,UNH,259.41,7,ASK
2018-12-17 09:53:54,UNH,259.3,2,BID
2018-12-17 09:53:43,UNH,259.41,8,ASK
2018-12-17 09:53:56,UNH,259.32,1,BID
2018-12-17 09:53:43,UNH,259.41,8,ASK
2018-12-17 09:53:56,UNH,259.32,1,BID
2018-12-17 09:53:43,UNH,259.41,8,ASK
2018-12-17 09:53:56,UNH,259.32,1,BID
2018-12-17 09:53:43,UNH,259.41,8,ASK
2018-12-17 09:53:52,UNH,259.2,2,BID
2018-12-17 09:53:58,UNH,259.4,4,ASK
2018-12-17 09:53:52,UNH,259.2,2,BID
2018-12-17 09:54:00,UNH,259.31,1,ASK
2018-12-17 09:54:00,UNH,259.14,2,BID
2018-12-17 09:54:01,UNH,259.3,1,ASK
2018-12-17 09:54:00,UNH,259.14,2,BID
2018-12-17 09:54:01,UNH,259.3,1,ASK
2018-12-17 09:54:00,UNH,259.14,2,BID
2018-12-17 09:54:02,UNH,259.3,1,ASK
2018-12-17 09:54:03,UNH,259.1,5,BID
2018-12-17 09:54:03,UNH,259.25,9,ASK
2018-12-17 09:54:03,UNH,259.1,5,BID
2018-12-17 09:54:03,UNH,259.25,9,ASK
2018-12-17 09:54:03,UNH,259.1,5,BID
2018-12-17 09:54:03,UNH,259.25,9,ASK
2018-12-17 09:54:03,UNH,259.1,5,BID
2018-12-17 09:54:03,UNH,259.25,9,ASK
2018-12-17 09:54:07,UNH,259.16,2,BID
2018-12-17 09:54:07,UNH,259.35,6,ASK
2018-12-17 09:54:07,UNH,259.16,2,BID
2018-12-17 09:54:07,UNH,259.35,6,ASK
2018-12-17 09:54:09,UNH,259.16,4,BID
2018-12-17 09:54:09,UNH,259.35,6,ASK
2018-12-17 09:54:09,UNH,259.16,4,BID
2018-12-17 09:54:09,UNH,259.35,6,ASK
2018-12-17 09:54:09,UNH,259.16,4,BID
2018-12-17 09:54:09,UNH,259.35,6,ASK
2018-12-17 09:54:11,UNH,259.25,2,BID
2018-12-17 09:54:11,UNH,259.35,5,ASK
2018-12-17 09:54:12,UNH,259.25,2,BID
2018-12-17 09:53:58,UNH,259.4,4,ASK
2018-12-17 09:54:12,UNH,259.25,2,BID
2018-12-17 09:53:58,UNH,259.4,4,ASK
2018-12-17 09:54:14,UNH,259.25,2,BID
2018-12-17 09:53:58,UNH,259.4,4,ASK
2018-12-17 09:54:14,UNH,259.25,2,BID
2018-12-17 09:53:58,UNH,259.4,4,ASK
2018-12-17 09:54:14,UNH,259.25,2,BID
2018-12-17 09:53:58,UNH,259.4,4,ASK
2018-12-17 09:54:17,UNH,259.25,2,BID
2018-12-17 09:54:17,UNH,259.39,2,ASK
2018-12-17 09:54:17,UNH,259.25,2,BID
2018-12-17 09:54:17,UNH,259.39,2,ASK
2018-12-17 09:54:20,UNH,259.33,2,BID
2018-12-17 09:53:42,UNH,259.41,8,ASK
2018-12-17 09:54:20,UNH,259.33,2,BID
2018-12-17 09:53:42,UNH,259.41,8,ASK
2018-12-17 09:54:20,UNH,259.33,2,BID
2018-12-17 09:53:42,UNH,259.41,8,ASK
2018-12-17 09:54:24,UNH,259.25,3,BID
2018-12-17 09:54:24,UNH,259.38,1,ASK
2018-12-17 09:54:24,UNH,259.25,3,BID
2018-12-17 09:54:24,UNH,259.38,1,ASK
2018-12-17 09:54:26,UNH,259.22,1,BID
2018-12-17 09:54:26,UNH,259.39,1,ASK
2018-12-17 09:54:27,UNH,259.25,2,BID
2018-12-17 09:53:42,UNH,259.41,8,ASK
2018-12-17 09:54:28,UNH,259.25,3,BID
2018-12-17 09:53:42,UNH,259.41,8,ASK
2018-12-17 09:54:29,UNH,259.25,4,BID
2018-12-17 09:53:42,UNH,259.41,8,ASK
2018-12-17 09:54:30,UNH,259.25,4,BID
2018-12-17 09:53:42,UNH,259.41,8,ASK
2018-12-17 09:54:31,UNH,259.25,4,BID
2018-12-17 09:53:42,UNH,259.41,8,ASK
2018-12-17 09:54:31,UNH,259.25,4,BID
2018-12-17 09:53:42,UNH,259.41,8,ASK
2018-12-17 09:54:31,UNH,259.25,4,BID
2018-12-17 09:53:42,UNH,259.41,8,ASK
2018-12-17 09:54:31,UNH,259.25,4,BID
2018-12-17 09:53:42,UNH,259.41,8,ASK
2018-12-17 09:54:31,UNH,259.25,4,BID
2018-12-17 09:53:42,UNH,259.41,8,ASK
2018-12-17 09:54:36,UNH,259.25,4,BID
2018-12-17 09:53:42,UNH,259.41,8,ASK
2018-12-17 09:54:36,UNH,259.25,4,BID
2018-12-17 09:53:42,UNH,259.41,8,ASK
2018-12-17 09:54:36,UNH,259.25,4,BID
2018-12-17 09:53:42,UNH,259.41,8,ASK
2018-12-17 09:54:39,UNH,259.25,4,BID
2018-12-17 09:53:42,UNH,259.41,9,ASK
2018-12-17 09:54:40,UNH,259.25,4,BID
2018-12-17 09:54:40,UNH,259.4,1,ASK
2018-12-17 09:54:40,UNH,259.25,4,BID
2018-12-17 09:54:40,UNH,259.4,1,ASK
2018-12-17 09:54:40,UNH,259.25,4,BID
2018-12-17 09:54:40,UNH,259.4,1,ASK
2018-12-17 09:54:43,UNH,259.25,4,BID
2018-12-17 09:54:43,UNH,259.4,1,ASK
2018-12-17 09:54:43,UNH,259.25,4,BID
2018-12-17 09:54:43,UNH,259.4,1,ASK
2018-12-17 09:54:43,UNH,259.25,4,BID
2018-12-17 09:54:43,UNH,259.4,1,ASK
2018-12-17 09:54:43,UNH,259.25,4,BID
2018-12-17 09:54:43,UNH,259.4,1,ASK
2018-12-17 09:54:47,UNH,259.15,1,BID
2018-12-17 09:54:47,UNH,259.25,2,ASK
2018-12-17 09:54:48,UNH,259.15,1,BID
2018-12-17 09:54:48,UNH,259.23,1,ASK
2018-12-17 09:54:48,UNH,259.15,1,BID
2018-12-17 09:54:48,UNH,259.23,1,ASK
2018-12-17 09:54:50,UNH,259.15,2,BID
2018-12-17 09:54:50,UNH,259.23,2,ASK
2018-12-17 09:54:50,UNH,259.15,2,BID
2018-12-17 09:54:50,UNH,259.23,2,ASK
2018-12-17 09:54:52,UNH,259.12,1,BID
2018-12-17 09:54:52,UNH,259.19,1,ASK
2018-12-17 09:54:52,UNH,259.12,1,BID
2018-12-17 09:54:52,UNH,259.19,2,ASK
2018-12-17 09:54:53,UNH,259.12,1,BID
2018-12-17 09:54:53,UNH,259.23,3,ASK
2018-12-17 09:54:53,UNH,259.12,1,BID
2018-12-17 09:54:53,UNH,259.23,3,ASK
2018-12-17 09:54:53,UNH,259.12,1,BID
2018-12-17 09:54:53,UNH,259.23,3,ASK
2018-12-17 09:54:53,UNH,259.12,1,BID
2018-12-17 09:54:53,UNH,259.23,3,ASK
2018-12-17 09:54:53,UNH,259.12,1,BID
2018-12-17 09:54:53,UNH,259.23,3,ASK
2018-12-17 09:54:59,UNH,259.12,2,BID
2018-12-17 09:54:59,UNH,259.23,3,ASK
2018-12-17 09:55:00,UNH,259.12,2,BID
2018-12-17 09:55:00,UNH,259.23,3,ASK
2018-12-17 09:55:01,UNH,259.26,1,BID
2018-12-17 09:55:01,UNH,259.29,1,ASK
2018-12-17 09:55:01,UNH,259.26,1,BID
2018-12-17 09:55:01,UNH,259.29,1,ASK
2018-12-17 09:55:01,UNH,259.13,1,BID
2018-12-17 09:55:01,UNH,259.29,1,ASK
2018-12-17 09:55:02,UNH,259.13,3,BID
2018-12-17 09:55:02,UNH,259.29,2,ASK
2018-12-17 09:55:03,UNH,259.19,1,BID
2018-12-17 09:55:03,UNH,259.33,1,ASK
2018-12-17 09:55:04,UNH,259.19,1,BID
2018-12-17 09:55:03,UNH,259.33,2,ASK
2018-12-17 09:55:04,UNH,259.19,1,BID
2018-12-17 09:55:03,UNH,259.33,2,ASK
2018-12-17 09:55:04,UNH,259.2,1,BID
2018-12-17 09:55:04,UNH,259.33,3,ASK
2018-12-17 09:55:05,UNH,259.19,1,BID
2018-12-17 09:55:05,UNH,259.34,1,ASK
2018-12-17 09:55:06,UNH,259.21,1,BID
2018-12-17 09:55:06,UNH,259.34,1,ASK
2018-12-17 09:55:06,UNH,259.21,1,BID
2018-12-17 09:55:06,UNH,259.34,1,ASK
2018-12-17 09:55:10,UNH,259.21,2,BID
2018-12-17 09:55:10,UNH,259.34,1,ASK
2018-12-17 09:55:12,UNH,259.21,2,BID
2018-12-17 09:55:12,UNH,259.29,10,ASK
2018-12-17 09:55:13,UNH,259.12,4,BID
2018-12-17 09:55:13,UNH,259.28,2,ASK
2018-12-17 09:55:13,UNH,259.12,4,BID
2018-12-17 09:55:13,UNH,259.28,2,ASK
2018-12-17 09:55:13,UNH,259.12,4,BID
2018-12-17 09:55:13,UNH,259.28,2,ASK
2018-12-17 09:55:13,UNH,259.12,4,BID
2018-12-17 09:55:13,UNH,259.28,2,ASK
2018-12-17 09:55:13,UNH,259.12,4,BID
2018-12-17 09:55:13,UNH,259.28,2,ASK
2018-12-17 09:55:19,UNH,259.12,4,BID
2018-12-17 09:55:19,UNH,259.28,2,ASK
2018-12-17 09:55:20,UNH,259.12,4,BID
2018-12-17 09:55:20,UNH,259.28,4,ASK
2018-12-17 09:55:21,UNH,259.12,4,BID
2018-12-17 09:55:20,UNH,259.28,4,ASK
2018-12-17 09:55:21,UNH,259.12,4,BID
2018-12-17 09:55:20,UNH,259.28,4,ASK
2018-12-17 09:55:21,UNH,259.12,4,BID
2018-12-17 09:55:20,UNH,259.28,4,ASK
2018-12-17 09:55:21,UNH,259.12,4,BID
2018-12-17 09:55:20,UNH,259.28,4,ASK
2018-12-17 09:55:21,UNH,259.12,4,BID
2018-12-17 09:55:20,UNH,259.28,4,ASK
2018-12-17 09:55:26,UNH,259.12,4,BID
2018-12-17 09:55:20,UNH,259.28,4,ASK
2018-12-17 09:55:27,UNH,259.15,6,BID
2018-12-17 09:55:20,UNH,259.28,4,ASK
2018-12-17 09:55:28,UNH,259.15,6,BID
2018-12-17 09:55:28,UNH,259.28,6,ASK
2018-12-17 09:55:30,UNH,259.15,6,BID
2018-12-17 09:55:30,UNH,259.28,6,ASK
2018-12-17 09:55:30,UNH,259.15,6,BID
2018-12-17 09:55:30,UNH,259.28,6,ASK
2018-12-17 09:55:30,UNH,259.15,6,BID
2018-12-17 09:55:30,UNH,259.28,6,ASK
2018-12-17 09:55:32,UNH,259.15,6,BID
2018-12-17 09:55:32,UNH,259.28,6,ASK
2018-12-17 09:55:33,UNH,259.15,6,BID
2018-12-17 09:55:33,UNH,259.28,6,ASK
2018-12-17 09:55:33,UNH,259.15,6,BID
2018-12-17 09:55:33,UNH,259.28,6,ASK
2018-12-17 09:55:33,UNH,259.15,6,BID
2018-12-17 09:55:33,UNH,259.28,6,ASK
2018-12-17 09:55:36,UNH,259.16,1,BID
2018-12-17 09:55:36,UNH,259.24,1,ASK
2018-12-17 09:55:38,UNH,259.06,2,BID
2018-12-17 09:55:38,UNH,259.18,1,ASK
2018-12-17 09:55:38,UNH,259.06,3,BID
2018-12-17 09:55:38,UNH,259.18,1,ASK
2018-12-17 09:55:38,UNH,259.06,3,BID
2018-12-17 09:55:38,UNH,259.18,1,ASK
2018-12-17 09:55:40,UNH,259.07,1,BID
2018-12-17 09:55:40,UNH,259.18,4,ASK
2018-12-17 09:55:41,UNH,259.06,3,BID
2018-12-17 09:55:41,UNH,259.18,4,ASK
2018-12-17 09:55:41,UNH,259.06,3,BID
2018-12-17 09:55:42,UNH,259.18,4,ASK
2018-12-17 09:55:41,UNH,259.06,3,BID
2018-12-17 09:55:42,UNH,259.18,4,ASK
2018-12-17 09:55:44,UNH,259.0,3,BID
2018-12-17 09:55:44,UNH,259.18,4,ASK
2018-12-17 09:55:45,UNH,259.0,2,BID
2018-12-17 09:55:45,UNH,259.17,1,ASK
2018-12-17 09:55:46,UNH,258.99,3,BID
2018-12-17 09:55:46,UNH,259.17,2,ASK
2018-12-17 09:55:46,UNH,258.99,3,BID
2018-12-17 09:55:46,UNH,259.17,2,ASK
2018-12-17 09:55:46,UNH,258.99,3,BID
2018-12-17 09:55:46,UNH,259.17,2,ASK
2018-12-17 09:55:46,UNH,258.99,3,BID
2018-12-17 09:55:46,UNH,259.17,2,ASK
2018-12-17 09:55:46,UNH,258.99,3,BID
2018-12-17 09:55:46,UNH,259.17,2,ASK
2018-12-17 09:55:46,UNH,258.99,3,BID
2018-12-17 09:55:46,UNH,259.17,2,ASK
2018-12-17 09:55:52,UNH,258.99,3,BID
2018-12-17 09:55:52,UNH,259.17,4,ASK
2018-12-17 09:55:52,UNH,258.99,3,BID
2018-12-17 09:55:52,UNH,259.17,4,ASK
2018-12-17 09:55:54,UNH,258.98,1,BID
2018-12-17 09:55:54,UNH,259.1,4,ASK
2018-12-17 09:55:55,UNH,258.98,1,BID
2018-12-17 09:55:55,UNH,259.1,5,ASK
2018-12-17 09:55:57,UNH,258.91,1,BID
2018-12-17 09:55:57,UNH,259.1,5,ASK
2018-12-17 09:55:57,UNH,258.91,1,BID
2018-12-17 09:55:57,UNH,259.1,5,ASK
2018-12-17 09:55:58,UNH,258.9,1,BID
2018-12-17 09:55:58,UNH,259.08,1,ASK
2018-12-17 09:56:00,UNH,258.9,1,BID
2018-12-17 09:56:00,UNH,259.08,1,ASK
2018-12-17 09:56:00,UNH,258.9,1,BID
2018-12-17 09:56:00,UNH,259.08,3,ASK
2018-12-17 09:56:01,UNH,258.89,5,BID
2018-12-17 09:56:01,UNH,259.08,3,ASK
2018-12-17 09:56:02,UNH,258.89,4,BID
2018-12-17 09:56:02,UNH,259.08,3,ASK
2018-12-17 09:56:02,UNH,258.89,4,BID
2018-12-17 09:56:02,UNH,259.08,3,ASK
2018-12-17 09:56:04,UNH,258.89,4,BID
2018-12-17 09:56:04,UNH,259.08,10,ASK
2018-12-17 09:56:04,UNH,258.89,4,BID
2018-12-17 09:56:04,UNH,259.08,10,ASK
2018-12-17 09:56:07,UNH,258.91,1,BID
2018-12-17 09:56:07,UNH,259.08,10,ASK
2018-12-17 09:56:07,UNH,258.91,1,BID
2018-12-17 09:56:07,UNH,259.08,10,ASK
2018-12-17 09:56:07,UNH,258.91,1,BID
2018-12-17 09:56:07,UNH,259.08,10,ASK
2018-12-17 09:56:08,UNH,258.91,2,BID
2018-12-17 09:56:08,UNH,259.08,10,ASK
2018-12-17 09:56:08,UNH,258.91,2,BID
2018-12-17 09:56:08,UNH,259.08,10,ASK
2018-12-17 09:56:12,UNH,258.92,3,BID
2018-12-17 09:56:12,UNH,259.08,10,ASK
2018-12-17 09:56:12,UNH,258.89,4,BID
2018-12-17 09:56:12,UNH,258.99,2,ASK
2018-12-17 09:56:12,UNH,258.89,4,BID
2018-12-17 09:56:12,UNH,258.99,2,ASK
2018-12-17 09:56:15,UNH,258.85,2,BID
2018-12-17 09:56:15,UNH,258.99,5,ASK
2018-12-17 09:56:15,UNH,258.85,2,BID
2018-12-17 09:56:15,UNH,258.99,5,ASK
2018-12-17 09:56:15,UNH,258.85,2,BID
2018-12-17 09:56:15,UNH,258.99,5,ASK
2018-12-17 09:56:15,UNH,258.85,2,BID
2018-12-17 09:56:15,UNH,258.99,5,ASK
2018-12-17 09:56:18,UNH,258.81,2,BID
2018-12-17 09:56:18,UNH,258.9,3,ASK
2018-12-17 09:56:19,UNH,258.74,1,BID
2018-12-17 09:56:19,UNH,258.85,5,ASK
2018-12-17 09:56:21,UNH,258.65,4,BID
2018-12-17 09:56:21,UNH,258.79,13,ASK
2018-12-17 09:56:21,UNH,258.65,4,BID
2018-12-17 09:56:21,UNH,258.79,13,ASK
2018-12-17 09:56:21,UNH,258.65,4,BID
2018-12-17 09:56:21,UNH,258.79,13,ASK
2018-12-17 09:56:21,UNH,258.65,4,BID
2018-12-17 09:56:21,UNH,258.79,13,ASK
2018-12-17 09:56:24,UNH,258.65,4,BID
2018-12-17 09:56:24,UNH,258.79,13,ASK
2018-12-17 09:56:24,UNH,258.65,4,BID
2018-12-17 09:56:24,UNH,258.79,13,ASK
2018-12-17 09:56:24,UNH,258.65,4,BID
2018-12-17 09:56:24,UNH,258.79,13,ASK
2018-12-17 09:56:27,UNH,258.65,6,BID
2018-12-17 09:56:27,UNH,258.79,13,ASK
2018-12-17 09:56:28,UNH,258.65,6,BID
2018-12-17 09:56:28,UNH,258.79,13,ASK
2018-12-17 09:56:28,UNH,258.65,6,BID
2018-12-17 09:56:28,UNH,258.79,13,ASK
2018-12-17 09:56:30,UNH,258.65,6,BID
2018-12-17 09:56:30,UNH,258.79,13,ASK
2018-12-17 09:56:30,UNH,258.65,6,BID
2018-12-17 09:56:30,UNH,258.79,13,ASK
2018-12-17 09:56:30,UNH,258.65,6,BID
2018-12-17 09:56:30,UNH,258.79,13,ASK
2018-12-17 09:44:21,UNH,258.6,7,BID
2018-12-17 09:56:33,UNH,258.72,3,ASK
2018-12-17 09:56:35,UNH,258.54,1,BID
2018-12-17 09:56:35,UNH,258.72,3,ASK
2018-12-17 09:56:35,UNH,258.54,1,BID
2018-12-17 09:56:35,UNH,258.72,3,ASK
2018-12-17 09:56:35,UNH,258.54,1,BID
2018-12-17 09:56:35,UNH,258.72,3,ASK
2018-12-17 09:56:37,UNH,258.56,1,BID
2018-12-17 09:56:37,UNH,258.63,2,ASK
2018-12-17 09:56:38,UNH,258.56,2,BID
2018-12-17 09:56:38,UNH,258.69,4,ASK
2018-12-17 09:56:38,UNH,258.56,3,BID
2018-12-17 09:56:39,UNH,258.69,4,ASK
2018-12-17 09:56:38,UNH,258.56,3,BID
2018-12-17 09:56:39,UNH,258.69,4,ASK
2018-12-17 09:56:38,UNH,258.56,3,BID
2018-12-17 09:56:39,UNH,258.69,4,ASK
2018-12-17 09:56:38,UNH,258.56,3,BID
2018-12-17 09:56:39,UNH,258.69,4,ASK
2018-12-17 09:56:38,UNH,258.56,3,BID
2018-12-17 09:56:39,UNH,258.69,4,ASK
2018-12-17 09:56:38,UNH,258.56,3,BID
2018-12-17 09:56:39,UNH,258.69,4,ASK
2018-12-17 09:56:46,UNH,258.57,1,BID
2018-12-17 09:56:46,UNH,258.68,3,ASK
2018-12-17 09:56:46,UNH,258.57,2,BID
2018-12-17 09:56:46,UNH,258.68,3,ASK
2018-12-17 09:56:47,UNH,258.57,3,BID
2018-12-17 09:56:47,UNH,258.68,6,ASK
2018-12-17 09:56:47,UNH,258.57,3,BID
2018-12-17 09:56:47,UNH,258.68,6,ASK
2018-12-17 09:56:47,UNH,258.57,3,BID
2018-12-17 09:56:47,UNH,258.68,6,ASK
2018-12-17 09:56:50,UNH,258.58,1,BID
2018-12-17 09:56:50,UNH,258.67,2,ASK
2018-12-17 09:56:50,UNH,258.58,1,BID
2018-12-17 09:56:50,UNH,258.67,2,ASK
2018-12-17 09:56:53,UNH,258.7,1,BID
2018-12-17 09:56:53,UNH,258.75,1,ASK
2018-12-17 09:56:53,UNH,258.72,3,BID
2018-12-17 09:56:53,UNH,258.79,13,ASK
2018-12-17 09:56:55,UNH,258.66,2,BID
2018-12-17 09:56:55,UNH,258.75,6,ASK
2018-12-17 09:56:55,UNH,258.66,2,BID
2018-12-17 09:56:55,UNH,258.75,6,ASK
2018-12-17 09:56:55,UNH,258.66,2,BID
2018-12-17 09:56:55,UNH,258.75,6,ASK
2018-12-17 09:56:55,UNH,258.66,2,BID
2018-12-17 09:56:55,UNH,258.75,6,ASK
2018-12-17 09:56:55,UNH,258.66,2,BID
2018-12-17 09:56:55,UNH,258.75,6,ASK
2018-12-17 09:56:55,UNH,258.66,2,BID
2018-12-17 09:56:55,UNH,258.75,6,ASK
2018-12-17 09:57:00,UNH,258.66,2,BID
2018-12-17 09:57:00,UNH,258.75,6,ASK
2018-12-17 09:57:01,UNH,258.67,4,BID
2018-12-17 09:57:01,UNH,258.75,6,ASK
2018-12-17 09:57:01,UNH,258.67,4,BID
2018-12-17 09:57:01,UNH,258.75,6,ASK
2018-12-17 09:57:03,UNH,258.67,5,BID
2018-12-17 09:57:03,UNH,258.75,6,ASK
2018-12-17 09:57:04,UNH,258.58,1,BID
2018-12-17 09:57:04,UNH,258.69,4,ASK
2018-12-17 09:57:06,UNH,258.7,2,BID
2018-12-17 09:57:06,UNH,258.75,6,ASK
2018-12-17 09:57:06,UNH,258.7,2,BID
2018-12-17 09:57:06,UNH,258.75,6,ASK
2018-12-17 09:57:07,UNH,258.7,2,BID
2018-12-17 09:57:07,UNH,258.79,3,ASK
2018-12-17 09:57:07,UNH,258.7,2,BID
2018-12-17 09:57:07,UNH,258.79,3,ASK
2018-12-17 09:57:07,UNH,258.7,2,BID
2018-12-17 09:57:07,UNH,258.79,3,ASK
2018-12-17 09:57:07,UNH,258.7,2,BID
2018-12-17 09:57:07,UNH,258.79,3,ASK
2018-12-17 09:57:07,UNH,258.7,2,BID
2018-12-17 09:57:07,UNH,258.79,3,ASK
2018-12-17 09:57:07,UNH,258.7,2,BID
2018-12-17 09:57:07,UNH,258.79,3,ASK
2018-12-17 09:57:07,UNH,258.7,2,BID
2018-12-17 09:57:07,UNH,258.79,3,ASK
2018-12-17 09:57:07,UNH,258.7,2,BID
2018-12-17 09:57:07,UNH,258.79,3,ASK
2018-12-17 09:57:07,UNH,258.7,2,BID
2018-12-17 09:57:07,UNH,258.79,3,ASK
2018-12-17 09:57:07,UNH,258.7,2,BID
2018-12-17 09:57:07,UNH,258.79,3,ASK
2018-12-17 09:57:07,UNH,258.7,2,BID
2018-12-17 09:57:07,UNH,258.79,3,ASK
2018-12-17 09:57:19,UNH,258.7,5,BID
2018-12-17 09:57:19,UNH,258.79,3,ASK
2018-12-17 09:57:20,UNH,258.7,5,BID
2018-12-17 09:57:20,UNH,258.79,4,ASK
2018-12-17 09:57:21,UNH,258.8,1,BID
2018-12-17 09:57:21,UNH,258.86,2,ASK
2018-12-17 09:57:22,UNH,258.81,1,BID
2018-12-17 09:57:22,UNH,258.86,2,ASK
2018-12-17 09:57:22,UNH,258.81,1,BID
2018-12-17 09:57:22,UNH,258.86,2,ASK
2018-12-17 09:57:24,UNH,258.8,3,BID
2018-12-17 09:57:24,UNH,258.91,4,ASK
2018-12-17 09:57:24,UNH,258.8,4,BID
2018-12-17 09:57:24,UNH,258.91,4,ASK
2018-12-17 09:57:26,UNH,258.8,4,BID
2018-12-17 09:57:26,UNH,258.86,5,ASK
2018-12-17 09:57:27,UNH,258.82,1,BID
2018-12-17 09:57:27,UNH,258.86,2,ASK
2018-12-17 09:57:27,UNH,258.86,1,BID
2018-12-17 09:57:27,UNH,258.92,1,ASK
2018-12-17 09:57:29,UNH,258.89,3,BID
2018-12-17 09:57:29,UNH,259.0,3,ASK
2018-12-17 09:57:30,UNH,258.89,3,BID
2018-12-17 09:57:30,UNH,259.0,3,ASK
2018-12-17 09:57:30,UNH,258.89,3,BID
2018-12-17 09:57:30,UNH,259.0,3,ASK
2018-12-17 09:57:31,UNH,258.89,4,BID
2018-12-17 09:57:31,UNH,259.0,3,ASK
2018-12-17 09:57:31,UNH,258.89,4,BID
2018-12-17 09:57:31,UNH,259.0,3,ASK
2018-12-17 09:57:34,UNH,258.96,1,BID
2018-12-17 09:57:34,UNH,259.09,4,ASK
2018-12-17 09:57:35,UNH,258.97,5,BID
2018-12-17 09:57:34,UNH,259.09,6,ASK
2018-12-17 09:57:36,UNH,259.04,1,BID
2018-12-17 09:57:36,UNH,259.13,1,ASK
2018-12-17 09:57:37,UNH,259.04,5,BID
2018-12-17 09:57:37,UNH,259.13,1,ASK
2018-12-17 09:57:38,UNH,259.05,1,BID
2018-12-17 09:57:38,UNH,259.13,2,ASK
2018-12-17 09:57:39,UNH,258.93,2,BID
2018-12-17 09:57:38,UNH,259.05,3,ASK
2018-12-17 09:57:40,UNH,258.93,2,BID
2018-12-17 09:57:40,UNH,259.09,1,ASK
2018-12-17 09:57:41,UNH,258.93,2,BID
2018-12-17 09:57:41,UNH,259.09,2,ASK
2018-12-17 09:57:42,UNH,258.94,4,BID
2018-12-17 09:57:42,UNH,258.99,2,ASK
2018-12-17 09:57:43,UNH,258.95,3,BID
2018-12-17 09:57:41,UNH,259.09,5,ASK
2018-12-17 09:57:44,UNH,259.01,2,BID
2018-12-17 09:57:44,UNH,259.12,2,ASK
2018-12-17 09:57:44,UNH,259.01,2,BID
2018-12-17 09:57:44,UNH,259.12,2,ASK
2018-12-17 09:57:45,UNH,259.01,2,BID
2018-12-17 09:57:45,UNH,259.12,3,ASK
2018-12-17 09:57:45,UNH,259.01,2,BID
2018-12-17 09:57:45,UNH,259.12,3,ASK
2018-12-17 09:57:48,UNH,259.01,4,BID
2018-12-17 09:57:48,UNH,259.12,4,ASK
2018-12-17 09:57:48,UNH,259.01,4,BID
2018-12-17 09:57:48,UNH,259.12,4,ASK
2018-12-17 09:57:49,UNH,259.01,4,BID
2018-12-17 09:57:49,UNH,259.12,4,ASK
2018-12-17 09:57:49,UNH,259.01,4,BID
2018-12-17 09:57:49,UNH,259.12,4,ASK
2018-12-17 09:57:51,UNH,259.01,4,BID
2018-12-17 09:57:49,UNH,259.12,4,ASK
2018-12-17 09:57:51,UNH,259.01,4,BID
2018-12-17 09:57:49,UNH,259.12,4,ASK
2018-12-17 09:57:51,UNH,259.01,4,BID
2018-12-17 09:57:49,UNH,259.12,4,ASK
2018-12-17 09:57:54,UNH,259.01,4,BID
2018-12-17 09:57:54,UNH,259.12,4,ASK
2018-12-17 09:57:54,UNH,259.01,4,BID
2018-12-17 09:57:54,UNH,259.12,4,ASK
2018-12-17 09:57:56,UNH,258.98,1,BID
2018-12-17 09:57:54,UNH,259.12,4,ASK
2018-12-17 09:57:58,UNH,259.02,1,BID
2018-12-17 09:57:54,UNH,259.12,4,ASK
2018-12-17 09:57:58,UNH,259.02,3,BID
2018-12-17 09:57:58,UNH,259.12,4,ASK
2018-12-17 09:57:58,UNH,259.02,3,BID
2018-12-17 09:57:58,UNH,259.12,4,ASK
2018-12-17 09:58:01,UNH,259.12,1,BID
2018-12-17 09:58:01,UNH,259.17,3,ASK
2018-12-17 09:58:02,UNH,259.05,1,BID
2018-12-17 09:55:44,UNH,259.18,5,ASK
2018-12-17 09:58:03,UNH,259.05,2,BID
2018-12-17 09:55:44,UNH,259.18,5,ASK
2018-12-17 09:58:04,UNH,259.09,1,BID
2018-12-17 09:55:44,UNH,259.18,4,ASK
2018-12-17 09:58:04,UNH,259.09,1,BID
2018-12-17 09:55:44,UNH,259.18,4,ASK
2018-12-17 09:58:04,UNH,259.09,1,BID
2018-12-17 09:55:44,UNH,259.18,4,ASK
2018-12-17 09:58:07,UNH,259.09,3,BID
2018-12-17 09:58:07,UNH,259.23,3,ASK
2018-12-17 09:58:08,UNH,259.08,4,BID
2018-12-17 09:58:08,UNH,259.23,3,ASK
2018-12-17 09:58:08,UNH,259.08,4,BID
2018-12-17 09:58:08,UNH,259.23,3,ASK
2018-12-17 09:58:10,UNH,259.08,5,BID
2018-12-17 09:58:10,UNH,259.23,3,ASK
2018-12-17 09:58:11,UNH,259.17,1,BID
2018-12-17 09:58:10,UNH,259.23,3,ASK
2018-12-17 09:58:12,UNH,259.17,3,BID
2018-12-17 09:58:10,UNH,259.23,3,ASK
2018-12-17 09:58:13,UNH,259.18,3,BID
2018-12-17 09:58:13,UNH,259.23,6,ASK
2018-12-17 09:58:14,UNH,259.18,3,BID
2018-12-17 09:58:14,UNH,259.23,8,ASK
2018-12-17 09:58:15,UNH,259.13,3,BID
2018-12-17 09:58:13,UNH,259.23,8,ASK
2018-12-17 09:58:15,UNH,259.13,3,BID
2018-12-17 09:58:13,UNH,259.23,8,ASK
2018-12-17 09:58:15,UNH,259.13,3,BID
2018-12-17 09:58:13,UNH,259.23,8,ASK
2018-12-17 09:58:15,UNH,259.13,3,BID
2018-12-17 09:58:13,UNH,259.23,8,ASK
2018-12-17 09:58:15,UNH,259.13,3,BID
2018-12-17 09:58:13,UNH,259.23,8,ASK
2018-12-17 09:58:15,UNH,259.13,3,BID
2018-12-17 09:58:13,UNH,259.23,8,ASK
2018-12-17 09:58:21,UNH,259.26,1,BID
2018-12-17 09:58:21,UNH,259.3,1,ASK
2018-12-17 09:58:21,UNH,259.27,1,BID
2018-12-17 09:58:21,UNH,259.38,2,ASK
2018-12-17 09:58:23,UNH,259.28,1,BID
2018-12-17 09:58:23,UNH,259.38,2,ASK
2018-12-17 09:58:24,UNH,259.28,2,BID
2018-12-17 09:58:24,UNH,259.38,2,ASK
2018-12-17 09:58:25,UNH,259.32,4,BID
2018-12-17 09:58:25,UNH,259.41,10,ASK
2018-12-17 09:58:25,UNH,259.32,4,BID
2018-12-17 09:58:25,UNH,259.41,10,ASK
2018-12-17 09:58:27,UNH,259.34,4,BID
2018-12-17 09:58:27,UNH,259.41,10,ASK
2018-12-17 09:58:28,UNH,259.35,1,BID
2018-12-17 09:58:28,UNH,259.41,10,ASK
2018-12-17 09:58:29,UNH,259.35,4,BID
2018-12-17 09:58:29,UNH,259.39,2,ASK
2018-12-17 09:58:30,UNH,259.35,4,BID
2018-12-17 09:58:30,UNH,259.39,2,ASK
2018-12-17 09:58:31,UNH,259.35,6,BID
2018-12-17 09:58:31,UNH,259.39,3,ASK
2018-12-17 09:58:32,UNH,259.36,2,BID
2018-12-17 09:58:32,UNH,259.39,1,ASK
2018-12-17 09:58:25,UNH,259.27,4,BID
2018-12-17 09:58:33,UNH,259.39,4,ASK
2018-12-17 09:58:25,UNH,259.27,4,BID
2018-12-17 09:58:34,UNH,259.39,5,ASK
2018-12-17 09:58:25,UNH,259.27,4,BID
2018-12-17 09:58:34,UNH,259.39,6,ASK
2018-12-17 09:58:25,UNH,259.27,4,BID
2018-12-17 09:58:35,UNH,259.38,2,ASK
2018-12-17 09:58:36,UNH,259.33,5,BID
2018-12-17 09:58:34,UNH,259.39,6,ASK
2018-12-17 09:58:36,UNH,259.33,5,BID
2018-12-17 09:58:34,UNH,259.39,6,ASK
2018-12-17 09:58:39,UNH,259.33,7,BID
2018-12-17 09:58:34,UNH,259.39,6,ASK
2018-12-17 09:58:39,UNH,259.33,7,BID
2018-12-17 09:58:34,UNH,259.39,6,ASK
2018-12-17 09:58:39,UNH,259.33,7,BID
2018-12-17 09:58:34,UNH,259.39,6,ASK
2018-12-17 09:58:25,UNH,259.27,4,BID
2018-12-17 09:58:34,UNH,259.39,6,ASK
2018-12-17 09:58:25,UNH,259.27,4,BID
2018-12-17 09:58:34,UNH,259.39,6,ASK
2018-12-17 09:58:25,UNH,259.27,4,BID
2018-12-17 09:58:34,UNH,259.39,6,ASK
2018-12-17 09:58:45,UNH,259.27,5,BID
2018-12-17 09:58:45,UNH,259.38,3,ASK
2018-12-17 09:58:45,UNH,259.27,5,BID
2018-12-17 09:58:45,UNH,259.38,3,ASK
2018-12-17 09:58:45,UNH,259.27,5,BID
2018-12-17 09:58:47,UNH,259.38,5,ASK
2018-12-17 09:58:45,UNH,259.27,5,BID
2018-12-17 09:58:48,UNH,259.36,3,ASK
2018-12-17 09:58:45,UNH,259.27,4,BID
2018-12-17 09:58:48,UNH,259.36,3,ASK
2018-12-17 09:58:50,UNH,259.31,1,BID
2018-12-17 09:58:50,UNH,259.36,2,ASK
2018-12-17 09:58:50,UNH,259.31,1,BID
2018-12-17 09:58:50,UNH,259.36,2,ASK
2018-12-17 09:58:52,UNH,259.22,1,BID
2018-12-17 09:58:52,UNH,259.32,2,ASK
2018-12-17 09:58:53,UNH,259.13,7,BID
2018-12-17 09:58:53,UNH,259.31,4,ASK
2018-12-17 09:58:54,UNH,259.13,5,BID
2018-12-17 09:58:54,UNH,259.3,3,ASK
2018-12-17 09:58:54,UNH,259.13,5,BID
2018-12-17 09:58:55,UNH,259.3,5,ASK
2018-12-17 09:58:54,UNH,259.13,5,BID
2018-12-17 09:58:56,UNH,259.3,5,ASK
2018-12-17 09:58:57,UNH,259.13,8,BID
2018-12-17 09:58:57,UNH,259.3,6,ASK
2018-12-17 09:58:58,UNH,259.15,1,BID
2018-12-17 09:58:58,UNH,259.3,7,ASK
2018-12-17 09:58:59,UNH,259.15,1,BID
2018-12-17 09:58:58,UNH,259.3,8,ASK
2018-12-17 09:59:00,UNH,259.15,1,BID
2018-12-17 09:58:58,UNH,259.3,8,ASK
2018-12-17 09:59:01,UNH,259.15,1,BID
2018-12-17 09:58:58,UNH,259.3,9,ASK
2018-12-17 09:59:02,UNH,259.15,3,BID
2018-12-17 09:58:58,UNH,259.3,9,ASK
2018-12-17 09:59:02,UNH,259.15,3,BID
2018-12-17 09:58:58,UNH,259.3,9,ASK
2018-12-17 09:59:02,UNH,259.15,3,BID
2018-12-17 09:58:58,UNH,259.3,9,ASK
2018-12-17 09:59:02,UNH,259.15,3,BID
2018-12-17 09:58:58,UNH,259.3,9,ASK
2018-12-17 09:59:06,UNH,259.17,1,BID
2018-12-17 09:59:06,UNH,259.29,2,ASK
2018-12-17 09:59:06,UNH,259.17,1,BID
2018-12-17 09:59:06,UNH,259.29,2,ASK
2018-12-17 09:59:06,UNH,259.17,1,BID
2018-12-17 09:59:06,UNH,259.29,2,ASK
2018-12-17 09:59:09,UNH,259.17,1,BID
2018-12-17 09:59:09,UNH,259.29,4,ASK
2018-12-17 09:59:10,UNH,259.17,2,BID
2018-12-17 09:59:10,UNH,259.29,4,ASK
2018-12-17 09:59:11,UNH,259.26,1,BID
2018-12-17 09:59:11,UNH,259.27,1,ASK
2018-12-17 09:59:12,UNH,259.29,3,BID
2018-12-17 09:59:12,UNH,259.36,3,ASK
2018-12-17 09:59:13,UNH,259.29,3,BID
2018-12-17 09:59:12,UNH,259.36,4,ASK
2018-12-17 09:59:14,UNH,259.2,1,BID
2018-12-17 09:59:14,UNH,259.29,2,ASK
2018-12-17 09:59:15,UNH,259.2,5,BID
2018-12-17 09:59:15,UNH,259.29,2,ASK
2018-12-17 09:59:16,UNH,259.17,3,BID
2018-12-17 09:59:16,UNH,259.29,4,ASK
2018-12-17 09:59:16,UNH,259.17,3,BID
2018-12-17 09:59:16,UNH,259.29,4,ASK
2018-12-17 09:59:16,UNH,259.17,3,BID
2018-12-17 09:59:16,UNH,259.29,4,ASK
2018-12-17 09:59:16,UNH,259.17,4,BID
2018-12-17 09:59:18,UNH,259.29,4,ASK
2018-12-17 09:59:16,UNH,259.17,5,BID
2018-12-17 09:59:20,UNH,259.29,5,ASK
2018-12-17 09:59:16,UNH,259.17,5,BID
2018-12-17 09:59:20,UNH,259.29,5,ASK
2018-12-17 09:59:16,UNH,259.17,5,BID
2018-12-17 09:59:20,UNH,259.29,5,ASK
2018-12-17 09:59:16,UNH,259.17,5,BID
2018-12-17 09:59:20,UNH,259.29,5,ASK
2018-12-17 09:59:16,UNH,259.17,5,BID
2018-12-17 09:59:20,UNH,259.29,5,ASK
2018-12-17 09:59:16,UNH,259.17,5,BID
2018-12-17 09:59:20,UNH,259.29,5,ASK
2018-12-17 09:59:16,UNH,259.17,5,BID
2018-12-17 09:59:20,UNH,259.29,5,ASK
2018-12-17 09:59:16,UNH,259.17,5,BID
2018-12-17 09:59:20,UNH,259.29,5,ASK
2018-12-17 09:59:16,UNH,259.17,5,BID
2018-12-17 09:59:20,UNH,259.29,5,ASK
2018-12-17 09:59:29,UNH,259.17,7,BID
2018-12-17 09:59:29,UNH,259.29,5,ASK
2018-12-17 09:59:30,UNH,259.17,7,BID
2018-12-17 09:59:30,UNH,259.29,5,ASK
2018-12-17 09:59:30,UNH,259.17,7,BID
2018-12-17 09:59:30,UNH,259.29,5,ASK
2018-12-17 09:59:32,UNH,259.2,1,BID
2018-12-17 09:59:32,UNH,259.29,5,ASK
2018-12-17 09:59:33,UNH,259.2,3,BID
2018-12-17 09:59:33,UNH,259.29,5,ASK
2018-12-17 09:59:33,UNH,259.2,3,BID
2018-12-17 09:59:33,UNH,259.29,5,ASK
2018-12-17 09:59:35,UNH,259.2,6,BID
2018-12-17 09:59:35,UNH,259.29,5,ASK
2018-12-17 09:59:36,UNH,259.36,3,BID
2018-12-17 09:59:36,UNH,259.44,2,ASK
2018-12-17 09:59:36,UNH,259.36,3,BID
2018-12-17 09:59:36,UNH,259.44,2,ASK
2018-12-17 09:59:36,UNH,259.36,3,BID
2018-12-17 09:59:36,UNH,259.44,2,ASK
2018-12-17 09:59:37,UNH,259.36,4,BID
2018-12-17 09:59:37,UNH,259.44,2,ASK
2018-12-17 09:59:37,UNH,259.36,4,BID
2018-12-17 09:59:37,UNH,259.44,2,ASK
2018-12-17 09:59:41,UNH,259.41,3,BID
2018-12-17 09:59:41,UNH,259.48,2,ASK
2018-12-17 09:59:42,UNH,259.42,1,BID
2018-12-17 09:59:42,UNH,259.45,1,ASK
2018-12-17 09:59:42,UNH,259.37,4,BID
2018-12-17 09:59:43,UNH,259.49,4,ASK
2018-12-17 09:59:42,UNH,259.37,4,BID
2018-12-17 09:59:43,UNH,259.49,4,ASK
2018-12-17 09:59:42,UNH,259.37,4,BID
2018-12-17 09:59:43,UNH,259.49,4,ASK
2018-12-17 09:59:42,UNH,259.37,4,BID
2018-12-17 09:59:43,UNH,259.49,4,ASK
2018-12-17 09:59:42,UNH,259.37,4,BID
2018-12-17 09:59:43,UNH,259.49,4,ASK
2018-12-17 09:59:48,UNH,259.38,1,BID
2018-12-17 09:59:48,UNH,259.49,5,ASK
2018-12-17 09:59:49,UNH,259.38,2,BID
2018-12-17 09:59:49,UNH,259.49,5,ASK
2018-12-17 09:59:50,UNH,259.49,2,BID
2018-12-17 09:59:50,UNH,259.75,1,ASK
2018-12-17 09:59:51,UNH,259.57,2,BID
2018-12-17 09:59:51,UNH,259.72,1,ASK
2018-12-17 09:59:52,UNH,259.85,5,BID
2018-12-17 09:59:52,UNH,260.13,2,ASK
2018-12-17 09:59:52,UNH,259.91,5,BID
2018-12-17 09:59:52,UNH,260.23,3,ASK
2018-12-17 09:59:54,UNH,259.93,3,BID
2018-12-17 09:59:54,UNH,260.23,3,ASK
2018-12-17 09:59:54,UNH,259.93,3,BID
2018-12-17 09:59:54,UNH,260.23,3,ASK
2018-12-17 09:59:55,UNH,259.97,3,BID
2018-12-17 09:59:55,UNH,260.45,3,ASK
2018-12-17 09:59:57,UNH,259.98,3,BID
2018-12-17 09:59:56,UNH,260.43,4,ASK
2018-12-17 09:59:59,UNH,260.0,6,BID
2018-12-17 09:59:59,UNH,260.38,1,ASK
2018-12-17 09:59:59,UNH,260.03,6,BID
2018-12-17 09:59:59,UNH,260.35,1,ASK
2018-12-17 10:00:00,UNH,260.03,6,BID
2018-12-17 10:00:00,UNH,260.34,2,ASK
2018-12-17 10:00:00,UNH,260.03,6,BID
2018-12-17 10:00:00,UNH,260.34,2,ASK
2018-12-17 10:00:01,UNH,260.03,11,BID
2018-12-17 10:00:01,UNH,260.34,2,ASK
2018-12-17 10:00:01,UNH,260.03,11,BID
2018-12-17 10:00:01,UNH,260.33,7,ASK
2018-12-17 10:00:02,UNH,260.04,3,BID
2018-12-17 10:00:01,UNH,260.33,7,ASK
2018-12-17 10:00:02,UNH,260.04,6,BID
2018-12-17 10:00:02,UNH,260.3,3,ASK
2018-12-17 10:00:04,UNH,260.05,3,BID
2018-12-17 10:00:04,UNH,260.3,6,ASK
2018-12-17 10:00:05,UNH,260.06,3,BID
2018-12-17 10:00:05,UNH,260.28,4,ASK
2018-12-17 10:00:07,UNH,260.06,6,BID
2018-12-17 10:00:06,UNH,260.28,4,ASK
2018-12-17 10:00:07,UNH,260.07,3,BID
2018-12-17 10:00:07,UNH,260.27,2,ASK
2018-12-17 10:00:07,UNH,260.06,6,BID
2018-12-17 10:00:07,UNH,260.3,1,ASK
2018-12-17 10:00:08,UNH,260.06,5,BID
2018-12-17 10:00:08,UNH,260.3,3,ASK
2018-12-17 10:00:09,UNH,260.07,3,BID
2018-12-17 10:00:09,UNH,260.3,3,ASK
2018-12-17 10:00:09,UNH,260.07,8,BID
2018-12-17 10:00:09,UNH,260.3,3,ASK
2018-12-17 10:00:09,UNH,260.07,8,BID
2018-12-17 10:00:09,UNH,260.3,3,ASK
2018-12-17 10:00:11,UNH,260.07,8,BID
2018-12-17 10:00:11,UNH,260.3,3,ASK
2018-12-17 10:00:13,UNH,260.11,7,BID
2018-12-17 10:00:12,UNH,260.3,3,ASK
2018-12-17 10:00:15,UNH,259.97,2,BID
2018-12-17 10:00:15,UNH,260.13,1,ASK
2018-12-17 10:00:15,UNH,259.97,2,BID
2018-12-17 10:00:15,UNH,260.13,1,ASK
2018-12-17 10:00:17,UNH,259.98,7,BID
2018-12-17 10:00:17,UNH,260.14,1,ASK
2018-12-17 10:00:17,UNH,259.98,7,BID
2018-12-17 10:00:19,UNH,260.14,2,ASK
2018-12-17 10:00:22,UNH,259.85,6,BID
2018-12-17 10:00:22,UNH,260.01,4,ASK
2018-12-17 10:00:22,UNH,259.85,6,BID
2018-12-17 10:00:22,UNH,259.96,1,ASK
2018-12-17 10:00:24,UNH,259.78,4,BID
2018-12-17 10:00:23,UNH,259.92,6,ASK
2018-12-17 10:00:24,UNH,259.7,3,BID
2018-12-17 10:00:23,UNH,259.92,6,ASK
2018-12-17 10:00:26,UNH,259.73,1,BID
2018-12-17 10:00:26,UNH,259.92,7,ASK
2018-12-17 10:00:26,UNH,259.67,5,BID
2018-12-17 10:00:26,UNH,259.92,7,ASK
2018-12-17 10:00:26,UNH,259.67,5,BID
2018-12-17 10:00:26,UNH,259.89,5,ASK
2018-12-17 10:00:28,UNH,259.67,5,BID
2018-12-17 10:00:28,UNH,259.88,5,ASK
2018-12-17 10:00:30,UNH,259.67,5,BID
2018-12-17 10:00:30,UNH,259.88,5,ASK
2018-12-17 10:00:30,UNH,259.67,6,BID
2018-12-17 10:00:30,UNH,259.87,5,ASK
2018-12-17 10:00:30,UNH,259.67,6,BID
2018-12-17 10:00:31,UNH,259.87,5,ASK
2018-12-17 10:00:32,UNH,259.67,5,BID
2018-12-17 10:00:33,UNH,259.87,6,ASK
2018-12-17 10:00:32,UNH,259.67,5,BID
2018-12-17 10:00:34,UNH,259.87,9,ASK
2018-12-17 10:00:35,UNH,259.73,1,BID
2018-12-17 10:00:35,UNH,259.87,9,ASK
2018-12-17 10:00:35,UNH,259.73,1,BID
2018-12-17 10:00:35,UNH,259.87,9,ASK
2018-12-17 10:00:36,UNH,259.71,2,BID
2018-12-17 10:00:36,UNH,259.87,9,ASK
2018-12-17 10:00:38,UNH,259.71,2,BID
2018-12-17 10:00:38,UNH,259.86,2,ASK
2018-12-17 10:00:39,UNH,259.72,2,BID
2018-12-17 10:00:39,UNH,259.85,2,ASK
2018-12-17 10:00:39,UNH,259.71,2,BID
2018-12-17 10:00:39,UNH,259.85,2,ASK
2018-12-17 10:00:39,UNH,259.71,2,BID
2018-12-17 10:00:39,UNH,259.85,2,ASK
2018-12-17 10:00:39,UNH,259.71,2,BID
2018-12-17 10:00:39,UNH,259.85,2,ASK
2018-12-17 10:00:43,UNH,259.71,2,BID
2018-12-17 10:00:43,UNH,259.85,5,ASK
2018-12-17 10:00:43,UNH,259.71,3,BID
2018-12-17 10:00:43,UNH,259.85,5,ASK
2018-12-17 10:00:43,UNH,259.71,3,BID
2018-12-17 10:00:43,UNH,259.85,5,ASK
2018-12-17 10:00:45,UNH,259.71,2,BID
2018-12-17 10:00:45,UNH,259.84,3,ASK
2018-12-17 10:00:45,UNH,259.71,2,BID
2018-12-17 10:00:45,UNH,259.84,3,ASK
2018-12-17 10:00:45,UNH,259.71,2,BID
2018-12-17 10:00:45,UNH,259.84,3,ASK
2018-12-17 10:00:45,UNH,259.71,2,BID
2018-12-17 10:00:45,UNH,259.84,3,ASK
2018-12-17 10:00:50,UNH,259.72,2,BID
2018-12-17 10:00:50,UNH,259.84,3,ASK
2018-12-17 10:00:50,UNH,259.72,2,BID
2018-12-17 10:00:50,UNH,259.84,3,ASK
2018-12-17 10:00:52,UNH,259.72,2,BID
2018-12-17 10:00:52,UNH,259.84,4,ASK
2018-12-17 10:00:52,UNH,259.72,2,BID
2018-12-17 10:00:52,UNH,259.84,5,ASK
2018-12-17 10:00:52,UNH,259.72,2,BID
2018-12-17 10:00:52,UNH,259.84,5,ASK
2018-12-17 10:00:54,UNH,259.77,1,BID
2018-12-17 10:00:54,UNH,259.88,6,ASK
2018-12-17 10:00:55,UNH,259.76,3,BID
2018-12-17 10:00:55,UNH,259.88,6,ASK
2018-12-17 10:00:55,UNH,259.76,3,BID
2018-12-17 10:00:55,UNH,259.88,6,ASK
2018-12-17 10:00:58,UNH,259.72,1,BID
2018-12-17 10:00:58,UNH,259.78,1,ASK
2018-12-17 10:00:58,UNH,259.72,1,BID
2018-12-17 10:00:58,UNH,259.79,9,ASK
2018-12-17 10:01:00,UNH,259.72,1,BID
2018-12-17 10:01:00,UNH,259.79,9,ASK
2018-12-17 10:01:01,UNH,259.73,3,BID
2018-12-17 10:01:00,UNH,259.88,7,ASK
2018-12-17 10:01:02,UNH,259.88,1,BID
2018-12-17 10:01:02,UNH,259.91,1,ASK
2018-12-17 10:01:02,UNH,259.82,1,BID
2018-12-17 10:01:02,UNH,259.91,1,ASK
2018-12-17 10:01:04,UNH,259.81,4,BID
2018-12-17 10:01:04,UNH,259.91,1,ASK
2018-12-17 10:01:04,UNH,259.81,4,BID
2018-12-17 10:01:05,UNH,259.91,2,ASK
2018-12-17 10:01:04,UNH,259.81,4,BID
2018-12-17 10:01:05,UNH,259.91,2,ASK
2018-12-17 10:01:06,UNH,259.8,3,BID
2018-12-17 10:01:06,UNH,259.91,4,ASK
2018-12-17 10:01:08,UNH,259.8,3,BID
2018-12-17 10:01:08,UNH,259.91,4,ASK
2018-12-17 10:01:08,UNH,259.8,3,BID
2018-12-17 10:01:08,UNH,259.91,4,ASK
2018-12-17 10:01:08,UNH,259.8,3,BID
2018-12-17 10:01:08,UNH,259.91,4,ASK
2018-12-17 10:01:08,UNH,259.8,3,BID
2018-12-17 10:01:08,UNH,259.91,4,ASK
2018-12-17 10:01:11,UNH,259.8,3,BID
2018-12-17 10:01:11,UNH,259.91,4,ASK
2018-12-17 10:01:11,UNH,259.8,3,BID
2018-12-17 10:01:11,UNH,259.91,4,ASK
2018-12-17 10:01:14,UNH,259.8,6,BID
2018-12-17 10:01:14,UNH,259.9,17,ASK
2018-12-17 10:01:06,UNH,259.8,6,BID
2018-12-17 10:01:14,UNH,259.9,17,ASK
2018-12-17 10:01:06,UNH,259.8,6,BID
2018-12-17 10:01:14,UNH,259.9,17,ASK
2018-12-17 10:01:17,UNH,259.83,2,BID
2018-12-17 10:01:17,UNH,259.9,17,ASK
2018-12-17 10:01:17,UNH,259.83,3,BID
2018-12-17 10:01:17,UNH,259.9,17,ASK
2018-12-17 10:01:17,UNH,259.83,3,BID
2018-12-17 10:01:17,UNH,259.9,17,ASK
2018-12-17 10:01:20,UNH,259.85,2,BID
2018-12-17 10:01:20,UNH,259.9,16,ASK
2018-12-17 10:01:21,UNH,259.81,1,BID
2018-12-17 10:01:21,UNH,259.89,1,ASK
2018-12-17 10:01:21,UNH,259.8,6,BID
2018-12-17 10:01:21,UNH,259.89,2,ASK
2018-12-17 10:01:21,UNH,259.8,6,BID
2018-12-17 10:01:21,UNH,259.89,2,ASK
2018-12-17 10:01:21,UNH,259.8,6,BID
2018-12-17 10:01:21,UNH,259.89,2,ASK
2018-12-17 10:01:25,UNH,259.75,3,BID
2018-12-17 10:01:25,UNH,259.8,1,ASK
2018-12-17 10:01:26,UNH,259.66,1,BID
2018-12-17 10:01:26,UNH,259.8,3,ASK
2018-12-17 10:01:26,UNH,259.66,1,BID
2018-12-17 10:01:26,UNH,259.8,3,ASK
2018-12-17 10:01:27,UNH,259.66,1,BID
2018-12-17 10:01:27,UNH,259.8,4,ASK
2018-12-17 10:01:29,UNH,259.66,3,BID
2018-12-17 10:01:29,UNH,259.8,4,ASK
2018-12-17 10:01:30,UNH,259.66,3,BID
2018-12-17 10:01:30,UNH,259.8,4,ASK
2018-12-17 10:01:30,UNH,259.66,3,BID
2018-12-17 10:01:30,UNH,259.8,4,ASK
2018-12-17 10:01:30,UNH,259.66,3,BID
2018-12-17 10:01:30,UNH,259.8,4,ASK
2018-12-17 10:01:33,UNH,259.66,7,BID
2018-12-17 10:01:33,UNH,259.8,4,ASK
2018-12-17 10:01:33,UNH,259.66,7,BID
2018-12-17 10:01:33,UNH,259.8,4,ASK
2018-12-17 10:01:33,UNH,259.66,7,BID
2018-12-17 10:01:33,UNH,259.8,4,ASK
2018-12-17 10:01:33,UNH,259.66,7,BID
2018-12-17 10:01:33,UNH,259.8,4,ASK
2018-12-17 10:01:37,UNH,259.55,3,BID
2018-12-17 10:01:37,UNH,259.72,5,ASK
2018-12-17 10:01:37,UNH,259.55,2,BID
2018-12-17 10:01:37,UNH,259.72,5,ASK
2018-12-17 10:01:37,UNH,259.55,2,BID
2018-12-17 10:01:37,UNH,259.72,6,ASK
2018-12-17 10:01:37,UNH,259.55,2,BID
2018-12-17 10:01:37,UNH,259.72,6,ASK
2018-12-17 10:01:40,UNH,259.55,2,BID
2018-12-17 10:01:37,UNH,259.72,8,ASK
2018-12-17 10:01:40,UNH,259.55,2,BID
2018-12-17 10:01:37,UNH,259.72,8,ASK
2018-12-17 10:01:43,UNH,259.55,2,BID
2018-12-17 10:01:43,UNH,259.71,3,ASK
2018-12-17 10:01:44,UNH,259.48,2,BID
2018-12-17 10:01:44,UNH,259.63,1,ASK
2018-12-17 10:01:45,UNH,259.41,3,BID
2018-12-17 10:01:45,UNH,259.62,8,ASK
2018-12-17 10:01:45,UNH,259.4,10,BID
2018-12-17 10:01:46,UNH,259.52,12,ASK
2018-12-17 10:01:45,UNH,259.4,9,BID
2018-12-17 10:01:47,UNH,259.51,3,ASK
2018-12-17 10:01:45,UNH,259.4,10,BID
2018-12-17 10:01:47,UNH,259.51,3,ASK
2018-12-17 10:01:49,UNH,259.48,2,BID
2018-12-17 10:01:49,UNH,259.59,2,ASK
2018-12-17 10:01:50,UNH,259.48,3,BID
2018-12-17 10:01:50,UNH,259.58,1,ASK
2018-12-17 10:01:50,UNH,259.48,3,BID
2018-12-17 10:01:50,UNH,259.58,2,ASK
2018-12-17 10:01:51,UNH,259.48,2,BID
2018-12-17 10:01:51,UNH,259.58,3,ASK
2018-12-17 10:01:51,UNH,259.48,2,BID
2018-12-17 10:01:51,UNH,259.58,3,ASK
2018-12-17 10:01:51,UNH,259.48,2,BID
2018-12-17 10:01:51,UNH,259.58,3,ASK
2018-12-17 10:01:54,UNH,259.48,2,BID
2018-12-17 10:01:54,UNH,259.58,3,ASK
2018-12-17 10:01:55,UNH,259.48,4,BID
2018-12-17 10:01:55,UNH,259.58,3,ASK
2018-12-17 10:01:55,UNH,259.48,4,BID
2018-12-17 10:01:55,UNH,259.58,3,ASK
2018-12-17 10:01:58,UNH,259.48,4,BID
2018-12-17 10:01:55,UNH,259.58,4,ASK
2018-12-17 10:01:58,UNH,259.48,5,BID
2018-12-17 10:01:55,UNH,259.58,4,ASK
2018-12-17 10:02:00,UNH,259.48,5,BID
2018-12-17 10:01:55,UNH,259.58,4,ASK
2018-12-17 10:02:01,UNH,259.48,5,BID
2018-12-17 10:01:55,UNH,259.58,4,ASK
2018-12-17 10:02:01,UNH,259.48,5,BID
2018-12-17 10:01:55,UNH,259.58,4,ASK
2018-12-17 10:02:03,UNH,259.43,2,BID
2018-12-17 10:02:03,UNH,259.52,3,ASK
2018-12-17 10:02:04,UNH,259.43,3,BID
2018-12-17 10:02:03,UNH,259.52,4,ASK
2018-12-17 10:02:04,UNH,259.43,3,BID
2018-12-17 10:02:03,UNH,259.52,4,ASK
2018-12-17 10:02:06,UNH,259.44,1,BID
2018-12-17 10:02:06,UNH,259.58,4,ASK
2018-12-17 10:02:07,UNH,259.44,1,BID
2018-12-17 10:02:07,UNH,259.58,5,ASK
2018-12-17 10:02:07,UNH,259.45,2,BID
2018-12-17 10:02:07,UNH,259.58,5,ASK
2018-12-17 10:02:09,UNH,259.58,3,BID
2018-12-17 10:02:09,UNH,259.66,4,ASK
2018-12-17 10:02:09,UNH,259.58,3,BID
2018-12-17 10:02:09,UNH,259.66,4,ASK
2018-12-17 10:02:11,UNH,259.59,2,BID
2018-12-17 10:02:11,UNH,259.73,5,ASK
2018-12-17 10:02:12,UNH,259.59,3,BID
2018-12-17 10:02:11,UNH,259.73,6,ASK
2018-12-17 10:02:12,UNH,259.59,5,BID
2018-12-17 10:02:11,UNH,259.73,6,ASK
2018-12-17 10:02:12,UNH,259.59,5,BID
2018-12-17 10:02:11,UNH,259.73,6,ASK
2018-12-17 10:02:12,UNH,259.59,5,BID
2018-12-17 10:02:13,UNH,259.73,6,ASK
2018-12-17 10:02:12,UNH,259.59,5,BID
2018-12-17 10:02:13,UNH,259.73,6,ASK
2018-12-17 10:02:12,UNH,259.59,5,BID
2018-12-17 10:02:13,UNH,259.73,6,ASK
2018-12-17 10:02:12,UNH,259.59,5,BID
2018-12-17 10:02:13,UNH,259.73,6,ASK
2018-12-17 10:02:12,UNH,259.59,4,BID
2018-12-17 10:02:13,UNH,259.73,7,ASK
2018-12-17 10:02:20,UNH,259.59,4,BID
2018-12-17 10:02:20,UNH,259.68,5,ASK
2018-12-17 10:02:20,UNH,259.59,4,BID
2018-12-17 10:02:20,UNH,259.68,5,ASK
2018-12-17 10:02:20,UNH,259.59,4,BID
2018-12-17 10:02:20,UNH,259.68,5,ASK
2018-12-17 10:02:20,UNH,259.59,4,BID
2018-12-17 10:02:20,UNH,259.68,5,ASK
2018-12-17 10:02:20,UNH,259.59,5,BID
2018-12-17 10:02:23,UNH,259.68,5,ASK
2018-12-17 10:02:20,UNH,259.59,5,BID
2018-12-17 10:02:23,UNH,259.68,5,ASK
2018-12-17 10:02:20,UNH,259.59,10,BID
2018-12-17 10:02:26,UNH,259.68,6,ASK
2018-12-17 10:02:20,UNH,259.59,10,BID
2018-12-17 10:02:26,UNH,259.68,6,ASK
2018-12-17 10:02:27,UNH,259.62,1,BID
2018-12-17 10:02:27,UNH,259.68,6,ASK
2018-12-17 10:02:27,UNH,259.62,1,BID
2018-12-17 10:02:27,UNH,259.68,6,ASK
2018-12-17 10:02:30,UNH,259.61,1,BID
2018-12-17 10:02:30,UNH,259.68,6,ASK
2018-12-17 10:02:30,UNH,259.61,1,BID
2018-12-17 10:02:30,UNH,259.68,6,ASK
2018-12-17 10:02:32,UNH,259.61,1,BID
2018-12-17 10:02:32,UNH,259.68,8,ASK
2018-12-17 10:02:32,UNH,259.61,1,BID
2018-12-17 10:02:32,UNH,259.68,8,ASK
2018-12-17 10:02:32,UNH,259.61,1,BID
2018-12-17 10:02:32,UNH,259.68,8,ASK
2018-12-17 10:02:32,UNH,259.61,1,BID
2018-12-17 10:02:32,UNH,259.68,8,ASK
2018-12-17 10:02:35,UNH,259.62,3,BID
2018-12-17 10:02:35,UNH,259.73,9,ASK
2018-12-17 10:02:36,UNH,259.62,7,BID
2018-12-17 10:02:36,UNH,259.72,1,ASK
2018-12-17 10:02:36,UNH,259.62,7,BID
2018-12-17 10:02:36,UNH,259.72,1,ASK
2018-12-17 10:02:39,UNH,259.62,7,BID
2018-12-17 10:02:39,UNH,259.72,2,ASK
2018-12-17 10:02:40,UNH,259.62,7,BID
2018-12-17 10:02:40,UNH,259.72,2,ASK
2018-12-17 10:02:41,UNH,259.62,7,BID
2018-12-17 10:02:41,UNH,259.72,3,ASK
2018-12-17 10:02:41,UNH,259.62,7,BID
2018-12-17 10:02:41,UNH,259.72,3,ASK
2018-12-17 10:02:41,UNH,259.62,7,BID
2018-12-17 10:02:41,UNH,259.72,3,ASK
2018-12-17 10:02:44,UNH,259.57,2,BID
2018-12-17 10:02:44,UNH,259.67,2,ASK
2018-12-17 10:02:45,UNH,259.57,4,BID
2018-12-17 10:02:45,UNH,259.72,3,ASK
2018-12-17 10:02:45,UNH,259.59,1,BID
2018-12-17 10:02:45,UNH,259.72,3,ASK
2018-12-17 10:02:46,UNH,259.59,3,BID
2018-12-17 10:02:47,UNH,259.72,3,ASK
2018-12-17 10:02:46,UNH,259.59,3,BID
2018-12-17 10:02:47,UNH,259.72,3,ASK
2018-12-17 10:02:49,UNH,259.58,1,BID
2018-12-17 10:02:49,UNH,259.72,3,ASK
2018-12-17 10:02:49,UNH,259.58,1,BID
2018-12-17 10:02:49,UNH,259.72,3,ASK
2018-12-17 10:02:51,UNH,259.58,3,BID
2018-12-17 10:02:51,UNH,259.65,8,ASK
2018-12-17 10:02:51,UNH,259.58,3,BID
2018-12-17 10:02:51,UNH,259.65,8,ASK
2018-12-17 10:02:53,UNH,259.58,3,BID
2018-12-17 10:02:53,UNH,259.65,8,ASK
2018-12-17 10:02:53,UNH,259.58,3,BID
2018-12-17 10:02:53,UNH,259.65,8,ASK
2018-12-17 10:02:53,UNH,259.58,3,BID
2018-12-17 10:02:53,UNH,259.65,8,ASK
2018-12-17 10:02:53,UNH,259.58,3,BID
2018-12-17 10:02:53,UNH,259.65,8,ASK
2018-12-17 10:02:56,UNH,259.58,3,BID
2018-12-17 10:02:56,UNH,259.65,8,ASK
2018-12-17 10:02:56,UNH,259.58,3,BID
2018-12-17 10:02:56,UNH,259.65,8,ASK
2018-12-17 10:02:56,UNH,259.58,3,BID
2018-12-17 10:02:56,UNH,259.65,8,ASK
2018-12-17 10:03:00,UNH,259.58,3,BID
2018-12-17 10:03:00,UNH,259.65,8,ASK
2018-12-17 10:03:00,UNH,259.58,3,BID
2018-12-17 10:03:00,UNH,259.65,8,ASK
2018-12-17 10:03:00,UNH,259.58,3,BID
2018-12-17 10:03:00,UNH,259.65,8,ASK
2018-12-17 10:03:00,UNH,259.58,3,BID
2018-12-17 10:03:00,UNH,259.65,8,ASK
2018-12-17 10:03:04,UNH,259.58,6,BID
2018-12-17 10:03:04,UNH,259.65,8,ASK
2018-12-17 10:03:04,UNH,259.58,6,BID
2018-12-17 10:03:04,UNH,259.65,8,ASK
2018-12-17 10:03:04,UNH,259.58,6,BID
2018-12-17 10:03:04,UNH,259.65,8,ASK
2018-12-17 10:03:07,UNH,259.58,5,BID
2018-12-17 10:03:07,UNH,259.65,8,ASK
2018-12-17 10:03:08,UNH,259.49,3,BID
2018-12-17 10:03:08,UNH,259.56,6,ASK
2018-12-17 10:03:09,UNH,259.49,1,BID
2018-12-17 10:03:09,UNH,259.51,1,ASK
2018-12-17 10:03:10,UNH,259.49,2,BID
2018-12-17 10:03:10,UNH,259.56,1,ASK
2018-12-17 10:03:10,UNH,259.49,2,BID
2018-12-17 10:03:10,UNH,259.56,1,ASK
2018-12-17 10:03:10,UNH,259.49,2,BID
2018-12-17 10:03:12,UNH,259.59,1,ASK
2018-12-17 10:03:10,UNH,259.49,2,BID
2018-12-17 10:03:12,UNH,259.59,1,ASK
2018-12-17 10:03:14,UNH,259.5,3,BID
