timestamp,ticker,price,volume,bid_ask
2018-12-17 09:40:34,V,132.72,2,BID
2018-12-17 09:40:31,V,132.78,5,ASK
2018-12-17 09:40:36,V,132.73,8,BID
2018-12-17 09:40:36,V,132.82,8,ASK
2018-12-17 09:40:37,V,132.74,4,BID
2018-12-17 09:40:37,V,132.82,8,ASK
2018-12-17 09:40:37,V,132.74,3,BID
2018-12-17 09:40:38,V,132.82,10,ASK
2018-12-17 09:40:40,V,132.74,8,BID
2018-12-17 09:40:18,V,132.83,13,ASK
2018-12-17 09:40:41,V,132.74,8,BID
2018-12-17 09:40:18,V,132.83,12,ASK
2018-12-17 09:40:42,V,132.74,8,BID
2018-12-17 09:40:18,V,132.83,12,ASK
2018-12-17 09:40:42,V,132.74,8,BID
2018-12-17 09:40:18,V,132.83,12,ASK
2018-12-17 09:40:42,V,132.74,8,BID
2018-12-17 09:40:18,V,132.83,12,ASK
2018-12-17 09:40:44,V,132.74,15,BID
2018-12-17 09:40:45,V,132.81,2,ASK
2018-12-17 09:40:46,V,132.75,2,BID
2018-12-17 09:40:46,V,132.81,2,ASK
2018-12-17 09:40:47,V,132.76,1,BID
2018-12-17 09:40:47,V,132.83,13,ASK
2018-12-17 09:40:47,V,132.76,1,BID
2018-12-17 09:40:47,V,132.83,13,ASK
2018-12-17 09:40:48,V,132.76,2,BID
2018-12-17 09:40:48,V,132.83,13,ASK
2018-12-17 09:40:48,V,132.76,2,BID
2018-12-17 09:40:48,V,132.83,13,ASK
2018-12-17 09:40:50,V,132.78,9,BID
2018-12-17 09:40:51,V,132.86,1,ASK
2018-12-17 09:40:50,V,132.78,9,BID
2018-12-17 09:40:51,V,132.86,3,ASK
2018-12-17 09:40:50,V,132.78,9,BID
2018-12-17 09:40:52,V,132.87,5,ASK
2018-12-17 09:40:50,V,132.78,9,BID
2018-12-17 09:40:53,V,132.87,5,ASK
2018-12-17 09:40:50,V,132.78,9,BID
2018-12-17 09:40:55,V,132.87,5,ASK
2018-12-17 09:40:50,V,132.78,9,BID
2018-12-17 09:40:55,V,132.87,6,ASK
2018-12-17 09:40:50,V,132.78,9,BID
2018-12-17 09:40:55,V,132.87,6,ASK
2018-12-17 09:40:58,V,132.78,10,BID
2018-12-17 09:40:58,V,132.86,7,ASK
2018-12-17 09:40:59,V,132.73,4,BID
2018-12-17 09:40:59,V,132.78,8,ASK
2018-12-17 09:41:00,V,132.73,4,BID
2018-12-17 09:41:00,V,132.78,8,ASK
2018-12-17 09:41:01,V,132.75,2,BID
2018-12-17 09:41:01,V,132.82,4,ASK
2018-12-17 09:41:02,V,132.74,2,BID
2018-12-17 09:41:02,V,132.82,5,ASK
2018-12-17 09:41:02,V,132.74,2,BID
2018-12-17 09:41:02,V,132.82,8,ASK
2018-12-17 09:41:02,V,132.74,2,BID
2018-12-17 09:41:02,V,132.82,8,ASK
2018-12-17 09:40:20,V,132.67,11,BID
2018-12-17 09:41:05,V,132.75,7,ASK
2018-12-17 09:41:05,V,132.66,10,BID
2018-12-17 09:41:05,V,132.75,7,ASK
2018-12-17 09:41:06,V,132.66,10,BID
2018-12-17 09:41:05,V,132.75,7,ASK
2018-12-17 09:41:08,V,132.67,4,BID
2018-12-17 09:41:07,V,132.75,7,ASK
2018-12-17 09:41:08,V,132.64,40,BID
2018-12-17 09:41:08,V,132.72,3,ASK
2018-12-17 09:41:09,V,132.6,3,BID
2018-12-17 09:41:09,V,132.68,12,ASK
2018-12-17 09:41:10,V,132.56,2,BID
2018-12-17 09:41:10,V,132.62,9,ASK
2018-12-17 09:41:11,V,132.55,10,BID
2018-12-17 09:41:11,V,132.58,1,ASK
2018-12-17 09:41:12,V,132.53,2,BID
2018-12-17 09:41:12,V,132.59,2,ASK
2018-12-17 09:41:13,V,132.53,2,BID
2018-12-17 09:41:13,V,132.59,4,ASK
2018-12-17 09:41:14,V,132.53,2,BID
2018-12-17 09:41:14,V,132.59,4,ASK
2018-12-17 09:41:15,V,132.53,2,BID
2018-12-17 09:41:15,V,132.59,4,ASK
2018-12-17 09:41:16,V,132.53,2,BID
2018-12-17 09:41:16,V,132.59,4,ASK
2018-12-17 09:41:16,V,132.53,4,BID
2018-12-17 09:41:17,V,132.59,4,ASK
2018-12-17 09:41:18,V,132.53,4,BID
2018-12-17 09:41:18,V,132.59,5,ASK
2018-12-17 09:41:18,V,132.53,4,BID
2018-12-17 09:41:19,V,132.59,5,ASK
2018-12-17 09:41:21,V,132.54,11,BID
2018-12-17 09:41:21,V,132.62,12,ASK
2018-12-17 09:41:22,V,132.53,4,BID
2018-12-17 09:41:22,V,132.58,1,ASK
2018-12-17 09:41:22,V,132.53,4,BID
2018-12-17 09:41:22,V,132.58,3,ASK
2018-12-17 09:41:23,V,132.55,1,BID
2018-12-17 09:41:21,V,132.62,11,ASK
2018-12-17 09:41:23,V,132.55,1,BID
2018-12-17 09:41:21,V,132.62,11,ASK
2018-12-17 09:41:23,V,132.55,1,BID
2018-12-17 09:41:21,V,132.62,11,ASK
2018-12-17 09:41:27,V,132.56,1,BID
2018-12-17 09:41:27,V,132.62,13,ASK
2018-12-17 09:41:27,V,132.56,1,BID
2018-12-17 09:41:27,V,132.62,13,ASK
2018-12-17 09:41:29,V,132.59,8,BID
2018-12-17 09:41:29,V,132.65,2,ASK
2018-12-17 09:41:30,V,132.59,8,BID
2018-12-17 09:41:30,V,132.65,1,ASK
2018-12-17 09:41:30,V,132.59,8,BID
2018-12-17 09:41:30,V,132.65,2,ASK
2018-12-17 09:41:30,V,132.59,8,BID
2018-12-17 09:41:30,V,132.65,2,ASK
2018-12-17 09:41:32,V,132.59,9,BID
2018-12-17 09:41:30,V,132.65,2,ASK
2018-12-17 09:41:34,V,132.59,11,BID
2018-12-17 09:41:34,V,132.64,1,ASK
2018-12-17 09:41:34,V,132.59,11,BID
2018-12-17 09:41:34,V,132.64,1,ASK
2018-12-17 09:41:34,V,132.59,11,BID
2018-12-17 09:41:34,V,132.64,1,ASK
2018-12-17 09:41:36,V,132.59,11,BID
2018-12-17 09:41:36,V,132.64,3,ASK
2018-12-17 09:41:36,V,132.59,11,BID
2018-12-17 09:41:36,V,132.64,3,ASK
2018-12-17 09:41:39,V,132.6,13,BID
2018-12-17 09:41:39,V,132.64,3,ASK
2018-12-17 09:41:39,V,132.54,8,BID
2018-12-17 09:41:39,V,132.59,6,ASK
2018-12-17 09:41:40,V,132.54,9,BID
2018-12-17 09:41:40,V,132.59,6,ASK
2018-12-17 09:41:40,V,132.54,9,BID
2018-12-17 09:41:40,V,132.59,6,ASK
2018-12-17 09:41:40,V,132.54,9,BID
2018-12-17 09:41:40,V,132.59,6,ASK
2018-12-17 09:41:40,V,132.54,9,BID
2018-12-17 09:41:40,V,132.59,6,ASK
2018-12-17 09:41:44,V,132.54,12,BID
2018-12-17 09:41:44,V,132.59,6,ASK
2018-12-17 09:41:46,V,132.5,11,BID
2018-12-17 09:41:46,V,132.52,1,ASK
2018-12-17 09:41:47,V,132.38,3,BID
2018-12-17 09:41:47,V,132.46,6,ASK
2018-12-17 09:41:47,V,132.38,3,BID
2018-12-17 09:41:47,V,132.46,6,ASK
2018-12-17 09:41:49,V,132.42,3,BID
2018-12-17 09:41:49,V,132.49,6,ASK
2018-12-17 09:41:49,V,132.42,3,BID
2018-12-17 09:41:49,V,132.49,6,ASK
2018-12-17 09:41:51,V,132.36,6,BID
2018-12-17 09:41:51,V,132.44,14,ASK
2018-12-17 09:41:52,V,132.36,6,BID
2018-12-17 09:41:52,V,132.44,8,ASK
2018-12-17 09:41:52,V,132.43,1,BID
2018-12-17 09:41:52,V,132.5,4,ASK
2018-12-17 09:41:52,V,132.41,9,BID
2018-12-17 09:41:52,V,132.5,4,ASK
2018-12-17 09:41:53,V,132.45,2,BID
2018-12-17 09:41:53,V,132.5,5,ASK
2018-12-17 09:41:53,V,132.45,2,BID
2018-12-17 09:41:53,V,132.5,5,ASK
2018-12-17 09:41:55,V,132.45,2,BID
2018-12-17 09:41:55,V,132.5,6,ASK
2018-12-17 09:41:58,V,132.38,2,BID
2018-12-17 09:41:58,V,132.47,4,ASK
2018-12-17 09:41:58,V,132.38,1,BID
2018-12-17 09:41:58,V,132.47,6,ASK
2018-12-17 09:41:58,V,132.35,5,BID
2018-12-17 09:41:58,V,132.43,1,ASK
2018-12-17 09:42:01,V,132.4,2,BID
2018-12-17 09:42:01,V,132.47,4,ASK
2018-12-17 09:42:01,V,132.4,2,BID
2018-12-17 09:42:01,V,132.47,6,ASK
2018-12-17 09:42:03,V,132.38,2,BID
2018-12-17 09:42:03,V,132.43,1,ASK
2018-12-17 09:42:04,V,132.36,7,BID
2018-12-17 09:42:04,V,132.42,13,ASK
2018-12-17 09:42:05,V,132.37,3,BID
2018-12-17 09:42:05,V,132.42,9,ASK
2018-12-17 09:42:06,V,132.28,2,BID
2018-12-17 09:42:06,V,132.33,6,ASK
2018-12-17 09:42:06,V,132.29,1,BID
2018-12-17 09:42:06,V,132.39,5,ASK
2018-12-17 09:42:08,V,132.29,2,BID
2018-12-17 09:42:08,V,132.39,7,ASK
2018-12-17 09:42:09,V,132.29,2,BID
2018-12-17 09:42:09,V,132.39,13,ASK
2018-12-17 09:42:10,V,132.35,1,BID
2018-12-17 09:42:10,V,132.42,5,ASK
2018-12-17 09:42:10,V,132.33,1,BID
2018-12-17 09:42:10,V,132.4,14,ASK
2018-12-17 09:42:10,V,132.33,1,BID
2018-12-17 09:42:10,V,132.4,14,ASK
2018-12-17 09:42:13,V,132.33,1,BID
2018-12-17 09:42:13,V,132.4,15,ASK
2018-12-17 09:42:13,V,132.33,1,BID
2018-12-17 09:42:13,V,132.4,15,ASK
2018-12-17 09:42:13,V,132.33,1,BID
2018-12-17 09:42:13,V,132.4,15,ASK
2018-12-17 09:42:16,V,132.34,1,BID
2018-12-17 09:42:16,V,132.4,15,ASK
2018-12-17 09:42:16,V,132.34,1,BID
2018-12-17 09:42:16,V,132.4,15,ASK
2018-12-17 09:42:17,V,132.34,1,BID
2018-12-17 09:42:17,V,132.4,15,ASK
2018-12-17 09:42:19,V,132.31,2,BID
2018-12-17 09:42:19,V,132.35,1,ASK
2018-12-17 09:42:19,V,132.33,1,BID
2018-12-17 09:42:19,V,132.4,10,ASK
2018-12-17 09:42:20,V,132.34,2,BID
2018-12-17 09:42:19,V,132.4,10,ASK
2018-12-17 09:42:21,V,132.32,1,BID
2018-12-17 09:42:19,V,132.4,12,ASK
2018-12-17 09:42:23,V,132.33,1,BID
2018-12-17 09:42:19,V,132.4,9,ASK
2018-12-17 09:42:23,V,132.33,1,BID
2018-12-17 09:42:19,V,132.4,9,ASK
2018-12-17 09:42:23,V,132.33,1,BID
2018-12-17 09:42:19,V,132.4,9,ASK
2018-12-17 09:42:25,V,132.33,1,BID
2018-12-17 09:42:19,V,132.4,9,ASK
2018-12-17 09:42:27,V,132.35,3,BID
2018-12-17 09:42:19,V,132.4,10,ASK
2018-12-17 09:42:27,V,132.35,3,BID
2018-12-17 09:42:19,V,132.4,9,ASK
2018-12-17 09:42:28,V,132.35,3,BID
2018-12-17 09:42:19,V,132.4,10,ASK
2018-12-17 09:42:30,V,132.32,5,BID
2018-12-17 09:42:30,V,132.37,1,ASK
2018-12-17 09:42:30,V,132.32,6,BID
2018-12-17 09:42:31,V,132.37,1,ASK
2018-12-17 09:42:30,V,132.32,6,BID
2018-12-17 09:42:32,V,132.37,4,ASK
2018-12-17 09:42:30,V,132.32,6,BID
2018-12-17 09:42:33,V,132.37,6,ASK
2018-12-17 09:42:30,V,132.32,6,BID
2018-12-17 09:42:34,V,132.37,7,ASK
2018-12-17 09:42:30,V,132.32,6,BID
2018-12-17 09:42:34,V,132.37,7,ASK
2018-12-17 09:42:30,V,132.32,6,BID
2018-12-17 09:42:35,V,132.37,7,ASK
2018-12-17 09:42:30,V,132.32,6,BID
2018-12-17 09:42:37,V,132.36,2,ASK
2018-12-17 09:42:38,V,132.32,8,BID
2018-12-17 09:42:38,V,132.36,4,ASK
2018-12-17 09:42:38,V,132.32,8,BID
2018-12-17 09:42:38,V,132.36,4,ASK
2018-12-17 09:42:40,V,132.3,4,BID
2018-12-17 09:42:40,V,132.32,11,ASK
2018-12-17 09:42:40,V,132.28,6,BID
2018-12-17 09:42:40,V,132.31,4,ASK
2018-12-17 09:42:41,V,132.28,10,BID
2018-12-17 09:42:41,V,132.31,1,ASK
2018-12-17 09:42:41,V,132.28,10,BID
2018-12-17 09:42:43,V,132.31,4,ASK
2018-12-17 09:42:41,V,132.28,9,BID
2018-12-17 09:42:44,V,132.32,8,ASK
2018-12-17 09:42:45,V,132.29,2,BID
2018-12-17 09:42:45,V,132.33,2,ASK
2018-12-17 09:42:41,V,132.28,10,BID
2018-12-17 09:42:46,V,132.34,1,ASK
2018-12-17 09:42:41,V,132.28,10,BID
2018-12-17 09:42:47,V,132.34,2,ASK
2018-12-17 09:42:41,V,132.28,10,BID
2018-12-17 09:42:47,V,132.34,2,ASK
2018-12-17 09:42:49,V,132.26,11,BID
2018-12-17 09:42:49,V,132.34,6,ASK
2018-12-17 09:42:50,V,132.26,11,BID
2018-12-17 09:42:49,V,132.34,7,ASK
2018-12-17 09:42:51,V,132.27,2,BID
2018-12-17 09:42:51,V,132.34,10,ASK
2018-12-17 09:42:52,V,132.27,2,BID
2018-12-17 09:42:52,V,132.31,1,ASK
2018-12-17 09:42:53,V,132.27,3,BID
2018-12-17 09:42:53,V,132.31,1,ASK
2018-12-17 09:42:54,V,132.25,2,BID
2018-12-17 09:42:54,V,132.3,4,ASK
2018-12-17 09:42:55,V,132.19,5,BID
2018-12-17 09:42:55,V,132.27,2,ASK
2018-12-17 09:42:56,V,132.18,7,BID
2018-12-17 09:42:56,V,132.24,2,ASK
2018-12-17 09:42:57,V,132.2,1,BID
2018-12-17 09:42:57,V,132.22,1,ASK
2018-12-17 09:42:58,V,132.21,1,BID
2018-12-17 09:42:58,V,132.26,3,ASK
2018-12-17 09:42:59,V,132.21,1,BID
2018-12-17 09:42:58,V,132.26,4,ASK
2018-12-17 09:43:00,V,132.15,2,BID
2018-12-17 09:43:00,V,132.19,3,ASK
2018-12-17 09:43:00,V,132.12,1,BID
2018-12-17 09:43:00,V,132.19,3,ASK
2018-12-17 09:43:02,V,132.12,2,BID
2018-12-17 09:43:02,V,132.15,2,ASK
2018-12-17 09:43:03,V,132.12,11,BID
2018-12-17 09:43:03,V,132.17,5,ASK
2018-12-17 09:43:04,V,132.18,2,BID
2018-12-17 09:43:04,V,132.19,17,ASK
2018-12-17 09:43:05,V,132.17,6,BID
2018-12-17 09:43:05,V,132.2,9,ASK
2018-12-17 09:43:06,V,132.19,2,BID
2018-12-17 09:43:06,V,132.21,10,ASK
2018-12-17 09:43:07,V,132.18,1,BID
2018-12-17 09:43:07,V,132.22,2,ASK
2018-12-17 09:43:08,V,132.19,1,BID
2018-12-17 09:43:08,V,132.27,10,ASK
2018-12-17 09:43:07,V,132.17,6,BID
2018-12-17 09:43:09,V,132.23,3,ASK
2018-12-17 09:43:10,V,132.18,1,BID
2018-12-17 09:43:10,V,132.21,2,ASK
2018-12-17 09:43:11,V,132.18,6,BID
2018-12-17 09:43:11,V,132.25,3,ASK
2018-12-17 09:43:11,V,132.18,6,BID
2018-12-17 09:43:11,V,132.25,3,ASK
2018-12-17 09:43:13,V,132.18,13,BID
2018-12-17 09:43:13,V,132.22,7,ASK
2018-12-17 09:43:14,V,132.17,9,BID
2018-12-17 09:43:13,V,132.22,5,ASK
2018-12-17 09:43:15,V,132.19,1,BID
2018-12-17 09:43:13,V,132.22,5,ASK
2018-12-17 09:43:15,V,132.19,1,BID
2018-12-17 09:43:13,V,132.22,5,ASK
2018-12-17 09:43:17,V,132.19,2,BID
2018-12-17 09:43:13,V,132.22,5,ASK
2018-12-17 09:43:18,V,132.19,3,BID
2018-12-17 09:43:18,V,132.2,1,ASK
2018-12-17 09:43:19,V,132.13,1,BID
2018-12-17 09:43:19,V,132.17,3,ASK
2018-12-17 09:43:19,V,132.13,10,BID
2018-12-17 09:43:19,V,132.17,5,ASK
2018-12-17 09:43:19,V,132.13,10,BID
2018-12-17 09:43:19,V,132.17,6,ASK
2018-12-17 09:43:20,V,132.09,1,BID
2018-12-17 09:43:20,V,132.11,1,ASK
2018-12-17 09:43:21,V,132.06,7,BID
2018-12-17 09:43:21,V,132.1,2,ASK
2018-12-17 09:43:21,V,132.05,9,BID
2018-12-17 09:43:21,V,132.08,2,ASK
2018-12-17 09:43:21,V,132.04,1,BID
2018-12-17 09:43:21,V,132.08,2,ASK
2018-12-17 09:43:22,V,132.04,1,BID
2018-12-17 09:43:22,V,132.07,1,ASK
2018-12-17 09:43:22,V,132.05,1,BID
2018-12-17 09:43:22,V,132.08,11,ASK
2018-12-17 09:43:23,V,132.04,6,BID
2018-12-17 09:43:23,V,132.1,3,ASK
2018-12-17 09:43:24,V,132.05,1,BID
2018-12-17 09:43:24,V,132.08,4,ASK
2018-12-17 09:43:25,V,132.06,1,BID
2018-12-17 09:43:25,V,132.1,2,ASK
2018-12-17 09:43:26,V,132.05,2,BID
2018-12-17 09:43:25,V,132.1,2,ASK
2018-12-17 09:43:27,V,132.05,3,BID
2018-12-17 09:43:28,V,132.1,3,ASK
2018-12-17 09:43:29,V,132.06,2,BID
2018-12-17 09:43:29,V,132.14,2,ASK
2018-12-17 09:43:30,V,132.09,1,BID
2018-12-17 09:43:30,V,132.14,2,ASK
2018-12-17 09:43:31,V,132.08,1,BID
2018-12-17 09:43:31,V,132.14,3,ASK
2018-12-17 09:43:31,V,132.08,1,BID
2018-12-17 09:43:31,V,132.12,2,ASK
2018-12-17 09:43:34,V,132.05,3,BID
2018-12-17 09:43:34,V,132.09,3,ASK
2018-12-17 09:43:36,V,132.06,9,BID
2018-12-17 09:43:36,V,132.12,3,ASK
2018-12-17 09:43:36,V,132.06,9,BID
2018-12-17 09:43:36,V,132.12,2,ASK
2018-12-17 09:43:38,V,132.05,4,BID
2018-12-17 09:43:38,V,132.09,3,ASK
2018-12-17 09:43:39,V,132.05,4,BID
2018-12-17 09:43:39,V,132.09,2,ASK
2018-12-17 09:43:39,V,132.05,4,BID
2018-12-17 09:43:39,V,132.08,4,ASK
2018-12-17 09:43:40,V,132.05,4,BID
2018-12-17 09:43:40,V,132.11,15,ASK
2018-12-17 09:43:40,V,132.05,4,BID
2018-12-17 09:43:40,V,132.11,15,ASK
2018-12-17 09:43:42,V,132.09,7,BID
2018-12-17 09:43:42,V,132.15,1,ASK
2018-12-17 09:43:45,V,132.09,9,BID
2018-12-17 09:43:45,V,132.15,3,ASK
2018-12-17 09:43:47,V,132.09,9,BID
2018-12-17 09:43:47,V,132.15,3,ASK
2018-12-17 09:43:48,V,132.1,1,BID
2018-12-17 09:43:48,V,132.15,8,ASK
2018-12-17 09:43:49,V,132.13,2,BID
2018-12-17 09:43:49,V,132.2,14,ASK
2018-12-17 09:43:50,V,132.1,1,BID
2018-12-17 09:43:50,V,132.15,2,ASK
2018-12-17 09:43:51,V,132.12,2,BID
2018-12-17 09:43:51,V,132.17,8,ASK
2018-12-17 09:43:52,V,132.12,3,BID
2018-12-17 09:43:52,V,132.17,14,ASK
2018-12-17 09:43:53,V,132.11,1,BID
2018-12-17 09:43:53,V,132.16,7,ASK
2018-12-17 09:43:54,V,132.11,1,BID
2018-12-17 09:43:54,V,132.15,1,ASK
2018-12-17 09:43:55,V,132.09,7,BID
2018-12-17 09:43:55,V,132.15,10,ASK
2018-12-17 09:43:55,V,132.09,7,BID
2018-12-17 09:43:55,V,132.15,10,ASK
2018-12-17 09:43:55,V,132.09,7,BID
2018-12-17 09:43:55,V,132.15,10,ASK
2018-12-17 09:43:58,V,132.06,2,BID
2018-12-17 09:43:58,V,132.1,5,ASK
2018-12-17 09:43:59,V,132.06,2,BID
2018-12-17 09:43:59,V,132.09,3,ASK
2018-12-17 09:44:00,V,132.06,2,BID
2018-12-17 09:44:00,V,132.09,9,ASK
2018-12-17 09:44:01,V,132.06,3,BID
2018-12-17 09:44:00,V,132.09,10,ASK
2018-12-17 09:44:01,V,132.06,3,BID
2018-12-17 09:44:00,V,132.09,10,ASK
2018-12-17 09:44:04,V,132.07,2,BID
2018-12-17 09:44:04,V,132.11,2,ASK
2018-12-17 09:44:04,V,132.07,4,BID
2018-12-17 09:44:04,V,132.11,4,ASK
2018-12-17 09:44:05,V,132.07,5,BID
2018-12-17 09:44:05,V,132.12,7,ASK
2018-12-17 09:44:05,V,132.07,5,BID
2018-12-17 09:44:06,V,132.11,1,ASK
2018-12-17 09:44:05,V,132.07,5,BID
2018-12-17 09:44:06,V,132.11,3,ASK
2018-12-17 09:44:05,V,132.07,5,BID
2018-12-17 09:44:06,V,132.11,3,ASK
2018-12-17 09:44:09,V,132.05,4,BID
2018-12-17 09:44:09,V,132.09,10,ASK
2018-12-17 09:44:09,V,132.05,4,BID
2018-12-17 09:44:10,V,132.09,6,ASK
2018-12-17 09:44:10,V,132.05,6,BID
2018-12-17 09:44:10,V,132.11,11,ASK
2018-12-17 09:44:11,V,132.08,1,BID
2018-12-17 09:44:11,V,132.11,10,ASK
2018-12-17 09:44:12,V,132.08,5,BID
2018-12-17 09:44:12,V,132.11,10,ASK
2018-12-17 09:44:09,V,132.05,6,BID
2018-12-17 09:44:13,V,132.11,7,ASK
2018-12-17 09:44:15,V,132.03,2,BID
2018-12-17 09:44:15,V,132.09,1,ASK
2018-12-17 09:44:15,V,132.03,2,BID
2018-12-17 09:44:15,V,132.09,1,ASK
2018-12-17 09:44:16,V,132.03,2,BID
2018-12-17 09:44:16,V,132.08,8,ASK
2018-12-17 09:44:16,V,132.03,2,BID
2018-12-17 09:44:16,V,132.08,8,ASK
2018-12-17 09:44:19,V,132.03,2,BID
2018-12-17 09:44:19,V,132.08,7,ASK
2018-12-17 09:44:20,V,132.03,4,BID
2018-12-17 09:44:20,V,132.07,7,ASK
2018-12-17 09:44:21,V,132.03,4,BID
2018-12-17 09:44:20,V,132.07,6,ASK
2018-12-17 09:44:22,V,132.03,4,BID
2018-12-17 09:44:22,V,132.08,9,ASK
2018-12-17 09:44:23,V,132.03,8,BID
2018-12-17 09:44:22,V,132.08,9,ASK
2018-12-17 09:44:23,V,132.03,8,BID
2018-12-17 09:44:22,V,132.08,9,ASK
2018-12-17 09:44:23,V,132.03,8,BID
2018-12-17 09:44:22,V,132.08,9,ASK
2018-12-17 09:44:26,V,132.07,4,BID
2018-12-17 09:44:26,V,132.11,8,ASK
2018-12-17 09:44:27,V,132.03,13,BID
2018-12-17 09:44:27,V,132.09,13,ASK
2018-12-17 09:44:28,V,132.03,17,BID
2018-12-17 09:44:28,V,132.09,14,ASK
2018-12-17 09:44:28,V,132.03,16,BID
2018-12-17 09:44:28,V,132.09,15,ASK
2018-12-17 09:44:28,V,132.03,16,BID
2018-12-17 09:44:30,V,132.09,15,ASK
2018-12-17 09:44:28,V,132.03,16,BID
2018-12-17 09:44:30,V,132.09,15,ASK
2018-12-17 09:44:28,V,132.03,17,BID
2018-12-17 09:44:32,V,132.09,15,ASK
2018-12-17 09:44:34,V,132.05,1,BID
2018-12-17 09:44:34,V,132.09,15,ASK
2018-12-17 09:44:34,V,132.05,1,BID
2018-12-17 09:44:34,V,132.09,14,ASK
2018-12-17 09:44:35,V,132.1,2,BID
2018-12-17 09:44:35,V,132.13,9,ASK
2018-12-17 09:44:36,V,132.14,2,BID
2018-12-17 09:44:36,V,132.2,13,ASK
2018-12-17 09:44:37,V,132.14,2,BID
2018-12-17 09:44:37,V,132.2,14,ASK
2018-12-17 09:44:38,V,132.14,2,BID
2018-12-17 09:44:38,V,132.2,1,ASK
2018-12-17 09:44:38,V,132.14,2,BID
2018-12-17 09:44:38,V,132.2,1,ASK
2018-12-17 09:44:41,V,132.18,1,BID
2018-12-17 09:44:41,V,132.2,2,ASK
2018-12-17 09:44:41,V,132.18,2,BID
2018-12-17 09:44:41,V,132.22,5,ASK
2018-12-17 09:44:43,V,132.23,2,BID
2018-12-17 09:44:43,V,132.27,1,ASK
2018-12-17 09:44:43,V,132.23,6,BID
2018-12-17 09:44:44,V,132.29,7,ASK
2018-12-17 09:44:44,V,132.23,6,BID
2018-12-17 09:44:44,V,132.3,3,ASK
2018-12-17 09:44:44,V,132.23,6,BID
2018-12-17 09:44:44,V,132.3,3,ASK
2018-12-17 09:44:47,V,132.25,1,BID
2018-12-17 09:44:47,V,132.3,5,ASK
2018-12-17 09:44:48,V,132.25,4,BID
2018-12-17 09:44:48,V,132.3,11,ASK
2018-12-17 09:44:48,V,132.25,4,BID
2018-12-17 09:44:48,V,132.3,11,ASK
2018-12-17 09:44:49,V,132.28,1,BID
2018-12-17 09:44:49,V,132.34,12,ASK
2018-12-17 09:44:49,V,132.28,1,BID
2018-12-17 09:44:49,V,132.34,12,ASK
2018-12-17 09:44:49,V,132.28,1,BID
2018-12-17 09:44:49,V,132.34,12,ASK
2018-12-17 09:44:49,V,132.28,1,BID
2018-12-17 09:44:49,V,132.34,12,ASK
2018-12-17 09:44:49,V,132.28,1,BID
2018-12-17 09:44:49,V,132.34,12,ASK
2018-12-17 09:44:55,V,132.3,1,BID
2018-12-17 09:44:55,V,132.33,9,ASK
2018-12-17 09:44:56,V,132.31,1,BID
2018-12-17 09:44:55,V,132.38,4,ASK
2018-12-17 09:44:56,V,132.3,3,BID
2018-12-17 09:44:57,V,132.38,7,ASK
2018-12-17 09:44:56,V,132.3,3,BID
2018-12-17 09:44:57,V,132.38,7,ASK
2018-12-17 09:44:59,V,132.26,1,BID
2018-12-17 09:44:59,V,132.31,8,ASK
2018-12-17 09:45:00,V,132.19,1,BID
2018-12-17 09:45:00,V,132.23,11,ASK
2018-12-17 09:45:00,V,132.19,1,BID
2018-12-17 09:45:00,V,132.23,9,ASK
2018-12-17 09:45:01,V,132.12,1,BID
2018-12-17 09:45:01,V,132.18,6,ASK
2018-12-17 09:45:02,V,132.13,5,BID
2018-12-17 09:45:02,V,132.21,8,ASK
2018-12-17 09:45:03,V,132.13,5,BID
2018-12-17 09:45:03,V,132.21,8,ASK
2018-12-17 09:45:04,V,132.13,5,BID
2018-12-17 09:45:04,V,132.21,8,ASK
2018-12-17 09:45:05,V,132.13,7,BID
2018-12-17 09:45:05,V,132.21,8,ASK
2018-12-17 09:45:05,V,132.13,7,BID
2018-12-17 09:45:05,V,132.21,8,ASK
2018-12-17 09:45:05,V,132.13,7,BID
2018-12-17 09:45:05,V,132.21,8,ASK
2018-12-17 09:45:08,V,132.13,11,BID
2018-12-17 09:45:08,V,132.21,8,ASK
2018-12-17 09:45:09,V,132.11,1,BID
2018-12-17 09:45:09,V,132.16,3,ASK
2018-12-17 09:45:09,V,132.09,9,BID
2018-12-17 09:45:10,V,132.14,2,ASK
2018-12-17 09:45:11,V,132.06,3,BID
2018-12-17 09:45:11,V,132.11,5,ASK
2018-12-17 09:45:12,V,132.11,1,BID
2018-12-17 09:45:12,V,132.16,5,ASK
2018-12-17 09:45:13,V,132.07,12,BID
2018-12-17 09:45:13,V,132.11,2,ASK
2018-12-17 09:45:15,V,132.06,12,BID
2018-12-17 09:45:15,V,132.1,3,ASK
2018-12-17 09:45:16,V,132.09,4,BID
2018-12-17 09:45:16,V,132.14,1,ASK
2018-12-17 09:45:16,V,132.1,1,BID
2018-12-17 09:45:16,V,132.17,5,ASK
2018-12-17 09:45:17,V,132.1,2,BID
2018-12-17 09:45:17,V,132.17,5,ASK
2018-12-17 09:45:18,V,132.1,2,BID
2018-12-17 09:45:17,V,132.17,5,ASK
2018-12-17 09:45:19,V,132.17,1,BID
2018-12-17 09:45:19,V,132.23,1,ASK
2018-12-17 09:45:20,V,132.2,1,BID
2018-12-17 09:45:20,V,132.24,5,ASK
2018-12-17 09:45:21,V,132.21,13,BID
2018-12-17 09:45:21,V,132.26,2,ASK
2018-12-17 09:45:21,V,132.24,1,BID
2018-12-17 09:45:21,V,132.29,7,ASK
2018-12-17 09:45:22,V,132.28,1,BID
2018-12-17 09:45:22,V,132.29,8,ASK
2018-12-17 09:45:23,V,132.27,2,BID
2018-12-17 09:45:23,V,132.32,8,ASK
2018-12-17 09:45:24,V,132.33,1,BID
2018-12-17 09:45:24,V,132.34,1,ASK
2018-12-17 09:45:25,V,132.34,3,BID
2018-12-17 09:45:25,V,132.39,1,ASK
2018-12-17 09:45:26,V,132.34,7,BID
2018-12-17 09:45:26,V,132.4,11,ASK
2018-12-17 09:45:26,V,132.34,7,BID
2018-12-17 09:45:26,V,132.4,11,ASK
2018-12-17 09:45:30,V,132.38,1,BID
2018-12-17 09:45:29,V,132.44,4,ASK
2018-12-17 09:45:30,V,132.4,3,BID
2018-12-17 09:45:30,V,132.44,3,ASK
2018-12-17 09:45:32,V,132.36,1,BID
2018-12-17 09:45:32,V,132.42,6,ASK
2018-12-17 09:45:33,V,132.36,1,BID
2018-12-17 09:45:32,V,132.42,7,ASK
2018-12-17 09:45:34,V,132.36,1,BID
2018-12-17 09:45:32,V,132.42,8,ASK
2018-12-17 09:45:34,V,132.36,4,BID
2018-12-17 09:45:34,V,132.43,2,ASK
2018-12-17 09:45:35,V,132.36,5,BID
2018-12-17 09:45:35,V,132.44,4,ASK
2018-12-17 09:45:35,V,132.36,4,BID
2018-12-17 09:45:35,V,132.44,6,ASK
2018-12-17 09:45:38,V,132.39,1,BID
2018-12-17 09:45:35,V,132.44,8,ASK
2018-12-17 09:45:38,V,132.39,1,BID
2018-12-17 09:45:35,V,132.44,8,ASK
2018-12-17 09:45:39,V,132.39,1,BID
2018-12-17 09:45:35,V,132.44,8,ASK
2018-12-17 09:45:40,V,132.39,1,BID
2018-12-17 09:45:35,V,132.44,7,ASK
2018-12-17 09:45:42,V,132.41,1,BID
2018-12-17 09:45:42,V,132.44,6,ASK
2018-12-17 09:45:42,V,132.41,1,BID
2018-12-17 09:45:42,V,132.44,6,ASK
2018-12-17 09:45:44,V,132.44,1,BID
2018-12-17 09:45:44,V,132.49,7,ASK
2018-12-17 09:45:44,V,132.44,1,BID
2018-12-17 09:45:44,V,132.49,7,ASK
2018-12-17 09:45:46,V,132.38,2,BID
2018-12-17 09:45:46,V,132.42,1,ASK
2018-12-17 09:45:47,V,132.38,2,BID
2018-12-17 09:45:46,V,132.43,4,ASK
2018-12-17 09:45:48,V,132.38,2,BID
2018-12-17 09:45:48,V,132.43,3,ASK
2018-12-17 09:45:48,V,132.38,2,BID
2018-12-17 09:45:48,V,132.43,4,ASK
2018-12-17 09:45:48,V,132.38,2,BID
2018-12-17 09:45:49,V,132.43,4,ASK
2018-12-17 09:45:51,V,132.38,2,BID
2018-12-17 09:45:49,V,132.43,4,ASK
2018-12-17 09:45:51,V,132.38,2,BID
2018-12-17 09:45:49,V,132.43,4,ASK
2018-12-17 09:45:51,V,132.38,2,BID
2018-12-17 09:45:49,V,132.43,4,ASK
2018-12-17 09:45:54,V,132.34,9,BID
2018-12-17 09:45:54,V,132.37,1,ASK
2018-12-17 09:45:55,V,132.32,1,BID
2018-12-17 09:45:54,V,132.37,12,ASK
2018-12-17 09:45:56,V,132.32,1,BID
2018-12-17 09:45:54,V,132.37,12,ASK
2018-12-17 09:45:57,V,132.35,1,BID
2018-12-17 09:45:57,V,132.4,1,ASK
2018-12-17 09:45:58,V,132.35,3,BID
2018-12-17 09:45:57,V,132.42,4,ASK
2018-12-17 09:45:59,V,132.37,1,BID
2018-12-17 09:45:57,V,132.42,4,ASK
2018-12-17 09:46:00,V,132.4,1,BID
2018-12-17 09:46:00,V,132.45,12,ASK
2018-12-17 09:46:01,V,132.39,1,BID
2018-12-17 09:46:01,V,132.43,1,ASK
2018-12-17 09:46:01,V,132.39,1,BID
2018-12-17 09:46:01,V,132.43,1,ASK
2018-12-17 09:46:02,V,132.39,1,BID
2018-12-17 09:46:02,V,132.43,2,ASK
2018-12-17 09:46:03,V,132.39,6,BID
2018-12-17 09:46:00,V,132.45,5,ASK
2018-12-17 09:46:05,V,132.39,8,BID
2018-12-17 09:46:05,V,132.43,2,ASK
2018-12-17 09:46:05,V,132.39,8,BID
2018-12-17 09:46:05,V,132.43,2,ASK
2018-12-17 09:46:07,V,132.4,2,BID
2018-12-17 09:46:07,V,132.45,9,ASK
2018-12-17 09:46:08,V,132.41,6,BID
2018-12-17 09:46:08,V,132.46,3,ASK
2018-12-17 09:46:09,V,132.43,1,BID
2018-12-17 09:46:08,V,132.46,3,ASK
2018-12-17 09:46:09,V,132.43,1,BID
2018-12-17 09:46:08,V,132.46,3,ASK
2018-12-17 09:46:11,V,132.43,1,BID
2018-12-17 09:46:11,V,132.46,3,ASK
2018-12-17 09:46:12,V,132.41,7,BID
2018-12-17 09:46:12,V,132.44,2,ASK
2018-12-17 09:46:12,V,132.41,7,BID
2018-12-17 09:46:12,V,132.44,2,ASK
2018-12-17 09:46:14,V,132.42,1,BID
2018-12-17 09:46:11,V,132.46,3,ASK
2018-12-17 09:46:15,V,132.42,2,BID
2018-12-17 09:46:11,V,132.46,3,ASK
2018-12-17 09:46:15,V,132.42,2,BID
2018-12-17 09:46:11,V,132.46,3,ASK
2018-12-17 09:46:17,V,132.39,8,BID
2018-12-17 09:46:17,V,132.43,4,ASK
2018-12-17 09:46:17,V,132.36,3,BID
2018-12-17 09:46:17,V,132.41,2,ASK
2018-12-17 09:46:19,V,132.36,3,BID
2018-12-17 09:46:19,V,132.41,1,ASK
2018-12-17 09:46:19,V,132.39,1,BID
2018-12-17 09:46:19,V,132.43,4,ASK
2018-12-17 09:46:21,V,132.39,2,BID
2018-12-17 09:46:21,V,132.45,1,ASK
2018-12-17 09:46:22,V,132.39,4,BID
2018-12-17 09:46:22,V,132.44,1,ASK
2018-12-17 09:46:22,V,132.39,4,BID
2018-12-17 09:46:22,V,132.45,2,ASK
2018-12-17 09:46:22,V,132.39,4,BID
2018-12-17 09:46:22,V,132.45,2,ASK
2018-12-17 09:46:22,V,132.39,4,BID
2018-12-17 09:46:22,V,132.45,2,ASK
2018-12-17 09:46:26,V,132.41,1,BID
2018-12-17 09:46:26,V,132.44,1,ASK
2018-12-17 09:46:26,V,132.41,1,BID
2018-12-17 09:46:26,V,132.44,1,ASK
2018-12-17 09:46:27,V,132.41,1,BID
2018-12-17 09:46:27,V,132.44,2,ASK
2018-12-17 09:46:29,V,132.36,4,BID
2018-12-17 09:46:29,V,132.39,3,ASK
2018-12-17 09:46:30,V,132.32,2,BID
2018-12-17 09:46:30,V,132.37,1,ASK
2018-12-17 09:46:30,V,132.32,2,BID
2018-12-17 09:46:31,V,132.37,4,ASK
2018-12-17 09:46:31,V,132.34,1,BID
2018-12-17 09:46:31,V,132.39,2,ASK
2018-12-17 09:46:32,V,132.34,1,BID
2018-12-17 09:46:32,V,132.39,1,ASK
2018-12-17 09:46:32,V,132.34,1,BID
2018-12-17 09:46:32,V,132.39,2,ASK
2018-12-17 09:46:33,V,132.34,2,BID
2018-12-17 09:46:33,V,132.39,4,ASK
2018-12-17 09:46:35,V,132.4,1,BID
2018-12-17 09:46:35,V,132.44,5,ASK
2018-12-17 09:46:36,V,132.41,1,BID
2018-12-17 09:46:35,V,132.44,5,ASK
2018-12-17 09:46:38,V,132.45,2,BID
2018-12-17 09:46:38,V,132.49,3,ASK
2018-12-17 09:46:39,V,132.45,3,BID
2018-12-17 09:46:39,V,132.49,4,ASK
2018-12-17 09:46:39,V,132.45,3,BID
2018-12-17 09:46:39,V,132.49,4,ASK
2018-12-17 09:46:41,V,132.45,3,BID
2018-12-17 09:46:41,V,132.49,6,ASK
2018-12-17 09:46:37,V,132.41,2,BID
2018-12-17 09:46:42,V,132.46,4,ASK
2018-12-17 09:46:37,V,132.41,2,BID
2018-12-17 09:46:43,V,132.46,4,ASK
2018-12-17 09:46:37,V,132.41,2,BID
2018-12-17 09:46:43,V,132.46,4,ASK
2018-12-17 09:46:45,V,132.41,4,BID
2018-12-17 09:46:43,V,132.46,4,ASK
2018-12-17 09:46:46,V,132.38,9,BID
2018-12-17 09:46:46,V,132.43,1,ASK
2018-12-17 09:46:47,V,132.38,9,BID
2018-12-17 09:46:47,V,132.43,5,ASK
2018-12-17 09:46:48,V,132.38,9,BID
2018-12-17 09:46:47,V,132.43,5,ASK
2018-12-17 09:46:49,V,132.38,9,BID
2018-12-17 09:46:47,V,132.43,5,ASK
2018-12-17 09:46:50,V,132.38,9,BID
2018-12-17 09:46:47,V,132.43,5,ASK
2018-12-17 09:46:51,V,132.33,16,BID
2018-12-17 09:46:51,V,132.37,3,ASK
2018-12-17 09:46:52,V,132.31,12,BID
2018-12-17 09:46:52,V,132.37,3,ASK
2018-12-17 09:46:53,V,132.32,1,BID
2018-12-17 09:46:53,V,132.35,2,ASK
2018-12-17 09:46:52,V,132.31,14,BID
2018-12-17 09:46:54,V,132.35,2,ASK
2018-12-17 09:46:55,V,132.31,15,BID
2018-12-17 09:46:55,V,132.35,4,ASK
2018-12-17 09:46:55,V,132.31,15,BID
2018-12-17 09:46:55,V,132.35,4,ASK
2018-12-17 09:46:57,V,132.31,21,BID
2018-12-17 09:46:57,V,132.35,4,ASK
2018-12-17 09:46:57,V,132.31,16,BID
2018-12-17 09:46:58,V,132.35,4,ASK
2018-12-17 09:46:59,V,132.32,5,BID
2018-12-17 09:46:59,V,132.35,2,ASK
2018-12-17 09:47:00,V,132.34,13,BID
2018-12-17 09:47:00,V,132.39,5,ASK
2018-12-17 09:47:00,V,132.34,13,BID
2018-12-17 09:47:01,V,132.39,5,ASK
2018-12-17 09:47:00,V,132.32,5,BID
2018-12-17 09:47:02,V,132.39,5,ASK
2018-12-17 09:47:03,V,132.34,5,BID
2018-12-17 09:47:03,V,132.44,8,ASK
2018-12-17 09:47:03,V,132.34,5,BID
2018-12-17 09:47:03,V,132.42,2,ASK
2018-12-17 09:47:05,V,132.34,5,BID
2018-12-17 09:47:05,V,132.38,10,ASK
2018-12-17 09:47:05,V,132.34,5,BID
2018-12-17 09:47:05,V,132.38,10,ASK
2018-12-17 09:47:07,V,132.31,11,BID
2018-12-17 09:47:07,V,132.33,1,ASK
2018-12-17 09:47:08,V,132.31,7,BID
2018-12-17 09:47:08,V,132.35,3,ASK
2018-12-17 09:47:09,V,132.25,7,BID
2018-12-17 09:47:09,V,132.31,1,ASK
2018-12-17 09:47:10,V,132.25,8,BID
2018-12-17 09:47:10,V,132.28,1,ASK
2018-12-17 09:47:11,V,132.25,1,BID
2018-12-17 09:47:11,V,132.27,1,ASK
2018-12-17 09:47:11,V,132.25,2,BID
2018-12-17 09:47:11,V,132.29,2,ASK
2018-12-17 09:47:11,V,132.25,2,BID
2018-12-17 09:47:11,V,132.29,2,ASK
2018-12-17 09:47:11,V,132.25,2,BID
2018-12-17 09:47:11,V,132.29,2,ASK
2018-12-17 09:47:11,V,132.25,2,BID
2018-12-17 09:47:11,V,132.29,2,ASK
2018-12-17 09:47:16,V,132.26,2,BID
2018-12-17 09:47:16,V,132.29,3,ASK
2018-12-17 09:47:17,V,132.26,13,BID
2018-12-17 09:47:17,V,132.3,1,ASK
2018-12-17 09:47:18,V,132.22,10,BID
2018-12-17 09:47:18,V,132.26,1,ASK
2018-12-17 09:47:19,V,132.2,10,BID
2018-12-17 09:47:19,V,132.25,1,ASK
2018-12-17 09:47:20,V,132.22,1,BID
2018-12-17 09:47:20,V,132.25,2,ASK
2018-12-17 09:47:21,V,132.24,2,BID
2018-12-17 09:47:21,V,132.31,2,ASK
2018-12-17 09:47:21,V,132.24,2,BID
2018-12-17 09:47:21,V,132.3,1,ASK
2018-12-17 09:47:21,V,132.24,2,BID
2018-12-17 09:47:21,V,132.3,1,ASK
2018-12-17 09:47:24,V,132.24,2,BID
2018-12-17 09:47:24,V,132.29,1,ASK
2018-12-17 09:47:25,V,132.24,2,BID
2018-12-17 09:47:25,V,132.29,1,ASK
2018-12-17 09:47:26,V,132.21,12,BID
2018-12-17 09:47:26,V,132.26,2,ASK
2018-12-17 09:47:27,V,132.21,1,BID
2018-12-17 09:47:27,V,132.26,2,ASK
2018-12-17 09:47:28,V,132.21,3,BID
2018-12-17 09:47:28,V,132.26,2,ASK
2018-12-17 09:47:28,V,132.21,3,BID
2018-12-17 09:47:28,V,132.26,2,ASK
2018-12-17 09:47:30,V,132.21,3,BID
2018-12-17 09:47:30,V,132.26,2,ASK
2018-12-17 09:47:31,V,132.14,1,BID
2018-12-17 09:47:31,V,132.19,13,ASK
2018-12-17 09:47:31,V,132.14,1,BID
2018-12-17 09:47:31,V,132.19,13,ASK
2018-12-17 09:47:33,V,132.11,14,BID
2018-12-17 09:47:33,V,132.19,13,ASK
2018-12-17 09:47:34,V,132.11,17,BID
2018-12-17 09:47:34,V,132.19,13,ASK
2018-12-17 09:47:35,V,132.12,1,BID
2018-12-17 09:47:35,V,132.18,3,ASK
2018-12-17 09:47:35,V,132.12,1,BID
2018-12-17 09:47:35,V,132.18,3,ASK
2018-12-17 09:45:14,V,132.06,11,BID
2018-12-17 09:47:37,V,132.11,1,ASK
2018-12-17 09:47:38,V,132.13,1,BID
2018-12-17 09:47:36,V,132.18,4,ASK
2018-12-17 09:47:39,V,132.16,1,BID
2018-12-17 09:47:39,V,132.22,3,ASK
2018-12-17 09:47:40,V,132.13,2,BID
2018-12-17 09:47:40,V,132.2,5,ASK
2018-12-17 09:47:41,V,132.14,1,BID
2018-12-17 09:47:41,V,132.2,5,ASK
2018-12-17 09:47:40,V,132.13,2,BID
2018-12-17 09:47:42,V,132.2,5,ASK
2018-12-17 09:47:43,V,132.13,3,BID
2018-12-17 09:47:43,V,132.2,5,ASK
2018-12-17 09:47:44,V,132.13,3,BID
2018-12-17 09:47:44,V,132.2,5,ASK
2018-12-17 09:47:46,V,132.12,2,BID
2018-12-17 09:47:46,V,132.2,5,ASK
2018-12-17 09:47:46,V,132.12,2,BID
2018-12-17 09:47:46,V,132.18,3,ASK
2018-12-17 09:47:47,V,132.13,1,BID
2018-12-17 09:47:46,V,132.18,4,ASK
2018-12-17 09:47:47,V,132.13,1,BID
2018-12-17 09:47:46,V,132.18,4,ASK
2018-12-17 09:47:49,V,132.13,2,BID
2018-12-17 09:47:46,V,132.18,3,ASK
2018-12-17 09:47:50,V,132.14,3,BID
2018-12-17 09:47:50,V,132.19,1,ASK
2018-12-17 09:47:51,V,132.19,1,BID
2018-12-17 09:47:51,V,132.22,2,ASK
2018-12-17 09:47:51,V,132.19,1,BID
2018-12-17 09:47:51,V,132.22,2,ASK
2018-12-17 09:47:53,V,132.15,9,BID
2018-12-17 09:47:53,V,132.2,3,ASK
2018-12-17 09:47:53,V,132.15,9,BID
2018-12-17 09:47:54,V,132.2,4,ASK
2018-12-17 09:47:53,V,132.15,9,BID
2018-12-17 09:47:54,V,132.2,4,ASK
2018-12-17 09:47:53,V,132.15,9,BID
2018-12-17 09:47:56,V,132.2,5,ASK
2018-12-17 09:47:53,V,132.15,9,BID
2018-12-17 09:47:56,V,132.2,5,ASK
2018-12-17 09:47:53,V,132.15,9,BID
2018-12-17 09:47:56,V,132.2,5,ASK
2018-12-17 09:47:59,V,132.12,2,BID
2018-12-17 09:47:59,V,132.15,1,ASK
2018-12-17 09:45:14,V,132.06,12,BID
2018-12-17 09:48:00,V,132.11,1,ASK
2018-12-17 09:48:01,V,132.05,4,BID
2018-12-17 09:48:01,V,132.11,3,ASK
2018-12-17 09:48:01,V,132.05,4,BID
2018-12-17 09:48:02,V,132.11,4,ASK
2018-12-17 09:48:03,V,132.07,3,BID
2018-12-17 09:48:02,V,132.11,3,ASK
2018-12-17 09:48:03,V,132.07,3,BID
2018-12-17 09:48:02,V,132.11,3,ASK
2018-12-17 09:48:06,V,132.09,13,BID
2018-12-17 09:48:06,V,132.14,1,ASK
2018-12-17 09:48:06,V,132.07,2,BID
2018-12-17 09:48:06,V,132.13,1,ASK
2018-12-17 09:48:08,V,132.09,2,BID
2018-12-17 09:48:08,V,132.13,1,ASK
2018-12-17 09:48:08,V,132.09,2,BID
2018-12-17 09:48:08,V,132.13,1,ASK
2018-12-17 09:48:08,V,132.09,2,BID
2018-12-17 09:48:08,V,132.13,1,ASK
2018-12-17 09:48:10,V,132.09,5,BID
2018-12-17 09:48:10,V,132.13,3,ASK
2018-12-17 09:48:10,V,132.09,5,BID
2018-12-17 09:48:10,V,132.13,3,ASK
2018-12-17 09:48:10,V,132.09,5,BID
2018-12-17 09:48:10,V,132.13,3,ASK
2018-12-17 09:48:13,V,132.09,5,BID
2018-12-17 09:48:10,V,132.13,3,ASK
2018-12-17 09:48:14,V,132.11,9,BID
2018-12-17 09:48:14,V,132.13,1,ASK
2018-12-17 09:48:15,V,132.09,6,BID
2018-12-17 09:48:15,V,132.12,2,ASK
2018-12-17 09:48:16,V,132.1,11,BID
2018-12-17 09:48:16,V,132.14,2,ASK
2018-12-17 09:48:17,V,132.1,11,BID
2018-12-17 09:48:17,V,132.13,1,ASK
2018-12-17 09:48:19,V,132.1,2,BID
2018-12-17 09:48:19,V,132.12,2,ASK
2018-12-17 09:48:19,V,132.08,8,BID
2018-12-17 09:48:19,V,132.11,1,ASK
2018-12-17 09:48:20,V,132.06,2,BID
2018-12-17 09:48:20,V,132.1,2,ASK
2018-12-17 09:48:20,V,132.06,2,BID
2018-12-17 09:48:20,V,132.1,2,ASK
2018-12-17 09:48:22,V,132.08,1,BID
2018-12-17 09:48:22,V,132.13,1,ASK
2018-12-17 09:48:23,V,132.08,2,BID
2018-12-17 09:48:23,V,132.13,2,ASK
2018-12-17 09:48:24,V,132.08,2,BID
2018-12-17 09:48:24,V,132.12,1,ASK
2018-12-17 09:48:26,V,132.06,2,BID
2018-12-17 09:48:26,V,132.1,1,ASK
2018-12-17 09:48:27,V,132.07,2,BID
2018-12-17 09:48:26,V,132.1,2,ASK
2018-12-17 09:48:27,V,132.07,3,BID
2018-12-17 09:48:26,V,132.1,2,ASK
2018-12-17 09:48:29,V,132.09,1,BID
2018-12-17 09:48:29,V,132.12,1,ASK
2018-12-17 09:48:30,V,132.08,1,BID
2018-12-17 09:48:30,V,132.12,1,ASK
2018-12-17 09:48:30,V,132.07,3,BID
2018-12-17 09:48:30,V,132.11,1,ASK
2018-12-17 09:48:31,V,132.08,1,BID
2018-12-17 09:48:31,V,132.12,1,ASK
2018-12-17 09:48:32,V,132.1,2,BID
2018-12-17 09:48:32,V,132.14,2,ASK
2018-12-17 09:48:33,V,132.1,2,BID
2018-12-17 09:48:33,V,132.16,1,ASK
2018-12-17 09:48:33,V,132.1,2,BID
2018-12-17 09:48:33,V,132.16,1,ASK
2018-12-17 09:48:33,V,132.1,2,BID
2018-12-17 09:48:33,V,132.16,1,ASK
2018-12-17 09:48:37,V,132.1,6,BID
2018-12-17 09:48:37,V,132.16,2,ASK
2018-12-17 09:48:38,V,132.1,6,BID
2018-12-17 09:48:37,V,132.16,2,ASK
2018-12-17 09:48:38,V,132.1,6,BID
2018-12-17 09:48:37,V,132.16,2,ASK
2018-12-17 09:48:39,V,132.11,2,BID
2018-12-17 09:48:39,V,132.14,1,ASK
2018-12-17 09:48:41,V,132.12,1,BID
2018-12-17 09:48:41,V,132.15,2,ASK
2018-12-17 09:48:41,V,132.12,1,BID
2018-12-17 09:48:39,V,132.16,4,ASK
2018-12-17 09:48:42,V,132.13,7,BID
2018-12-17 09:48:42,V,132.17,1,ASK
2018-12-17 09:48:43,V,132.13,9,BID
2018-12-17 09:48:43,V,132.17,1,ASK
2018-12-17 09:48:44,V,132.16,2,BID
2018-12-17 09:48:44,V,132.21,3,ASK
2018-12-17 09:48:44,V,132.16,2,BID
2018-12-17 09:48:44,V,132.21,3,ASK
2018-12-17 09:48:47,V,132.16,3,BID
2018-12-17 09:48:47,V,132.21,6,ASK
2018-12-17 09:48:48,V,132.16,4,BID
2018-12-17 09:48:47,V,132.21,7,ASK
2018-12-17 09:48:48,V,132.16,4,BID
2018-12-17 09:48:47,V,132.21,7,ASK
2018-12-17 09:48:48,V,132.16,5,BID
2018-12-17 09:48:47,V,132.21,7,ASK
2018-12-17 09:48:48,V,132.16,5,BID
2018-12-17 09:48:47,V,132.21,7,ASK
2018-12-17 09:48:52,V,132.2,1,BID
2018-12-17 09:48:52,V,132.23,3,ASK
2018-12-17 09:48:53,V,132.21,1,BID
2018-12-17 09:48:53,V,132.24,2,ASK
2018-12-17 09:48:52,V,132.19,2,BID
2018-12-17 09:48:53,V,132.24,2,ASK
2018-12-17 09:48:55,V,132.14,8,BID
2018-12-17 09:48:55,V,132.19,2,ASK
2018-12-17 09:48:55,V,132.14,8,BID
2018-12-17 09:48:55,V,132.19,2,ASK
2018-12-17 09:48:56,V,132.14,8,BID
2018-12-17 09:48:56,V,132.18,1,ASK
2018-12-17 09:48:57,V,132.13,8,BID
2018-12-17 09:48:57,V,132.18,4,ASK
2018-12-17 09:48:57,V,132.13,8,BID
2018-12-17 09:48:57,V,132.18,4,ASK
2018-12-17 09:49:00,V,132.13,8,BID
2018-12-17 09:49:00,V,132.18,5,ASK
2018-12-17 09:49:01,V,132.17,1,BID
2018-12-17 09:49:01,V,132.18,6,ASK
2018-12-17 09:49:01,V,132.18,1,BID
2018-12-17 09:49:01,V,132.21,3,ASK
2018-12-17 09:49:02,V,132.21,1,BID
2018-12-17 09:49:02,V,132.24,1,ASK
2018-12-17 09:49:02,V,132.21,2,BID
2018-12-17 09:49:02,V,132.24,1,ASK
2018-12-17 09:49:03,V,132.22,12,BID
2018-12-17 09:49:03,V,132.28,3,ASK
2018-12-17 09:49:04,V,132.24,13,BID
2018-12-17 09:49:04,V,132.31,2,ASK
2018-12-17 09:49:04,V,132.24,12,BID
2018-12-17 09:49:05,V,132.28,7,ASK
2018-12-17 09:49:05,V,132.28,5,BID
2018-12-17 09:49:05,V,132.32,2,ASK
2018-12-17 09:49:05,V,132.28,5,BID
2018-12-17 09:49:05,V,132.32,2,ASK
2018-12-17 09:49:07,V,132.29,9,BID
2018-12-17 09:49:07,V,132.32,2,ASK
2018-12-17 09:49:09,V,132.27,4,BID
2018-12-17 09:49:09,V,132.31,7,ASK
2018-12-17 09:49:09,V,132.27,4,BID
2018-12-17 09:49:09,V,132.31,1,ASK
2018-12-17 09:49:09,V,132.27,4,BID
2018-12-17 09:49:09,V,132.31,1,ASK
2018-12-17 09:49:11,V,132.27,7,BID
2018-12-17 09:49:11,V,132.31,1,ASK
2018-12-17 09:49:14,V,132.3,2,BID
2018-12-17 09:49:14,V,132.34,2,ASK
2018-12-17 09:49:15,V,132.28,4,BID
2018-12-17 09:49:15,V,132.32,1,ASK
2018-12-17 09:49:15,V,132.28,4,BID
2018-12-17 09:49:15,V,132.32,1,ASK
2018-12-17 09:49:17,V,132.29,1,BID
2018-12-17 09:49:17,V,132.34,2,ASK
2018-12-17 09:49:19,V,132.29,1,BID
2018-12-17 09:49:19,V,132.33,2,ASK
2018-12-17 09:49:19,V,132.29,2,BID
2018-12-17 09:49:19,V,132.34,2,ASK
2018-12-17 09:49:20,V,132.33,1,BID
2018-12-17 09:49:20,V,132.34,4,ASK
2018-12-17 09:49:20,V,132.29,13,BID
2018-12-17 09:49:20,V,132.34,2,ASK
2018-12-17 09:49:20,V,132.29,12,BID
2018-12-17 09:49:20,V,132.33,1,ASK
2018-12-17 09:49:22,V,132.24,9,BID
2018-12-17 09:49:22,V,132.32,6,ASK
2018-12-17 09:49:22,V,132.24,10,BID
2018-12-17 09:49:22,V,132.32,6,ASK
2018-12-17 09:49:23,V,132.26,1,BID
2018-12-17 09:49:23,V,132.33,8,ASK
2018-12-17 09:49:23,V,132.28,1,BID
2018-12-17 09:49:23,V,132.33,10,ASK
2018-12-17 09:49:24,V,132.28,1,BID
2018-12-17 09:49:23,V,132.33,10,ASK
2018-12-17 09:49:24,V,132.28,1,BID
2018-12-17 09:49:23,V,132.33,10,ASK
2018-12-17 09:49:26,V,132.28,6,BID
2018-12-17 09:49:26,V,132.35,1,ASK
2018-12-17 09:49:26,V,132.28,6,BID
2018-12-17 09:49:26,V,132.35,2,ASK
2018-12-17 09:49:27,V,132.28,7,BID
2018-12-17 09:49:27,V,132.35,2,ASK
2018-12-17 09:49:27,V,132.28,7,BID
2018-12-17 09:49:27,V,132.35,2,ASK
2018-12-17 09:49:27,V,132.28,7,BID
2018-12-17 09:49:28,V,132.34,1,ASK
2018-12-17 09:49:27,V,132.28,7,BID
2018-12-17 09:49:28,V,132.34,1,ASK
2018-12-17 09:49:27,V,132.28,7,BID
2018-12-17 09:49:28,V,132.34,1,ASK
2018-12-17 09:49:29,V,132.28,8,BID
2018-12-17 09:49:29,V,132.34,1,ASK
2018-12-17 09:49:30,V,132.28,8,BID
2018-12-17 09:49:30,V,132.34,1,ASK
2018-12-17 09:49:30,V,132.28,9,BID
2018-12-17 09:49:31,V,132.34,2,ASK
2018-12-17 09:49:33,V,132.31,2,BID
2018-12-17 09:49:33,V,132.35,7,ASK
2018-12-17 09:49:33,V,132.31,2,BID
2018-12-17 09:49:33,V,132.35,7,ASK
2018-12-17 09:49:35,V,132.34,2,BID
2018-12-17 09:49:35,V,132.37,3,ASK
2018-12-17 09:49:36,V,132.39,1,BID
2018-12-17 09:49:36,V,132.4,1,ASK
2018-12-17 09:49:36,V,132.38,4,BID
2018-12-17 09:49:36,V,132.43,5,ASK
2018-12-17 09:49:36,V,132.38,4,BID
2018-12-17 09:49:36,V,132.43,5,ASK
2018-12-17 09:49:41,V,132.4,7,BID
2018-12-17 09:49:41,V,132.44,1,ASK
2018-12-17 09:49:39,V,132.38,5,BID
2018-12-17 09:49:43,V,132.42,1,ASK
2018-12-17 09:49:45,V,132.43,1,BID
2018-12-17 09:49:45,V,132.45,1,ASK
2018-12-17 09:49:46,V,132.45,3,BID
2018-12-17 09:49:46,V,132.48,1,ASK
2018-12-17 09:49:48,V,132.44,1,BID
2018-12-17 09:49:48,V,132.49,5,ASK
2018-12-17 09:49:49,V,132.44,1,BID
2018-12-17 09:49:49,V,132.49,7,ASK
2018-12-17 09:49:51,V,132.44,2,BID
2018-12-17 09:49:51,V,132.48,1,ASK
2018-12-17 09:49:51,V,132.44,3,BID
2018-12-17 09:49:51,V,132.49,8,ASK
2018-12-17 09:49:53,V,132.46,2,BID
2018-12-17 09:41:52,V,132.5,6,ASK
2018-12-17 09:49:55,V,132.47,5,BID
2018-12-17 09:49:55,V,132.52,3,ASK
2018-12-17 09:49:55,V,132.47,5,BID
2018-12-17 09:49:55,V,132.52,3,ASK
2018-12-17 09:49:57,V,132.47,5,BID
2018-12-17 09:49:57,V,132.52,9,ASK
2018-12-17 09:49:57,V,132.47,5,BID
2018-12-17 09:49:57,V,132.52,9,ASK
2018-12-17 09:49:58,V,132.47,5,BID
2018-12-17 09:49:57,V,132.52,8,ASK
2018-12-17 09:49:59,V,132.44,8,BID
2018-12-17 09:49:59,V,132.49,13,ASK
2018-12-17 09:50:01,V,132.43,5,BID
2018-12-17 09:50:01,V,132.47,3,ASK
2018-12-17 09:50:02,V,132.43,1,BID
2018-12-17 09:50:02,V,132.47,7,ASK
2018-12-17 09:50:03,V,132.39,1,BID
2018-12-17 09:50:03,V,132.42,1,ASK
2018-12-17 09:50:04,V,132.39,1,BID
2018-12-17 09:50:04,V,132.43,2,ASK
2018-12-17 09:50:05,V,132.38,4,BID
2018-12-17 09:50:05,V,132.42,1,ASK
2018-12-17 09:50:05,V,132.38,4,BID
2018-12-17 09:50:05,V,132.42,1,ASK
2018-12-17 09:50:05,V,132.38,4,BID
2018-12-17 09:50:06,V,132.42,3,ASK
2018-12-17 09:50:05,V,132.38,4,BID
2018-12-17 09:50:06,V,132.42,3,ASK
2018-12-17 09:50:05,V,132.38,5,BID
2018-12-17 09:50:09,V,132.42,3,ASK
2018-12-17 09:50:05,V,132.38,5,BID
2018-12-17 09:50:09,V,132.42,3,ASK
2018-12-17 09:50:11,V,132.39,3,BID
2018-12-17 09:50:10,V,132.42,5,ASK
2018-12-17 09:50:12,V,132.33,12,BID
2018-12-17 09:50:12,V,132.36,3,ASK
2018-12-17 09:50:13,V,132.33,1,BID
2018-12-17 09:50:12,V,132.36,3,ASK
2018-12-17 09:50:14,V,132.33,7,BID
2018-12-17 09:50:14,V,132.38,6,ASK
2018-12-17 09:50:15,V,132.33,17,BID
2018-12-17 09:50:15,V,132.37,1,ASK
2018-12-17 09:50:16,V,132.33,8,BID
2018-12-17 09:50:16,V,132.37,2,ASK
2018-12-17 09:50:17,V,132.28,18,BID
2018-12-17 09:50:17,V,132.31,2,ASK
2018-12-17 09:50:17,V,132.28,18,BID
2018-12-17 09:50:17,V,132.31,2,ASK
2018-12-17 09:50:19,V,132.23,1,BID
2018-12-17 09:50:19,V,132.28,1,ASK
2018-12-17 09:50:19,V,132.22,12,BID
2018-12-17 09:50:20,V,132.25,1,ASK
2018-12-17 09:50:19,V,132.22,12,BID
2018-12-17 09:50:20,V,132.25,3,ASK
2018-12-17 09:50:21,V,132.25,5,BID
2018-12-17 09:50:19,V,132.31,3,ASK
2018-12-17 09:50:23,V,132.25,7,BID
2018-12-17 09:50:23,V,132.31,4,ASK
2018-12-17 09:50:24,V,132.25,7,BID
2018-12-17 09:50:24,V,132.31,4,ASK
2018-12-17 09:50:25,V,132.26,1,BID
2018-12-17 09:50:25,V,132.31,5,ASK
2018-12-17 09:50:26,V,132.23,1,BID
2018-12-17 09:50:26,V,132.27,1,ASK
2018-12-17 09:50:27,V,132.23,2,BID
2018-12-17 09:50:27,V,132.27,2,ASK
2018-12-17 09:50:28,V,132.23,3,BID
2018-12-17 09:50:28,V,132.26,1,ASK
2018-12-17 09:50:28,V,132.23,3,BID
2018-12-17 09:50:28,V,132.26,1,ASK
2018-12-17 09:50:30,V,132.18,2,BID
2018-12-17 09:50:30,V,132.21,3,ASK
2018-12-17 09:50:31,V,132.16,1,BID
2018-12-17 09:50:31,V,132.21,4,ASK
2018-12-17 09:50:31,V,132.16,1,BID
2018-12-17 09:50:31,V,132.21,4,ASK
2018-12-17 09:50:33,V,132.16,3,BID
2018-12-17 09:50:31,V,132.21,4,ASK
2018-12-17 09:50:33,V,132.15,4,BID
2018-12-17 09:50:31,V,132.21,4,ASK
2018-12-17 09:50:34,V,132.15,6,BID
2018-12-17 09:50:31,V,132.21,4,ASK
2018-12-17 09:50:36,V,132.15,9,BID
2018-12-17 09:50:36,V,132.21,4,ASK
2018-12-17 09:50:37,V,132.16,12,BID
2018-12-17 09:50:36,V,132.21,4,ASK
2018-12-17 09:50:38,V,132.17,6,BID
2018-12-17 09:50:38,V,132.22,2,ASK
2018-12-17 09:50:38,V,132.17,6,BID
2018-12-17 09:50:38,V,132.22,2,ASK
2018-12-17 09:50:40,V,132.18,1,BID
2018-12-17 09:50:40,V,132.23,4,ASK
2018-12-17 09:50:41,V,132.17,1,BID
2018-12-17 09:50:40,V,132.23,5,ASK
2018-12-17 09:50:41,V,132.17,1,BID
2018-12-17 09:50:40,V,132.23,5,ASK
2018-12-17 09:50:41,V,132.17,1,BID
2018-12-17 09:50:40,V,132.23,5,ASK
2018-12-17 09:50:43,V,132.17,3,BID
2018-12-17 09:50:40,V,132.23,5,ASK
2018-12-17 09:50:43,V,132.17,3,BID
2018-12-17 09:50:40,V,132.23,5,ASK
2018-12-17 09:50:46,V,132.21,2,BID
2018-12-17 09:50:46,V,132.24,2,ASK
2018-12-17 09:50:47,V,132.21,3,BID
2018-12-17 09:50:47,V,132.23,1,ASK
2018-12-17 09:50:47,V,132.22,3,BID
2018-12-17 09:50:47,V,132.25,3,ASK
2018-12-17 09:50:47,V,132.22,3,BID
2018-12-17 09:50:47,V,132.25,3,ASK
2018-12-17 09:50:50,V,132.25,1,BID
2018-12-17 09:50:50,V,132.27,3,ASK
2018-12-17 09:50:51,V,132.25,8,BID
2018-12-17 09:50:51,V,132.28,1,ASK
2018-12-17 09:50:52,V,132.26,2,BID
2018-12-17 09:50:52,V,132.29,2,ASK
2018-12-17 09:50:53,V,132.3,1,BID
2018-12-17 09:50:53,V,132.33,1,ASK
2018-12-17 09:50:54,V,132.27,2,BID
2018-12-17 09:50:54,V,132.31,2,ASK
2018-12-17 09:50:54,V,132.27,2,BID
2018-12-17 09:50:54,V,132.31,2,ASK
2018-12-17 09:50:54,V,132.27,2,BID
2018-12-17 09:50:54,V,132.31,2,ASK
2018-12-17 09:50:54,V,132.27,2,BID
2018-12-17 09:50:54,V,132.31,2,ASK
2018-12-17 09:50:57,V,132.27,9,BID
2018-12-17 09:50:58,V,132.31,4,ASK
2018-12-17 09:50:57,V,132.27,9,BID
2018-12-17 09:50:58,V,132.33,5,ASK
2018-12-17 09:51:00,V,132.27,12,BID
2018-12-17 09:51:00,V,132.32,1,ASK
2018-12-17 09:51:01,V,132.23,13,BID
2018-12-17 09:51:01,V,132.26,2,ASK
2018-12-17 09:51:01,V,132.23,13,BID
2018-12-17 09:51:01,V,132.26,2,ASK
2018-12-17 09:51:03,V,132.17,10,BID
2018-12-17 09:51:03,V,132.23,2,ASK
2018-12-17 09:51:04,V,132.17,10,BID
2018-12-17 09:51:04,V,132.2,1,ASK
2018-12-17 09:51:04,V,132.17,10,BID
2018-12-17 09:51:04,V,132.2,2,ASK
2018-12-17 09:51:06,V,132.16,9,BID
2018-12-17 09:51:06,V,132.18,1,ASK
2018-12-17 09:51:07,V,132.16,10,BID
2018-12-17 09:51:07,V,132.19,1,ASK
2018-12-17 09:51:07,V,132.15,11,BID
2018-12-17 09:51:07,V,132.18,2,ASK
2018-12-17 09:51:07,V,132.15,11,BID
2018-12-17 09:51:07,V,132.18,2,ASK
2018-12-17 09:51:07,V,132.15,11,BID
2018-12-17 09:51:10,V,132.18,3,ASK
2018-12-17 09:51:11,V,132.16,5,BID
2018-12-17 09:51:10,V,132.21,2,ASK
2018-12-17 09:51:11,V,132.18,1,BID
2018-12-17 09:51:11,V,132.23,4,ASK
2018-12-17 09:51:10,V,132.16,5,BID
2018-12-17 09:51:13,V,132.2,1,ASK
2018-12-17 09:50:36,V,132.15,11,BID
2018-12-17 09:51:14,V,132.2,2,ASK
2018-12-17 09:51:14,V,132.2,1,BID
2018-12-17 09:51:14,V,132.23,4,ASK
2018-12-17 09:51:14,V,132.18,1,BID
2018-12-17 09:51:14,V,132.23,3,ASK
2018-12-17 09:51:14,V,132.18,1,BID
2018-12-17 09:51:14,V,132.23,3,ASK
2018-12-17 09:51:16,V,132.18,1,BID
2018-12-17 09:51:16,V,132.23,4,ASK
2018-12-17 09:51:18,V,132.21,2,BID
2018-12-17 09:51:18,V,132.26,3,ASK
2018-12-17 09:51:18,V,132.21,3,BID
2018-12-17 09:51:18,V,132.26,3,ASK
2018-12-17 09:51:19,V,132.21,3,BID
2018-12-17 09:51:19,V,132.26,3,ASK
2018-12-17 09:51:21,V,132.21,3,BID
2018-12-17 09:51:20,V,132.26,5,ASK
2018-12-17 09:51:23,V,132.18,3,BID
2018-12-17 09:51:23,V,132.25,3,ASK
2018-12-17 09:51:24,V,132.18,4,BID
2018-12-17 09:51:24,V,132.25,5,ASK
2018-12-17 09:51:25,V,132.2,1,BID
2018-12-17 09:51:24,V,132.25,6,ASK
2018-12-17 09:51:26,V,132.2,1,BID
2018-12-17 09:51:24,V,132.25,5,ASK
2018-12-17 09:51:27,V,132.2,2,BID
2018-12-17 09:51:24,V,132.25,5,ASK
2018-12-17 09:51:28,V,132.25,2,BID
2018-12-17 09:51:28,V,132.3,2,ASK
2018-12-17 09:51:29,V,132.25,2,BID
2018-12-17 09:51:29,V,132.3,3,ASK
2018-12-17 09:51:30,V,132.25,2,BID
2018-12-17 09:51:30,V,132.3,3,ASK
2018-12-17 09:51:31,V,132.27,1,BID
2018-12-17 09:51:31,V,132.3,5,ASK
2018-12-17 09:51:31,V,132.3,3,BID
2018-12-17 09:51:31,V,132.35,4,ASK
2018-12-17 09:51:31,V,132.3,3,BID
2018-12-17 09:51:32,V,132.35,4,ASK
2018-12-17 09:51:33,V,132.3,2,BID
2018-12-17 09:51:33,V,132.31,1,ASK
2018-12-17 09:51:33,V,132.25,8,BID
2018-12-17 09:51:33,V,132.3,1,ASK
2018-12-17 09:51:36,V,132.25,9,BID
2018-12-17 09:51:36,V,132.3,2,ASK
2018-12-17 09:51:37,V,132.25,12,BID
2018-12-17 09:51:37,V,132.3,2,ASK
2018-12-17 09:51:37,V,132.25,12,BID
2018-12-17 09:51:37,V,132.3,2,ASK
2018-12-17 09:51:39,V,132.25,12,BID
2018-12-17 09:51:39,V,132.3,3,ASK
2018-12-17 09:51:40,V,132.25,13,BID
2018-12-17 09:51:40,V,132.3,3,ASK
2018-12-17 09:51:41,V,132.25,14,BID
2018-12-17 09:51:41,V,132.3,1,ASK
2018-12-17 09:51:42,V,132.27,1,BID
2018-12-17 09:51:33,V,132.31,3,ASK
2018-12-17 09:51:43,V,132.26,6,BID
2018-12-17 09:51:43,V,132.3,1,ASK
2018-12-17 09:51:44,V,132.25,12,BID
2018-12-17 09:51:44,V,132.3,2,ASK
2018-12-17 09:51:45,V,132.26,1,BID
2018-12-17 09:51:45,V,132.3,1,ASK
2018-12-17 09:51:45,V,132.26,1,BID
2018-12-17 09:51:45,V,132.3,1,ASK
2018-12-17 09:51:47,V,132.26,1,BID
2018-12-17 09:51:47,V,132.29,1,ASK
2018-12-17 09:51:48,V,132.27,1,BID
2018-12-17 09:51:33,V,132.31,6,ASK
2018-12-17 09:51:48,V,132.27,1,BID
2018-12-17 09:51:33,V,132.31,6,ASK
2018-12-17 09:51:50,V,132.27,7,BID
2018-12-17 09:51:33,V,132.31,6,ASK
2018-12-17 09:51:51,V,132.28,2,BID
2018-12-17 09:51:33,V,132.31,6,ASK
2018-12-17 09:51:52,V,132.27,8,BID
2018-12-17 09:51:52,V,132.29,1,ASK
2018-12-17 09:51:53,V,132.28,2,BID
2018-12-17 09:51:53,V,132.32,2,ASK
2018-12-17 09:51:54,V,132.28,12,BID
2018-12-17 09:51:54,V,132.32,2,ASK
2018-12-17 09:51:54,V,132.28,11,BID
2018-12-17 09:51:55,V,132.32,2,ASK
2018-12-17 09:51:56,V,132.31,1,BID
2018-12-17 09:51:56,V,132.32,3,ASK
2018-12-17 09:51:57,V,132.33,1,BID
2018-12-17 09:51:57,V,132.35,17,ASK
2018-12-17 09:51:58,V,132.28,21,BID
2018-12-17 09:51:59,V,132.31,1,ASK
2018-12-17 09:51:58,V,132.28,19,BID
2018-12-17 09:52:00,V,132.32,1,ASK
2018-12-17 09:51:58,V,132.28,19,BID
2018-12-17 09:52:00,V,132.32,1,ASK
2018-12-17 09:52:01,V,132.28,13,BID
2018-12-17 09:52:00,V,132.32,1,ASK
2018-12-17 09:52:01,V,132.28,15,BID
2018-12-17 09:52:01,V,132.35,14,ASK
2018-12-17 09:52:01,V,132.28,15,BID
2018-12-17 09:52:02,V,132.35,14,ASK
2018-12-17 09:52:04,V,132.28,15,BID
2018-12-17 09:52:04,V,132.34,1,ASK
2018-12-17 09:52:05,V,132.28,11,BID
2018-12-17 09:52:05,V,132.34,5,ASK
2018-12-17 09:52:05,V,132.28,12,BID
2018-12-17 09:52:05,V,132.34,5,ASK
2018-12-17 09:52:05,V,132.28,12,BID
2018-12-17 09:52:05,V,132.34,5,ASK
2018-12-17 09:52:05,V,132.28,12,BID
2018-12-17 09:52:05,V,132.34,5,ASK
2018-12-17 09:52:05,V,132.28,12,BID
2018-12-17 09:52:05,V,132.34,5,ASK
2018-12-17 09:52:10,V,132.28,13,BID
2018-12-17 09:52:05,V,132.34,4,ASK
2018-12-17 09:52:11,V,132.28,15,BID
2018-12-17 09:52:05,V,132.34,4,ASK
2018-12-17 09:52:12,V,132.28,1,BID
2018-12-17 09:52:12,V,132.3,2,ASK
2018-12-17 09:52:13,V,132.28,1,BID
2018-12-17 09:52:13,V,132.3,2,ASK
2018-12-17 09:52:14,V,132.23,13,BID
2018-12-17 09:52:14,V,132.27,1,ASK
2018-12-17 09:52:16,V,132.2,11,BID
2018-12-17 09:52:15,V,132.23,4,ASK
2018-12-17 09:52:16,V,132.22,1,BID
2018-12-17 09:52:15,V,132.23,4,ASK
2018-12-17 09:52:17,V,132.21,2,BID
2018-12-17 09:52:17,V,132.23,2,ASK
2018-12-17 09:52:18,V,132.21,3,BID
2018-12-17 09:52:18,V,132.23,2,ASK
2018-12-17 09:52:19,V,132.13,8,BID
2018-12-17 09:52:19,V,132.16,1,ASK
2018-12-17 09:52:20,V,132.13,8,BID
2018-12-17 09:52:20,V,132.17,1,ASK
2018-12-17 09:52:21,V,132.17,1,BID
2018-12-17 09:52:19,V,132.19,3,ASK
2018-12-17 09:52:22,V,132.17,6,BID
2018-12-17 09:52:22,V,132.21,3,ASK
2018-12-17 09:52:22,V,132.17,6,BID
2018-12-17 09:52:22,V,132.21,3,ASK
2018-12-17 09:52:22,V,132.17,6,BID
2018-12-17 09:52:22,V,132.21,3,ASK
2018-12-17 09:52:22,V,132.17,6,BID
2018-12-17 09:52:22,V,132.21,3,ASK
2018-12-17 09:52:22,V,132.17,3,BID
2018-12-17 09:52:27,V,132.21,5,ASK
2018-12-17 09:52:27,V,132.18,3,BID
2018-12-17 09:52:27,V,132.21,6,ASK
2018-12-17 09:52:28,V,132.18,10,BID
2018-12-17 09:52:28,V,132.22,1,ASK
2018-12-17 09:52:28,V,132.18,10,BID
2018-12-17 09:52:30,V,132.21,3,ASK
2018-12-17 09:52:30,V,132.18,10,BID
2018-12-17 09:52:30,V,132.22,6,ASK
2018-12-17 09:52:30,V,132.18,11,BID
2018-12-17 09:52:30,V,132.22,6,ASK
2018-12-17 09:52:30,V,132.18,11,BID
2018-12-17 09:52:30,V,132.22,6,ASK
2018-12-17 09:52:30,V,132.18,11,BID
2018-12-17 09:52:33,V,132.22,6,ASK
2018-12-17 09:52:27,V,132.17,10,BID
2018-12-17 09:52:34,V,132.2,1,ASK
2018-12-17 09:52:35,V,132.17,1,BID
2018-12-17 09:52:35,V,132.18,1,ASK
2018-12-17 09:52:36,V,132.17,1,BID
2018-12-17 09:52:36,V,132.2,3,ASK
2018-12-17 09:52:37,V,132.14,4,BID
2018-12-17 09:52:37,V,132.19,2,ASK
2018-12-17 09:52:37,V,132.14,4,BID
2018-12-17 09:52:37,V,132.19,2,ASK
2018-12-17 09:52:37,V,132.14,4,BID
2018-12-17 09:52:37,V,132.19,2,ASK
2018-12-17 09:52:37,V,132.14,4,BID
2018-12-17 09:52:37,V,132.19,2,ASK
2018-12-17 09:52:37,V,132.14,4,BID
2018-12-17 09:52:41,V,132.19,3,ASK
2018-12-17 09:52:42,V,132.17,8,BID
2018-12-17 09:52:42,V,132.2,5,ASK
2018-12-17 09:52:44,V,132.17,1,BID
2018-12-17 09:52:33,V,132.22,7,ASK
2018-12-17 09:52:44,V,132.19,5,BID
2018-12-17 09:52:33,V,132.22,7,ASK
2018-12-17 09:52:45,V,132.17,1,BID
2018-12-17 09:52:45,V,132.22,18,ASK
2018-12-17 09:52:46,V,132.17,1,BID
2018-12-17 09:52:46,V,132.22,19,ASK
2018-12-17 09:52:46,V,132.17,1,BID
2018-12-17 09:52:46,V,132.22,19,ASK
2018-12-17 09:52:46,V,132.17,1,BID
2018-12-17 09:52:46,V,132.22,19,ASK
2018-12-17 09:52:46,V,132.17,1,BID
2018-12-17 09:52:46,V,132.22,19,ASK
2018-12-17 09:52:50,V,132.17,1,BID
2018-12-17 09:52:46,V,132.22,19,ASK
2018-12-17 09:52:50,V,132.17,1,BID
2018-12-17 09:52:46,V,132.22,19,ASK
2018-12-17 09:52:37,V,132.14,4,BID
2018-12-17 09:52:53,V,132.19,2,ASK
2018-12-17 09:52:37,V,132.14,4,BID
2018-12-17 09:52:53,V,132.19,2,ASK
2018-12-17 09:52:37,V,132.14,4,BID
2018-12-17 09:52:53,V,132.19,2,ASK
2018-12-17 09:52:37,V,132.14,4,BID
2018-12-17 09:52:55,V,132.19,4,ASK
2018-12-17 09:52:56,V,132.15,8,BID
2018-12-17 09:52:56,V,132.19,4,ASK
2018-12-17 09:52:57,V,132.18,1,BID
2018-12-17 09:52:57,V,132.2,3,ASK
2018-12-17 09:52:58,V,132.2,4,BID
2018-12-17 09:52:58,V,132.22,2,ASK
2018-12-17 09:53:00,V,132.18,3,BID
2018-12-17 09:53:00,V,132.22,2,ASK
2018-12-17 09:53:00,V,132.18,3,BID
2018-12-17 09:53:00,V,132.22,2,ASK
2018-12-17 09:53:01,V,132.18,3,BID
2018-12-17 09:53:01,V,132.22,3,ASK
2018-12-17 09:53:01,V,132.18,3,BID
2018-12-17 09:53:01,V,132.22,3,ASK
2018-12-17 09:53:03,V,132.18,3,BID
2018-12-17 09:53:03,V,132.22,2,ASK
2018-12-17 09:53:03,V,132.18,3,BID
2018-12-17 09:53:03,V,132.22,2,ASK
2018-12-17 09:53:03,V,132.18,3,BID
2018-12-17 09:53:03,V,132.22,2,ASK
2018-12-17 09:53:06,V,132.18,3,BID
2018-12-17 09:53:06,V,132.22,3,ASK
2018-12-17 09:53:08,V,132.13,15,BID
2018-12-17 09:53:08,V,132.16,2,ASK
2018-12-17 09:53:08,V,132.13,16,BID
2018-12-17 09:53:09,V,132.16,3,ASK
2018-12-17 09:53:08,V,132.13,16,BID
2018-12-17 09:53:09,V,132.16,3,ASK
2018-12-17 09:53:11,V,132.17,14,BID
2018-12-17 09:53:11,V,132.2,3,ASK
2018-12-17 09:53:12,V,132.13,11,BID
2018-12-17 09:53:12,V,132.18,1,ASK
2018-12-17 09:53:13,V,132.18,1,BID
2018-12-17 09:53:12,V,132.2,5,ASK
2018-12-17 09:53:14,V,132.14,1,BID
2018-12-17 09:53:13,V,132.22,10,ASK
2018-12-17 09:53:13,V,132.13,14,BID
2018-12-17 09:53:13,V,132.22,10,ASK
2018-12-17 09:53:16,V,132.14,1,BID
2018-12-17 09:53:13,V,132.22,9,ASK
2018-12-17 09:53:17,V,132.15,1,BID
2018-12-17 09:53:17,V,132.22,9,ASK
2018-12-17 09:53:17,V,132.16,4,BID
2018-12-17 09:53:17,V,132.23,2,ASK
2018-12-17 09:53:18,V,132.26,1,BID
2018-12-17 09:53:18,V,132.31,1,ASK
2018-12-17 09:53:18,V,132.26,1,BID
2018-12-17 09:53:18,V,132.32,7,ASK
2018-12-17 09:53:18,V,132.26,1,BID
2018-12-17 09:53:18,V,132.32,7,ASK
2018-12-17 09:53:19,V,132.27,2,BID
2018-12-17 09:53:19,V,132.32,5,ASK
2018-12-17 09:53:19,V,132.27,2,BID
2018-12-17 09:53:20,V,132.33,6,ASK
2018-12-17 09:53:24,V,132.23,1,BID
2018-12-17 09:53:24,V,132.3,9,ASK
2018-12-17 09:53:24,V,132.23,1,BID
2018-12-17 09:53:24,V,132.3,9,ASK
2018-12-17 09:53:25,V,132.23,1,BID
2018-12-17 09:53:25,V,132.27,1,ASK
2018-12-17 09:53:27,V,132.22,1,BID
2018-12-17 09:53:26,V,132.27,2,ASK
2018-12-17 09:53:28,V,132.21,2,BID
2018-12-17 09:53:27,V,132.27,3,ASK
2018-12-17 09:53:29,V,132.21,2,BID
2018-12-17 09:53:28,V,132.27,2,ASK
2018-12-17 09:53:29,V,132.21,2,BID
2018-12-17 09:53:28,V,132.27,2,ASK
2018-12-17 09:53:31,V,132.17,6,BID
2018-12-17 09:53:31,V,132.21,1,ASK
2018-12-17 09:53:31,V,132.16,7,BID
2018-12-17 09:53:31,V,132.19,1,ASK
2018-12-17 09:53:31,V,132.16,7,BID
2018-12-17 09:53:31,V,132.19,1,ASK
2018-12-17 09:53:33,V,132.14,5,BID
2018-12-17 09:53:33,V,132.19,8,ASK
2018-12-17 09:53:34,V,132.13,15,BID
2018-12-17 09:53:34,V,132.17,1,ASK
2018-12-17 09:53:35,V,132.11,1,BID
2018-12-17 09:53:35,V,132.15,4,ASK
2018-12-17 09:53:35,V,132.1,5,BID
2018-12-17 09:53:35,V,132.15,4,ASK
2018-12-17 09:53:35,V,132.1,6,BID
2018-12-17 09:53:35,V,132.15,4,ASK
2018-12-17 09:53:35,V,132.1,6,BID
2018-12-17 09:53:35,V,132.15,4,ASK
2018-12-17 09:53:38,V,132.12,1,BID
2018-12-17 09:53:35,V,132.15,4,ASK
2018-12-17 09:53:40,V,132.12,2,BID
2018-12-17 09:53:35,V,132.15,4,ASK
2018-12-17 09:53:41,V,132.1,7,BID
2018-12-17 09:53:42,V,132.13,1,ASK
2018-12-17 09:53:41,V,132.1,7,BID
2018-12-17 09:53:42,V,132.13,1,ASK
2018-12-17 09:53:41,V,132.1,7,BID
2018-12-17 09:53:42,V,132.13,1,ASK
2018-12-17 09:53:45,V,132.11,4,BID
2018-12-17 09:53:44,V,132.17,2,ASK
2018-12-17 09:53:46,V,132.11,8,BID
2018-12-17 09:53:44,V,132.17,2,ASK
2018-12-17 09:53:47,V,132.11,8,BID
2018-12-17 09:53:47,V,132.15,2,ASK
2018-12-17 09:53:34,V,132.08,7,BID
2018-12-17 09:53:47,V,132.11,1,ASK
2018-12-17 09:53:48,V,132.05,11,BID
2018-12-17 09:53:48,V,132.09,2,ASK
2018-12-17 09:53:50,V,132.05,2,BID
2018-12-17 09:53:49,V,132.09,3,ASK
2018-12-17 09:53:50,V,132.05,2,BID
2018-12-17 09:53:49,V,132.09,3,ASK
2018-12-17 09:53:52,V,132.05,2,BID
2018-12-17 09:53:52,V,132.09,4,ASK
2018-12-17 09:53:52,V,132.08,6,BID
2018-12-17 09:53:47,V,132.12,3,ASK
2018-12-17 09:53:53,V,132.1,2,BID
2018-12-17 09:53:53,V,132.13,1,ASK
2018-12-17 09:53:54,V,132.12,1,BID
2018-12-17 09:53:54,V,132.15,2,ASK
2018-12-17 09:53:56,V,132.07,1,BID
2018-12-17 09:53:56,V,132.1,1,ASK
2018-12-17 09:53:56,V,132.07,2,BID
2018-12-17 09:53:56,V,132.12,1,ASK
2018-12-17 09:53:56,V,132.07,2,BID
2018-12-17 09:53:56,V,132.12,1,ASK
2018-12-17 09:53:58,V,132.07,2,BID
2018-12-17 09:53:58,V,132.12,2,ASK
2018-12-17 09:53:49,V,132.03,15,BID
2018-12-17 09:54:00,V,132.06,1,ASK
2018-12-17 09:54:00,V,132.03,14,BID
2018-12-17 09:54:01,V,132.06,1,ASK
2018-12-17 09:54:02,V,132.06,1,BID
2018-12-17 09:54:02,V,132.07,1,ASK
2018-12-17 09:54:03,V,132.03,16,BID
2018-12-17 09:54:03,V,132.07,1,ASK
2018-12-17 09:54:04,V,132.05,1,BID
2018-12-17 09:54:04,V,132.09,7,ASK
2018-12-17 09:54:05,V,132.07,1,BID
2018-12-17 09:54:05,V,132.1,4,ASK
2018-12-17 09:54:06,V,132.07,6,BID
2018-12-17 09:54:06,V,132.11,1,ASK
2018-12-17 09:54:06,V,132.07,7,BID
2018-12-17 09:54:06,V,132.12,4,ASK
2018-12-17 09:54:07,V,132.1,7,BID
2018-12-17 09:54:07,V,132.16,1,ASK
2018-12-17 09:54:08,V,132.1,11,BID
2018-12-17 09:54:08,V,132.16,1,ASK
2018-12-17 09:54:09,V,132.17,3,BID
2018-12-17 09:54:09,V,132.23,9,ASK
2018-12-17 09:54:09,V,132.17,4,BID
2018-12-17 09:54:09,V,132.23,5,ASK
2018-12-17 09:54:10,V,132.19,2,BID
2018-12-17 09:54:10,V,132.23,6,ASK
2018-12-17 09:54:11,V,132.15,1,BID
2018-12-17 09:54:11,V,132.2,4,ASK
2018-12-17 09:54:11,V,132.15,1,BID
2018-12-17 09:54:11,V,132.2,4,ASK
2018-12-17 09:54:13,V,132.18,1,BID
2018-12-17 09:54:13,V,132.22,1,ASK
2018-12-17 09:54:14,V,132.18,1,BID
2018-12-17 09:54:14,V,132.23,5,ASK
2018-12-17 09:54:16,V,132.2,1,BID
2018-12-17 09:54:16,V,132.23,6,ASK
2018-12-17 09:54:16,V,132.2,1,BID
2018-12-17 09:54:16,V,132.23,5,ASK
2018-12-17 09:54:18,V,132.26,2,BID
2018-12-17 09:54:18,V,132.31,3,ASK
2018-12-17 09:54:18,V,132.26,2,BID
2018-12-17 09:54:18,V,132.31,3,ASK
2018-12-17 09:54:21,V,132.26,4,BID
2018-12-17 09:54:21,V,132.31,3,ASK
2018-12-17 09:54:22,V,132.23,3,BID
2018-12-17 09:54:22,V,132.25,2,ASK
2018-12-17 09:54:22,V,132.23,2,BID
2018-12-17 09:54:22,V,132.25,2,ASK
2018-12-17 09:54:24,V,132.2,2,BID
2018-12-17 09:54:24,V,132.25,2,ASK
2018-12-17 09:54:25,V,132.2,2,BID
2018-12-17 09:54:25,V,132.25,2,ASK
2018-12-17 09:54:26,V,132.2,3,BID
2018-12-17 09:54:26,V,132.25,2,ASK
2018-12-17 09:54:27,V,132.2,3,BID
2018-12-17 09:54:27,V,132.25,2,ASK
2018-12-17 09:54:28,V,132.21,1,BID
2018-12-17 09:54:28,V,132.24,2,ASK
2018-12-17 09:54:29,V,132.24,1,BID
2018-12-17 09:54:28,V,132.25,2,ASK
2018-12-17 09:54:30,V,132.24,4,BID
2018-12-17 09:54:30,V,132.28,1,ASK
2018-12-17 09:54:30,V,132.24,3,BID
2018-12-17 09:54:30,V,132.28,1,ASK
2018-12-17 09:54:32,V,132.22,1,BID
2018-12-17 09:54:32,V,132.26,1,ASK
2018-12-17 09:54:33,V,132.21,4,BID
2018-12-17 09:54:33,V,132.24,1,ASK
2018-12-17 09:54:33,V,132.21,4,BID
2018-12-17 09:54:33,V,132.24,1,ASK
2018-12-17 09:54:35,V,132.22,3,BID
2018-12-17 09:54:35,V,132.25,2,ASK
2018-12-17 09:54:36,V,132.23,2,BID
2018-12-17 09:54:36,V,132.26,2,ASK
2018-12-17 09:54:36,V,132.23,14,BID
2018-12-17 09:54:36,V,132.29,2,ASK
2018-12-17 09:54:36,V,132.23,14,BID
2018-12-17 09:54:36,V,132.29,2,ASK
2018-12-17 09:54:39,V,132.23,15,BID
2018-12-17 09:54:39,V,132.29,5,ASK
2018-12-17 09:54:40,V,132.19,3,BID
2018-12-17 09:54:40,V,132.24,2,ASK
2018-12-17 09:54:41,V,132.19,3,BID
2018-12-17 09:54:41,V,132.24,3,ASK
2018-12-17 09:54:41,V,132.19,4,BID
2018-12-17 09:54:41,V,132.24,3,ASK
2018-12-17 09:54:41,V,132.19,4,BID
2018-12-17 09:54:42,V,132.24,3,ASK
2018-12-17 09:54:44,V,132.2,2,BID
2018-12-17 09:54:44,V,132.24,3,ASK
2018-12-17 09:54:44,V,132.21,1,BID
2018-12-17 09:54:44,V,132.24,3,ASK
2018-12-17 09:54:44,V,132.21,1,BID
2018-12-17 09:54:44,V,132.24,3,ASK
2018-12-17 09:54:47,V,132.2,1,BID
2018-12-17 09:54:47,V,132.23,2,ASK
2018-12-17 09:54:47,V,132.2,1,BID
2018-12-17 09:54:47,V,132.23,2,ASK
2018-12-17 09:54:49,V,132.15,10,BID
2018-12-17 09:54:49,V,132.21,6,ASK
2018-12-17 09:54:49,V,132.15,10,BID
2018-12-17 09:54:49,V,132.21,6,ASK
2018-12-17 09:54:49,V,132.15,10,BID
2018-12-17 09:54:49,V,132.21,6,ASK
2018-12-17 09:54:49,V,132.15,10,BID
2018-12-17 09:54:49,V,132.21,6,ASK
2018-12-17 09:54:49,V,132.15,10,BID
2018-12-17 09:54:49,V,132.21,6,ASK
2018-12-17 09:54:49,V,132.15,10,BID
2018-12-17 09:54:49,V,132.21,6,ASK
2018-12-17 09:54:55,V,132.19,2,BID
2018-12-17 09:54:55,V,132.22,1,ASK
2018-12-17 09:54:56,V,132.2,2,BID
2018-12-17 09:54:55,V,132.23,4,ASK
2018-12-17 09:54:56,V,132.2,2,BID
2018-12-17 09:54:55,V,132.23,4,ASK
2018-12-17 09:54:58,V,132.24,3,BID
2018-12-17 09:54:58,V,132.28,4,ASK
2018-12-17 09:54:59,V,132.24,9,BID
2018-12-17 09:54:58,V,132.27,3,ASK
2018-12-17 09:55:00,V,132.24,10,BID
2018-12-17 09:55:00,V,132.28,5,ASK
2018-12-17 09:55:01,V,132.25,6,BID
2018-12-17 09:55:01,V,132.29,1,ASK
2018-12-17 09:55:01,V,132.25,6,BID
2018-12-17 09:55:01,V,132.29,1,ASK
2018-12-17 09:55:01,V,132.27,1,BID
2018-12-17 09:55:01,V,132.3,1,ASK
2018-12-17 09:55:02,V,132.29,2,BID
2018-12-17 09:55:02,V,132.35,16,ASK
2018-12-17 09:55:02,V,132.29,2,BID
2018-12-17 09:55:02,V,132.35,17,ASK
2018-12-17 09:55:02,V,132.29,2,BID
2018-12-17 09:55:02,V,132.35,17,ASK
2018-12-17 09:55:04,V,132.31,2,BID
2018-12-17 09:55:04,V,132.34,1,ASK
2018-12-17 09:55:04,V,132.32,1,BID
2018-12-17 09:55:02,V,132.35,16,ASK
2018-12-17 09:55:04,V,132.32,1,BID
2018-12-17 09:55:02,V,132.35,16,ASK
2018-12-17 09:55:07,V,132.33,2,BID
2018-12-17 09:55:07,V,132.37,3,ASK
2018-12-17 09:55:09,V,132.34,1,BID
2018-12-17 09:55:09,V,132.39,14,ASK
2018-12-17 09:55:11,V,132.35,12,BID
2018-12-17 09:55:11,V,132.39,16,ASK
2018-12-17 09:55:12,V,132.36,2,BID
2018-12-17 09:55:12,V,132.39,2,ASK
2018-12-17 09:55:14,V,132.38,3,BID
2018-12-17 09:55:14,V,132.41,1,ASK
2018-12-17 09:55:15,V,132.38,1,BID
2018-12-17 09:55:15,V,132.43,9,ASK
2018-12-17 09:55:16,V,132.36,13,BID
2018-12-17 09:55:16,V,132.39,2,ASK
2018-12-17 09:55:17,V,132.34,1,BID
2018-12-17 09:55:17,V,132.39,3,ASK
2018-12-17 09:55:18,V,132.34,1,BID
2018-12-17 09:55:17,V,132.39,3,ASK
2018-12-17 09:55:19,V,132.33,6,BID
2018-12-17 09:55:19,V,132.36,2,ASK
2018-12-17 09:55:20,V,132.33,2,BID
2018-12-17 09:55:19,V,132.36,2,ASK
2018-12-17 09:55:21,V,132.32,4,BID
2018-12-17 09:55:21,V,132.35,1,ASK
2018-12-17 09:55:22,V,132.32,5,BID
2018-12-17 09:55:22,V,132.35,1,ASK
2018-12-17 09:55:23,V,132.33,1,BID
2018-12-17 09:55:19,V,132.36,2,ASK
2018-12-17 09:55:24,V,132.33,2,BID
2018-12-17 09:55:19,V,132.36,2,ASK
2018-12-17 09:55:25,V,132.34,1,BID
2018-12-17 09:55:25,V,132.36,3,ASK
2018-12-17 09:55:26,V,132.34,3,BID
2018-12-17 09:55:26,V,132.37,1,ASK
2018-12-17 09:55:27,V,132.34,5,BID
2018-12-17 09:55:27,V,132.37,2,ASK
2018-12-17 09:55:28,V,132.36,1,BID
2018-12-17 09:55:28,V,132.4,1,ASK
2018-12-17 09:55:30,V,132.37,2,BID
2018-12-17 09:55:29,V,132.43,13,ASK
2018-12-17 09:55:30,V,132.37,3,BID
2018-12-17 09:55:30,V,132.41,2,ASK
2018-12-17 09:55:31,V,132.38,2,BID
2018-12-17 09:55:30,V,132.41,2,ASK
2018-12-17 09:55:32,V,132.39,3,BID
2018-12-17 09:55:32,V,132.43,1,ASK
2018-12-17 09:55:33,V,132.42,3,BID
2018-12-17 09:55:33,V,132.45,2,ASK
2018-12-17 09:55:33,V,132.42,5,BID
2018-12-17 09:55:34,V,132.45,2,ASK
2018-12-17 09:55:35,V,132.42,6,BID
2018-12-17 09:55:35,V,132.46,3,ASK
2018-12-17 09:55:35,V,132.42,5,BID
2018-12-17 09:55:36,V,132.46,4,ASK
2018-12-17 09:55:37,V,132.41,1,BID
2018-12-17 09:55:38,V,132.45,5,ASK
2018-12-17 09:55:38,V,132.42,1,BID
2018-12-17 09:55:38,V,132.45,5,ASK
2018-12-17 09:55:39,V,132.45,2,BID
2018-12-17 09:55:39,V,132.48,1,ASK
2018-12-17 09:55:40,V,132.46,1,BID
2018-12-17 09:55:40,V,132.49,14,ASK
2018-12-17 09:55:41,V,132.45,4,BID
2018-12-17 09:55:41,V,132.48,2,ASK
2018-12-17 09:55:42,V,132.42,2,BID
2018-12-17 09:55:42,V,132.45,2,ASK
2018-12-17 09:55:42,V,132.42,2,BID
2018-12-17 09:55:42,V,132.45,2,ASK
2018-12-17 09:55:44,V,132.43,12,BID
2018-12-17 09:55:44,V,132.48,2,ASK
2018-12-17 09:55:44,V,132.43,12,BID
2018-12-17 09:55:44,V,132.48,2,ASK
2018-12-17 09:55:44,V,132.43,13,BID
2018-12-17 09:55:46,V,132.48,3,ASK
2018-12-17 09:55:44,V,132.43,13,BID
2018-12-17 09:55:46,V,132.48,3,ASK
2018-12-17 09:55:48,V,132.45,3,BID
2018-12-17 09:55:49,V,132.49,1,ASK
2018-12-17 09:55:49,V,132.47,8,BID
2018-12-17 09:55:49,V,132.51,1,ASK
2018-12-17 09:55:48,V,132.45,2,BID
2018-12-17 09:55:50,V,132.5,1,ASK
2018-12-17 09:55:51,V,132.45,3,BID
2018-12-17 09:55:51,V,132.5,5,ASK
2018-12-17 09:55:51,V,132.45,3,BID
2018-12-17 09:55:52,V,132.5,6,ASK
2018-12-17 09:55:51,V,132.45,3,BID
2018-12-17 09:55:53,V,132.5,6,ASK
2018-12-17 09:55:51,V,132.45,3,BID
2018-12-17 09:55:53,V,132.5,6,ASK
2018-12-17 09:55:51,V,132.45,3,BID
2018-12-17 09:55:53,V,132.5,6,ASK
2018-12-17 09:55:51,V,132.45,3,BID
2018-12-17 09:55:57,V,132.5,6,ASK
2018-12-17 09:55:57,V,132.46,1,BID
2018-12-17 09:55:57,V,132.5,7,ASK
2018-12-17 09:55:57,V,132.46,1,BID
2018-12-17 09:55:57,V,132.5,7,ASK
2018-12-17 09:56:00,V,132.46,1,BID
2018-12-17 09:56:00,V,132.5,6,ASK
2018-12-17 09:56:00,V,132.46,1,BID
2018-12-17 09:56:00,V,132.5,6,ASK
2018-12-17 09:56:00,V,132.46,1,BID
2018-12-17 09:56:00,V,132.5,6,ASK
2018-12-17 09:56:03,V,132.46,1,BID
2018-12-17 09:56:03,V,132.48,1,ASK
2018-12-17 09:56:03,V,132.46,5,BID
2018-12-17 09:56:04,V,132.49,6,ASK
2018-12-17 09:56:03,V,132.46,5,BID
2018-12-17 09:56:04,V,132.49,6,ASK
2018-12-17 09:56:03,V,132.46,5,BID
2018-12-17 09:56:05,V,132.49,6,ASK
2018-12-17 09:56:03,V,132.46,5,BID
2018-12-17 09:56:06,V,132.49,6,ASK
2018-12-17 09:56:07,V,132.49,2,BID
2018-12-17 09:56:07,V,132.53,2,ASK
2018-12-17 09:56:08,V,132.49,3,BID
2018-12-17 09:56:08,V,132.53,3,ASK
2018-12-17 09:56:09,V,132.54,3,BID
2018-12-17 09:56:09,V,132.57,9,ASK
2018-12-17 09:56:09,V,132.51,7,BID
2018-12-17 09:56:10,V,132.56,2,ASK
2018-12-17 09:56:11,V,132.56,15,BID
2018-12-17 09:56:12,V,132.59,1,ASK
2018-12-17 09:56:11,V,132.56,15,BID
2018-12-17 09:56:12,V,132.6,8,ASK
2018-12-17 09:56:11,V,132.56,15,BID
2018-12-17 09:56:12,V,132.6,8,ASK
2018-12-17 09:56:15,V,132.56,14,BID
2018-12-17 09:56:15,V,132.59,1,ASK
2018-12-17 09:56:15,V,132.56,14,BID
2018-12-17 09:56:14,V,132.6,6,ASK
2018-12-17 09:56:15,V,132.56,14,BID
2018-12-17 09:56:14,V,132.6,6,ASK
2018-12-17 09:56:17,V,132.57,1,BID
2018-12-17 09:56:14,V,132.6,6,ASK
2018-12-17 09:56:18,V,132.57,8,BID
2018-12-17 09:56:18,V,132.61,1,ASK
2018-12-17 09:56:18,V,132.57,9,BID
2018-12-17 09:56:19,V,132.61,1,ASK
2018-12-17 09:56:20,V,132.57,10,BID
2018-12-17 09:56:20,V,132.61,2,ASK
2018-12-17 09:56:22,V,132.58,1,BID
2018-12-17 09:56:22,V,132.61,2,ASK
2018-12-17 09:56:22,V,132.58,1,BID
2018-12-17 09:56:22,V,132.61,2,ASK
2018-12-17 09:56:24,V,132.55,1,BID
2018-12-17 09:56:24,V,132.59,8,ASK
2018-12-17 09:56:24,V,132.55,1,BID
2018-12-17 09:56:24,V,132.59,7,ASK
2018-12-17 09:56:26,V,132.55,1,BID
2018-12-17 09:56:24,V,132.59,7,ASK
2018-12-17 09:56:26,V,132.56,1,BID
2018-12-17 09:56:24,V,132.59,7,ASK
2018-12-17 09:56:27,V,132.59,1,BID
2018-12-17 09:56:27,V,132.63,6,ASK
2018-12-17 09:56:27,V,132.59,1,BID
2018-12-17 09:56:27,V,132.63,6,ASK
2018-12-17 09:56:29,V,132.57,6,BID
2018-12-17 09:56:29,V,132.63,6,ASK
2018-12-17 09:56:31,V,132.57,7,BID
2018-12-17 09:56:31,V,132.63,6,ASK
2018-12-17 09:56:31,V,132.58,1,BID
2018-12-17 09:56:31,V,132.63,6,ASK
2018-12-17 09:56:31,V,132.58,1,BID
2018-12-17 09:56:31,V,132.63,6,ASK
2018-12-17 09:56:33,V,132.59,7,BID
2018-12-17 09:56:33,V,132.62,1,ASK
2018-12-17 09:56:35,V,132.63,7,BID
2018-12-17 09:56:35,V,132.69,1,ASK
2018-12-17 09:56:35,V,132.63,7,BID
2018-12-17 09:56:34,V,132.7,7,ASK
2018-12-17 09:56:35,V,132.63,8,BID
2018-12-17 09:56:36,V,132.68,1,ASK
2018-12-17 09:56:37,V,132.61,1,BID
2018-12-17 09:56:37,V,132.65,1,ASK
2018-12-17 09:56:38,V,132.61,1,BID
2018-12-17 09:56:37,V,132.66,8,ASK
2018-12-17 09:56:38,V,132.61,1,BID
2018-12-17 09:56:37,V,132.66,8,ASK
2018-12-17 09:56:38,V,132.61,1,BID
2018-12-17 09:56:37,V,132.66,8,ASK
2018-12-17 09:56:41,V,132.61,6,BID
2018-12-17 09:56:37,V,132.66,7,ASK
2018-12-17 09:56:41,V,132.61,6,BID
2018-12-17 09:56:43,V,132.66,12,ASK
2018-12-17 09:56:41,V,132.61,6,BID
2018-12-17 09:56:43,V,132.66,12,ASK
2018-12-17 09:56:41,V,132.61,6,BID
2018-12-17 09:56:43,V,132.66,12,ASK
2018-12-17 09:56:45,V,132.66,3,BID
2018-12-17 09:56:45,V,132.69,2,ASK
2018-12-17 09:56:47,V,132.61,10,BID
2018-12-17 09:56:47,V,132.65,1,ASK
2018-12-17 09:56:47,V,132.6,11,BID
2018-12-17 09:56:48,V,132.64,3,ASK
2018-12-17 09:56:48,V,132.6,11,BID
2018-12-17 09:56:48,V,132.64,3,ASK
2018-12-17 09:56:49,V,132.6,11,BID
2018-12-17 09:56:49,V,132.64,2,ASK
2018-12-17 09:56:51,V,132.62,2,BID
2018-12-17 09:56:51,V,132.67,2,ASK
2018-12-17 09:56:52,V,132.62,3,BID
2018-12-17 09:56:52,V,132.67,4,ASK
2018-12-17 09:56:52,V,132.62,3,BID
2018-12-17 09:56:52,V,132.67,4,ASK
2018-12-17 09:56:52,V,132.62,3,BID
2018-12-17 09:56:52,V,132.67,4,ASK
2018-12-17 09:56:52,V,132.62,3,BID
2018-12-17 09:56:52,V,132.67,4,ASK
2018-12-17 09:56:56,V,132.62,8,BID
2018-12-17 09:56:56,V,132.67,4,ASK
2018-12-17 09:56:57,V,132.63,1,BID
2018-12-17 09:56:57,V,132.67,3,ASK
2018-12-17 09:56:57,V,132.63,1,BID
2018-12-17 09:56:57,V,132.67,3,ASK
2018-12-17 09:56:59,V,132.64,1,BID
2018-12-17 09:56:59,V,132.67,4,ASK
2018-12-17 09:56:59,V,132.64,7,BID
2018-12-17 09:56:59,V,132.69,4,ASK
2018-12-17 09:57:00,V,132.64,8,BID
2018-12-17 09:57:00,V,132.68,2,ASK
2018-12-17 09:57:00,V,132.64,8,BID
2018-12-17 09:57:00,V,132.68,2,ASK
2018-12-17 09:57:00,V,132.64,8,BID
2018-12-17 09:57:00,V,132.68,2,ASK
2018-12-17 09:57:04,V,132.6,22,BID
2018-12-17 09:57:04,V,132.63,4,ASK
2018-12-17 09:57:04,V,132.57,1,BID
2018-12-17 09:57:04,V,132.62,4,ASK
2018-12-17 09:57:05,V,132.57,2,BID
2018-12-17 09:57:05,V,132.61,1,ASK
2018-12-17 09:57:05,V,132.57,2,BID
2018-12-17 09:57:05,V,132.61,1,ASK
2018-12-17 09:57:05,V,132.57,2,BID
2018-12-17 09:57:05,V,132.61,1,ASK
2018-12-17 09:57:08,V,132.57,2,BID
2018-12-17 09:57:08,V,132.61,2,ASK
2018-12-17 09:57:09,V,132.54,2,BID
2018-12-17 09:57:10,V,132.59,4,ASK
2018-12-17 09:57:10,V,132.54,2,BID
2018-12-17 09:57:10,V,132.59,4,ASK
2018-12-17 09:57:10,V,132.54,2,BID
2018-12-17 09:57:10,V,132.59,4,ASK
2018-12-17 09:57:10,V,132.54,2,BID
2018-12-17 09:57:10,V,132.59,4,ASK
2018-12-17 09:57:14,V,132.54,3,BID
2018-12-17 09:57:09,V,132.59,4,ASK
2018-12-17 09:57:14,V,132.54,3,BID
2018-12-17 09:57:09,V,132.59,4,ASK
2018-12-17 09:57:16,V,132.56,2,BID
2018-12-17 09:57:09,V,132.59,4,ASK
2018-12-17 09:57:16,V,132.56,2,BID
2018-12-17 09:57:09,V,132.59,4,ASK
2018-12-17 09:57:18,V,132.56,2,BID
2018-12-17 09:57:09,V,132.59,3,ASK
2018-12-17 09:57:18,V,132.56,2,BID
2018-12-17 09:57:09,V,132.59,3,ASK
2018-12-17 09:57:18,V,132.56,2,BID
2018-12-17 09:57:09,V,132.59,3,ASK
2018-12-17 09:57:21,V,132.56,3,BID
2018-12-17 09:57:09,V,132.59,3,ASK
2018-12-17 09:57:22,V,132.54,9,BID
2018-12-17 09:57:22,V,132.56,6,ASK
2018-12-17 09:57:22,V,132.54,11,BID
2018-12-17 09:57:22,V,132.56,6,ASK
2018-12-17 09:57:24,V,132.58,1,BID
2018-12-17 09:57:24,V,132.62,1,ASK
2018-12-17 09:57:24,V,132.58,3,BID
2018-12-17 09:57:25,V,132.62,1,ASK
2018-12-17 09:57:25,V,132.58,3,BID
2018-12-17 09:57:25,V,132.61,1,ASK
2018-12-17 09:57:27,V,132.59,6,BID
2018-12-17 09:57:27,V,132.65,4,ASK
2018-12-17 09:57:27,V,132.59,6,BID
2018-12-17 09:57:27,V,132.65,4,ASK
2018-12-17 09:57:27,V,132.59,7,BID
2018-12-17 09:57:29,V,132.65,4,ASK
2018-12-17 09:57:27,V,132.59,6,BID
2018-12-17 09:57:30,V,132.65,4,ASK
2018-12-17 09:57:27,V,132.59,6,BID
2018-12-17 09:57:30,V,132.65,4,ASK
2018-12-17 09:57:27,V,132.59,7,BID
2018-12-17 09:57:32,V,132.65,4,ASK
2018-12-17 09:57:27,V,132.59,7,BID
2018-12-17 09:57:33,V,132.65,4,ASK
2018-12-17 09:57:34,V,132.6,1,BID
2018-12-17 09:57:34,V,132.65,4,ASK
2018-12-17 09:57:35,V,132.61,1,BID
2018-12-17 09:57:35,V,132.65,4,ASK
2018-12-17 09:57:36,V,132.61,2,BID
2018-12-17 09:57:36,V,132.65,4,ASK
2018-12-17 09:57:36,V,132.61,2,BID
2018-12-17 09:57:36,V,132.65,4,ASK
2018-12-17 09:57:37,V,132.6,3,BID
2018-12-17 09:57:37,V,132.64,2,ASK
2018-12-17 09:57:38,V,132.63,3,BID
2018-12-17 09:57:38,V,132.69,14,ASK
2018-12-17 09:57:38,V,132.63,3,BID
2018-12-17 09:57:38,V,132.69,14,ASK
2018-12-17 09:57:41,V,132.64,1,BID
2018-12-17 09:57:38,V,132.69,15,ASK
2018-12-17 09:57:41,V,132.65,2,BID
2018-12-17 09:57:38,V,132.69,15,ASK
2018-12-17 09:57:43,V,132.67,3,BID
2018-12-17 09:57:43,V,132.72,10,ASK
2018-12-17 09:57:44,V,132.69,1,BID
2018-12-17 09:57:43,V,132.72,10,ASK
2018-12-17 09:57:44,V,132.69,3,BID
2018-12-17 09:57:43,V,132.72,10,ASK
2018-12-17 09:57:46,V,132.71,15,BID
2018-12-17 09:57:46,V,132.78,1,ASK
2018-12-17 09:57:47,V,132.73,2,BID
2018-12-17 09:57:46,V,132.78,5,ASK
2018-12-17 09:57:48,V,132.69,2,BID
2018-12-17 09:57:48,V,132.73,1,ASK
2018-12-17 09:57:48,V,132.69,3,BID
2018-12-17 09:57:48,V,132.73,2,ASK
2018-12-17 09:57:49,V,132.67,13,BID
2018-12-17 09:57:50,V,132.7,5,ASK
2018-12-17 09:57:51,V,132.7,3,BID
2018-12-17 09:57:51,V,132.76,5,ASK
2018-12-17 09:57:52,V,132.68,1,BID
2018-12-17 09:57:52,V,132.74,5,ASK
2018-12-17 09:57:53,V,132.68,3,BID
2018-12-17 09:57:53,V,132.74,5,ASK
2018-12-17 09:57:53,V,132.68,3,BID
2018-12-17 09:57:53,V,132.74,6,ASK
2018-12-17 09:57:53,V,132.68,3,BID
2018-12-17 09:57:53,V,132.74,6,ASK
2018-12-17 09:57:53,V,132.68,3,BID
2018-12-17 09:57:55,V,132.74,7,ASK
2018-12-17 09:57:56,V,132.68,3,BID
2018-12-17 09:57:56,V,132.74,7,ASK
2018-12-17 09:57:58,V,132.69,1,BID
2018-12-17 09:57:58,V,132.74,7,ASK
2018-12-17 09:57:59,V,132.69,2,BID
2018-12-17 09:57:59,V,132.74,8,ASK
2018-12-17 09:57:59,V,132.69,2,BID
2018-12-17 09:57:59,V,132.74,8,ASK
2018-12-17 09:57:59,V,132.69,2,BID
2018-12-17 09:57:59,V,132.74,8,ASK
2018-12-17 09:58:02,V,132.7,1,BID
2018-12-17 09:58:02,V,132.74,8,ASK
2018-12-17 09:57:59,V,132.69,3,BID
2018-12-17 09:58:02,V,132.74,8,ASK
2018-12-17 09:57:59,V,132.69,2,BID
2018-12-17 09:58:03,V,132.74,8,ASK
2018-12-17 09:57:59,V,132.69,2,BID
2018-12-17 09:58:03,V,132.74,8,ASK
2018-12-17 09:57:59,V,132.69,2,BID
2018-12-17 09:58:03,V,132.74,8,ASK
2018-12-17 09:57:59,V,132.69,3,BID
2018-12-17 09:58:07,V,132.74,8,ASK
2018-12-17 09:58:08,V,132.69,4,BID
2018-12-17 09:58:08,V,132.73,1,ASK
2018-12-17 09:58:09,V,132.72,1,BID
2018-12-17 09:58:09,V,132.78,5,ASK
2018-12-17 09:58:09,V,132.73,1,BID
2018-12-17 09:58:09,V,132.78,5,ASK
2018-12-17 09:58:10,V,132.67,13,BID
2018-12-17 09:58:11,V,132.73,5,ASK
2018-12-17 09:58:10,V,132.67,14,BID
2018-12-17 09:58:12,V,132.73,7,ASK
2018-12-17 09:58:13,V,132.71,1,BID
2018-12-17 09:58:13,V,132.76,5,ASK
2018-12-17 09:58:14,V,132.71,1,BID
2018-12-17 09:58:13,V,132.76,6,ASK
2018-12-17 09:58:14,V,132.71,1,BID
2018-12-17 09:58:14,V,132.76,6,ASK
2018-12-17 09:58:15,V,132.71,1,BID
2018-12-17 09:58:15,V,132.76,6,ASK
2018-12-17 09:58:17,V,132.71,2,BID
2018-12-17 09:58:17,V,132.76,9,ASK
2018-12-17 09:58:17,V,132.71,2,BID
2018-12-17 09:58:17,V,132.76,10,ASK
2018-12-17 09:58:19,V,132.72,1,BID
2018-12-17 09:58:19,V,132.76,10,ASK
2018-12-17 09:58:20,V,132.74,5,BID
2018-12-17 09:58:20,V,132.79,2,ASK
2018-12-17 09:58:21,V,132.74,6,BID
2018-12-17 09:58:21,V,132.79,1,ASK
2018-12-17 09:58:21,V,132.74,6,BID
2018-12-17 09:58:22,V,132.79,1,ASK
2018-12-17 09:58:23,V,132.77,5,BID
2018-12-17 09:41:01,V,132.82,6,ASK
2018-12-17 09:58:23,V,132.77,5,BID
2018-12-17 09:41:01,V,132.82,6,ASK
2018-12-17 09:58:25,V,132.79,1,BID
2018-12-17 09:58:25,V,132.84,1,ASK
2018-12-17 09:58:25,V,132.8,1,BID
2018-12-17 09:58:25,V,132.85,3,ASK
2018-12-17 09:58:27,V,132.8,2,BID
2018-12-17 09:58:27,V,132.85,4,ASK
2018-12-17 09:58:28,V,132.81,6,BID
2018-12-17 09:58:28,V,132.84,1,ASK
2018-12-17 09:58:29,V,132.82,2,BID
2018-12-17 09:58:29,V,132.85,4,ASK
2018-12-17 09:58:29,V,132.82,2,BID
2018-12-17 09:58:30,V,132.85,4,ASK
2018-12-17 09:58:31,V,132.82,6,BID
2018-12-17 09:58:31,V,132.84,1,ASK
2018-12-17 09:58:32,V,132.82,6,BID
2018-12-17 09:58:32,V,132.85,4,ASK
2018-12-17 09:58:33,V,132.82,13,BID
2018-12-17 09:58:33,V,132.85,4,ASK
2018-12-17 09:58:33,V,132.82,13,BID
2018-12-17 09:58:33,V,132.85,4,ASK
2018-12-17 09:58:35,V,132.85,1,BID
2018-12-17 09:58:35,V,132.89,3,ASK
2018-12-17 09:58:36,V,132.86,4,BID
2018-12-17 09:58:36,V,132.88,1,ASK
2018-12-17 09:58:37,V,132.82,19,BID
2018-12-17 09:58:37,V,132.88,1,ASK
2018-12-17 09:58:38,V,132.84,1,BID
2018-12-17 09:58:38,V,132.88,1,ASK
2018-12-17 09:58:39,V,132.84,1,BID
2018-12-17 09:58:39,V,132.88,3,ASK
2018-12-17 09:58:40,V,132.84,2,BID
2018-12-17 09:58:40,V,132.88,4,ASK
2018-12-17 09:58:40,V,132.84,2,BID
2018-12-17 09:58:40,V,132.88,4,ASK
2018-12-17 09:58:42,V,132.85,3,BID
2018-12-17 09:58:42,V,132.88,4,ASK
2018-12-17 09:58:43,V,132.84,9,BID
2018-12-17 09:58:43,V,132.88,4,ASK
2018-12-17 09:58:37,V,132.82,18,BID
2018-12-17 09:58:44,V,132.87,3,ASK
2018-12-17 09:58:45,V,132.83,1,BID
2018-12-17 09:58:44,V,132.87,3,ASK
2018-12-17 09:58:46,V,132.84,1,BID
2018-12-17 09:58:44,V,132.87,2,ASK
2018-12-17 09:58:47,V,132.84,1,BID
2018-12-17 09:58:47,V,132.88,1,ASK
2018-12-17 09:58:48,V,132.84,2,BID
2018-12-17 09:58:48,V,132.88,2,ASK
2018-12-17 09:58:49,V,132.84,1,BID
2018-12-17 09:58:49,V,132.88,2,ASK
2018-12-17 09:58:49,V,132.84,1,BID
2018-12-17 09:58:49,V,132.88,2,ASK
2018-12-17 09:58:49,V,132.84,1,BID
2018-12-17 09:58:49,V,132.88,2,ASK
2018-12-17 09:58:49,V,132.84,1,BID
2018-12-17 09:58:49,V,132.88,2,ASK
2018-12-17 09:58:49,V,132.84,1,BID
2018-12-17 09:58:49,V,132.88,2,ASK
2018-12-17 09:58:54,V,132.86,6,BID
2018-12-17 09:58:54,V,132.91,2,ASK
2018-12-17 09:58:55,V,132.86,6,BID
2018-12-17 09:58:55,V,132.91,3,ASK
2018-12-17 09:58:56,V,132.86,6,BID
2018-12-17 09:58:56,V,132.91,3,ASK
2018-12-17 09:58:56,V,132.86,6,BID
2018-12-17 09:58:56,V,132.91,3,ASK
2018-12-17 09:58:58,V,132.87,4,BID
2018-12-17 09:58:58,V,132.93,8,ASK
2018-12-17 09:58:59,V,132.87,3,BID
2018-12-17 09:58:58,V,132.93,10,ASK
2018-12-17 09:59:00,V,132.87,3,BID
2018-12-17 09:58:58,V,132.93,10,ASK
2018-12-17 09:59:01,V,132.87,3,BID
2018-12-17 09:59:01,V,132.93,16,ASK
2018-12-17 09:59:01,V,132.87,3,BID
2018-12-17 09:59:01,V,132.93,16,ASK
2018-12-17 09:59:01,V,132.87,3,BID
2018-12-17 09:59:01,V,132.93,16,ASK
2018-12-17 09:59:03,V,132.87,3,BID
2018-12-17 09:59:03,V,132.93,17,ASK
2018-12-17 09:59:03,V,132.87,3,BID
2018-12-17 09:59:03,V,132.93,17,ASK
2018-12-17 09:59:06,V,132.87,3,BID
2018-12-17 09:59:06,V,132.93,17,ASK
2018-12-17 09:59:06,V,132.87,3,BID
2018-12-17 09:59:06,V,132.93,17,ASK
2018-12-17 09:59:06,V,132.87,3,BID
2018-12-17 09:59:06,V,132.93,17,ASK
2018-12-17 09:59:09,V,132.89,3,BID
2018-12-17 09:59:09,V,132.92,1,ASK
2018-12-17 09:59:10,V,132.89,2,BID
2018-12-17 09:59:10,V,132.92,1,ASK
2018-12-17 09:59:11,V,132.89,2,BID
2018-12-17 09:59:11,V,132.92,2,ASK
2018-12-17 09:59:11,V,132.89,2,BID
2018-12-17 09:59:11,V,132.92,2,ASK
2018-12-17 09:59:12,V,132.9,2,BID
2018-12-17 09:59:12,V,132.92,1,ASK
2018-12-17 09:59:14,V,132.87,8,BID
2018-12-17 09:59:14,V,132.92,3,ASK
2018-12-17 09:59:14,V,132.87,8,BID
2018-12-17 09:59:14,V,132.92,3,ASK
2018-12-17 09:59:15,V,132.89,1,BID
2018-12-17 09:59:15,V,132.92,3,ASK
2018-12-17 09:59:15,V,132.88,10,BID
2018-12-17 09:59:17,V,132.91,1,ASK
2018-12-17 09:59:18,V,132.86,9,BID
2018-12-17 09:59:18,V,132.89,5,ASK
2018-12-17 09:59:19,V,132.85,8,BID
2018-12-17 09:59:19,V,132.88,2,ASK
2018-12-17 09:59:20,V,132.85,9,BID
2018-12-17 09:59:20,V,132.88,2,ASK
2018-12-17 09:59:21,V,132.85,10,BID
2018-12-17 09:59:21,V,132.88,2,ASK
2018-12-17 09:58:44,V,132.82,17,BID
2018-12-17 09:59:22,V,132.86,3,ASK
2018-12-17 09:58:44,V,132.82,17,BID
2018-12-17 09:59:22,V,132.86,3,ASK
2018-12-17 09:59:24,V,132.83,2,BID
2018-12-17 09:59:24,V,132.86,3,ASK
2018-12-17 09:59:25,V,132.83,3,BID
2018-12-17 09:59:25,V,132.86,2,ASK
2018-12-17 09:59:26,V,132.83,2,BID
2018-12-17 09:59:26,V,132.86,2,ASK
2018-12-17 09:59:27,V,132.83,2,BID
2018-12-17 09:59:27,V,132.86,2,ASK
2018-12-17 09:59:28,V,132.84,1,BID
2018-12-17 09:59:28,V,132.86,3,ASK
2018-12-17 09:59:29,V,132.83,2,BID
2018-12-17 09:59:28,V,132.86,3,ASK
2018-12-17 09:59:30,V,132.84,1,BID
2018-12-17 09:59:30,V,132.87,1,ASK
2018-12-17 09:59:31,V,132.85,1,BID
2018-12-17 09:59:31,V,132.88,11,ASK
2018-12-17 09:59:32,V,132.85,2,BID
2018-12-17 09:59:32,V,132.88,10,ASK
2018-12-17 09:59:33,V,132.9,4,BID
2018-12-17 09:59:33,V,132.94,8,ASK
2018-12-17 09:59:34,V,132.93,3,BID
2018-12-17 09:59:34,V,132.98,11,ASK
2018-12-17 09:59:35,V,132.95,1,BID
2018-12-17 09:59:34,V,132.98,11,ASK
2018-12-17 09:59:36,V,133.0,1,BID
2018-12-17 09:59:36,V,133.01,13,ASK
2018-12-17 09:59:36,V,132.99,3,BID
2018-12-17 09:59:36,V,133.04,18,ASK
2018-12-17 09:59:36,V,132.99,3,BID
2018-12-17 09:59:36,V,133.04,18,ASK
2018-12-17 09:59:37,V,133.0,1,BID
2018-12-17 09:59:37,V,133.04,18,ASK
2018-12-17 09:59:38,V,133.0,2,BID
2018-12-17 09:59:38,V,133.07,4,ASK
2018-12-17 09:59:41,V,133.04,3,BID
2018-12-17 09:59:41,V,133.07,3,ASK
2018-12-17 09:59:42,V,132.99,10,BID
2018-12-17 09:59:42,V,133.03,2,ASK
2018-12-17 09:59:43,V,132.95,8,BID
2018-12-17 09:59:43,V,132.98,2,ASK
2018-12-17 09:59:44,V,132.91,6,BID
2018-12-17 09:59:44,V,132.97,5,ASK
2018-12-17 09:59:45,V,132.91,6,BID
2018-12-17 09:59:44,V,132.97,5,ASK
2018-12-17 09:59:45,V,132.91,6,BID
2018-12-17 09:59:44,V,132.97,5,ASK
2018-12-17 09:59:45,V,132.91,6,BID
2018-12-17 09:59:48,V,132.96,1,ASK
2018-12-17 09:59:48,V,132.95,3,BID
2018-12-17 09:59:48,V,132.98,3,ASK
2018-12-17 09:59:49,V,132.95,3,BID
2018-12-17 09:59:49,V,132.98,3,ASK
2018-12-17 09:59:50,V,132.99,5,BID
2018-12-17 09:59:50,V,133.03,1,ASK
2018-12-17 09:59:50,V,132.99,4,BID
2018-12-17 09:59:50,V,133.03,2,ASK
2018-12-17 09:59:50,V,132.99,4,BID
2018-12-17 09:59:52,V,133.03,3,ASK
2018-12-17 09:59:52,V,132.93,1,BID
2018-12-17 09:59:52,V,132.97,3,ASK
2018-12-17 09:59:54,V,132.96,6,BID
2018-12-17 09:59:54,V,133.0,2,ASK
2018-12-17 09:59:55,V,132.98,3,BID
2018-12-17 09:59:55,V,133.0,2,ASK
2018-12-17 09:59:55,V,132.99,2,BID
2018-12-17 09:59:55,V,133.0,2,ASK
2018-12-17 09:59:57,V,132.99,2,BID
2018-12-17 09:59:57,V,133.0,2,ASK
2018-12-17 09:59:54,V,132.96,6,BID
2018-12-17 09:59:57,V,133.0,2,ASK
2018-12-17 09:59:45,V,132.91,7,BID
2018-12-17 09:59:59,V,132.99,3,ASK
2018-12-17 10:00:00,V,132.91,9,BID
2018-12-17 10:00:00,V,132.97,5,ASK
2018-12-17 10:00:00,V,132.86,5,BID
2018-12-17 10:00:00,V,132.91,4,ASK
2018-12-17 10:00:01,V,132.82,17,BID
2018-12-17 10:00:01,V,132.88,1,ASK
2018-12-17 10:00:01,V,132.82,20,BID
2018-12-17 10:00:01,V,132.87,3,ASK
2018-12-17 10:00:02,V,132.82,20,BID
2018-12-17 10:00:01,V,132.87,3,ASK
2018-12-17 10:00:02,V,132.82,20,BID
2018-12-17 10:00:03,V,132.87,4,ASK
2018-12-17 10:00:02,V,132.82,20,BID
2018-12-17 10:00:03,V,132.87,6,ASK
2018-12-17 10:00:05,V,132.83,5,BID
2018-12-17 10:00:05,V,132.87,6,ASK
2018-12-17 10:00:07,V,132.83,6,BID
2018-12-17 10:00:05,V,132.87,6,ASK
2018-12-17 09:58:28,V,132.81,4,BID
2018-12-17 10:00:07,V,132.82,3,ASK
2018-12-17 10:00:07,V,132.84,4,BID
2018-12-17 10:00:07,V,132.88,1,ASK
2018-12-17 10:00:08,V,132.84,5,BID
2018-12-17 10:00:08,V,132.88,1,ASK
2018-12-17 10:00:09,V,132.87,7,BID
2018-12-17 10:00:00,V,132.97,6,ASK
2018-12-17 10:00:10,V,132.87,9,BID
2018-12-17 10:00:10,V,132.96,1,ASK
2018-12-17 10:00:10,V,132.87,1,BID
2018-12-17 10:00:10,V,132.93,5,ASK
2018-12-17 10:00:12,V,132.87,2,BID
2018-12-17 10:00:12,V,132.93,5,ASK
2018-12-17 10:00:13,V,132.88,5,BID
2018-12-17 10:00:12,V,132.93,5,ASK
2018-12-17 10:00:15,V,132.85,1,BID
2018-12-17 10:00:15,V,132.89,8,ASK
2018-12-17 10:00:15,V,132.87,3,BID
2018-12-17 10:00:15,V,132.94,3,ASK
2018-12-17 10:00:17,V,132.9,3,BID
2018-12-17 10:00:17,V,132.94,5,ASK
2018-12-17 10:00:19,V,132.9,3,BID
2018-12-17 10:00:19,V,132.94,3,ASK
2018-12-17 10:00:07,V,132.83,5,BID
2018-12-17 10:00:22,V,132.92,3,ASK
2018-12-17 10:00:23,V,132.84,2,BID
2018-12-17 10:00:23,V,132.87,5,ASK
2018-12-17 10:00:23,V,132.84,2,BID
2018-12-17 10:00:23,V,132.87,5,ASK
2018-12-17 10:00:23,V,132.84,2,BID
2018-12-17 10:00:23,V,132.87,5,ASK
2018-12-17 10:00:25,V,132.84,2,BID
2018-12-17 10:00:25,V,132.87,5,ASK
2018-12-17 10:00:26,V,132.82,2,BID
2018-12-17 10:00:26,V,132.87,6,ASK
2018-12-17 10:00:27,V,132.79,7,BID
2018-12-17 10:00:27,V,132.85,3,ASK
2018-12-17 10:00:29,V,132.79,8,BID
2018-12-17 10:00:29,V,132.81,1,ASK
2018-12-17 10:00:30,V,132.79,8,BID
2018-12-17 10:00:30,V,132.81,2,ASK
2018-12-17 10:00:30,V,132.82,3,BID
2018-12-17 10:00:30,V,132.85,5,ASK
2018-12-17 10:00:32,V,132.83,9,BID
2018-12-17 10:00:32,V,132.86,5,ASK
2018-12-17 10:00:32,V,132.83,9,BID
2018-12-17 10:00:32,V,132.86,5,ASK
2018-12-17 10:00:32,V,132.83,9,BID
2018-12-17 10:00:32,V,132.86,5,ASK
2018-12-17 10:00:32,V,132.83,10,BID
2018-12-17 10:00:35,V,132.86,7,ASK
2018-12-17 10:00:32,V,132.83,10,BID
2018-12-17 10:00:35,V,132.86,7,ASK
2018-12-17 10:00:36,V,132.81,7,BID
2018-12-17 10:00:36,V,132.84,4,ASK
2018-12-17 10:00:38,V,132.79,9,BID
2018-12-17 10:00:38,V,132.84,7,ASK
2018-12-17 10:00:39,V,132.81,3,BID
2018-12-17 10:00:39,V,132.84,9,ASK
2018-12-17 10:00:39,V,132.81,3,BID
2018-12-17 10:00:39,V,132.84,9,ASK
2018-12-17 10:00:41,V,132.81,3,BID
2018-12-17 10:00:41,V,132.84,9,ASK
2018-12-17 10:00:42,V,132.73,4,BID
2018-12-17 10:00:42,V,132.77,2,ASK
2018-12-17 10:00:42,V,132.73,5,BID
2018-12-17 10:00:42,V,132.77,2,ASK
2018-12-17 10:00:43,V,132.77,4,BID
2018-12-17 10:00:43,V,132.81,4,ASK
2018-12-17 10:00:44,V,132.77,3,BID
2018-12-17 10:00:44,V,132.81,4,ASK
2018-12-17 10:00:44,V,132.77,3,BID
2018-12-17 10:00:44,V,132.81,4,ASK
2018-12-17 10:00:46,V,132.78,1,BID
2018-12-17 10:00:46,V,132.81,5,ASK
2018-12-17 10:00:47,V,132.77,5,BID
2018-12-17 10:00:47,V,132.81,5,ASK
2018-12-17 10:00:48,V,132.78,1,BID
2018-12-17 10:00:48,V,132.81,5,ASK
2018-12-17 10:00:48,V,132.78,1,BID
2018-12-17 10:00:48,V,132.81,5,ASK
2018-12-17 10:00:51,V,132.79,3,BID
2018-12-17 10:00:51,V,132.81,5,ASK
2018-12-17 10:00:51,V,132.8,2,BID
2018-12-17 10:00:41,V,132.84,6,ASK
2018-12-17 10:00:53,V,132.81,1,BID
2018-12-17 10:00:35,V,132.86,10,ASK
2018-12-17 10:00:53,V,132.8,6,BID
2018-12-17 10:00:54,V,132.81,1,ASK
2018-12-17 10:00:53,V,132.8,6,BID
2018-12-17 10:00:54,V,132.84,4,ASK
2018-12-17 10:00:55,V,132.81,3,BID
2018-12-17 10:00:55,V,132.84,4,ASK
2018-12-17 10:00:56,V,132.81,3,BID
2018-12-17 10:00:56,V,132.84,4,ASK
2018-12-17 10:00:56,V,132.81,3,BID
2018-12-17 10:00:56,V,132.84,4,ASK
2018-12-17 10:00:58,V,132.81,3,BID
2018-12-17 10:00:58,V,132.84,2,ASK
2018-12-17 10:01:00,V,132.81,3,BID
2018-12-17 10:01:00,V,132.84,3,ASK
2018-12-17 10:01:00,V,132.78,3,BID
2018-12-17 10:01:00,V,132.81,6,ASK
2018-12-17 10:01:00,V,132.78,6,BID
2018-12-17 10:01:01,V,132.81,6,ASK
2018-12-17 10:01:00,V,132.78,6,BID
2018-12-17 10:01:01,V,132.81,6,ASK
2018-12-17 10:01:03,V,132.74,4,BID
2018-12-17 10:01:03,V,132.79,1,ASK
2018-12-17 10:01:05,V,132.78,2,BID
2018-12-17 10:01:05,V,132.81,11,ASK
2018-12-17 10:01:06,V,132.79,2,BID
2018-12-17 10:01:06,V,132.81,10,ASK
2018-12-17 10:01:03,V,132.74,4,BID
2018-12-17 10:01:06,V,132.79,3,ASK
2018-12-17 10:01:03,V,132.74,4,BID
2018-12-17 10:01:07,V,132.79,3,ASK
2018-12-17 10:01:09,V,132.78,2,BID
2018-12-17 10:01:09,V,132.79,1,ASK
2018-12-17 10:01:10,V,132.78,2,BID
2018-12-17 10:01:06,V,132.81,15,ASK
2018-12-17 10:01:10,V,132.79,7,BID
2018-12-17 10:01:10,V,132.82,15,ASK
2018-12-17 10:01:10,V,132.79,7,BID
2018-12-17 10:01:12,V,132.83,3,ASK
2018-12-17 10:01:12,V,132.8,1,BID
2018-12-17 10:01:12,V,132.83,3,ASK
2018-12-17 10:01:14,V,132.8,5,BID
2018-12-17 10:01:14,V,132.84,4,ASK
2018-12-17 10:01:13,V,132.8,5,BID
2018-12-17 10:01:14,V,132.84,4,ASK
2018-12-17 10:01:13,V,132.8,5,BID
2018-12-17 10:01:14,V,132.84,4,ASK
2018-12-17 10:01:13,V,132.8,5,BID
2018-12-17 10:01:14,V,132.84,4,ASK
2018-12-17 10:01:13,V,132.8,5,BID
2018-12-17 10:01:14,V,132.84,5,ASK
2018-12-17 10:01:19,V,132.83,8,BID
2018-12-17 10:01:19,V,132.88,7,ASK
2018-12-17 10:01:20,V,132.82,1,BID
2018-12-17 10:01:19,V,132.88,7,ASK
2018-12-17 10:01:20,V,132.82,2,BID
2018-12-17 10:01:19,V,132.88,7,ASK
2018-12-17 10:01:20,V,132.82,2,BID
2018-12-17 10:01:19,V,132.88,7,ASK
2018-12-17 10:01:23,V,132.83,1,BID
2018-12-17 10:01:23,V,132.88,4,ASK
2018-12-17 10:01:23,V,132.83,2,BID
2018-12-17 10:01:23,V,132.88,4,ASK
2018-12-17 10:01:24,V,132.85,3,BID
2018-12-17 10:01:24,V,132.9,2,ASK
2018-12-17 10:01:26,V,132.87,2,BID
2018-12-17 10:01:26,V,132.9,4,ASK
2018-12-17 10:01:27,V,132.86,1,BID
2018-12-17 10:01:27,V,132.91,19,ASK
2018-12-17 10:01:28,V,132.85,10,BID
2018-12-17 10:01:28,V,132.88,14,ASK
2018-12-17 10:01:29,V,132.85,10,BID
2018-12-17 10:01:29,V,132.89,3,ASK
2018-12-17 10:01:30,V,132.86,1,BID
2018-12-17 10:01:28,V,132.91,19,ASK
2018-12-17 10:01:31,V,132.88,3,BID
2018-12-17 10:01:28,V,132.91,19,ASK
2018-12-17 10:01:32,V,132.86,2,BID
2018-12-17 10:01:28,V,132.91,19,ASK
2018-12-17 10:01:33,V,132.88,1,BID
2018-12-17 10:01:33,V,132.92,7,ASK
2018-12-17 10:01:34,V,132.86,9,BID
2018-12-17 10:01:34,V,132.9,12,ASK
2018-12-17 10:01:34,V,132.92,4,BID
2018-12-17 10:01:34,V,132.93,1,ASK
2018-12-17 10:01:35,V,132.91,3,BID
2018-12-17 10:01:35,V,132.92,14,ASK
2018-12-17 10:01:37,V,132.9,1,BID
2018-12-17 10:01:37,V,132.92,14,ASK
2018-12-17 10:01:37,V,132.92,1,BID
2018-12-17 10:01:37,V,132.93,2,ASK
2018-12-17 10:01:38,V,132.9,2,BID
2018-12-17 10:01:38,V,132.93,11,ASK
2018-12-17 10:01:39,V,132.9,2,BID
2018-12-17 10:01:39,V,132.93,11,ASK
2018-12-17 10:01:40,V,132.9,3,BID
2018-12-17 10:01:40,V,132.93,11,ASK
2018-12-17 10:01:42,V,132.92,1,BID
2018-12-17 10:01:42,V,132.95,6,ASK
2018-12-17 10:01:43,V,132.92,3,BID
2018-12-17 10:01:42,V,132.96,3,ASK
2018-12-17 10:01:43,V,132.91,4,BID
2018-12-17 10:01:43,V,132.93,11,ASK
2018-12-17 10:01:45,V,132.9,4,BID
2018-12-17 10:01:45,V,132.93,8,ASK
2018-12-17 10:01:46,V,132.9,5,BID
2018-12-17 10:01:45,V,132.93,7,ASK
2018-12-17 10:01:46,V,132.91,1,BID
2018-12-17 10:01:46,V,132.94,2,ASK
2018-12-17 10:01:48,V,132.93,2,BID
2018-12-17 10:01:48,V,132.95,9,ASK
2018-12-17 10:01:49,V,132.91,5,BID
2018-12-17 10:01:49,V,132.95,15,ASK
2018-12-17 10:01:49,V,132.91,15,BID
2018-12-17 10:01:50,V,132.97,5,ASK
2018-12-17 10:01:49,V,132.91,15,BID
2018-12-17 10:01:50,V,132.97,7,ASK
2018-12-17 10:01:52,V,132.9,3,BID
2018-12-17 10:01:52,V,132.93,3,ASK
2018-12-17 10:01:52,V,132.9,3,BID
2018-12-17 10:01:52,V,132.93,3,ASK
2018-12-17 10:01:52,V,132.9,3,BID
2018-12-17 10:01:52,V,132.93,3,ASK
2018-12-17 10:01:52,V,132.9,3,BID
2018-12-17 10:01:52,V,132.93,3,ASK
2018-12-17 10:01:55,V,132.93,2,BID
2018-12-17 10:01:55,V,132.97,7,ASK
2018-12-17 10:01:56,V,132.94,1,BID
2018-12-17 10:01:56,V,132.97,7,ASK
2018-12-17 10:01:58,V,132.9,1,BID
2018-12-17 10:01:58,V,132.96,11,ASK
2018-12-17 10:01:59,V,132.87,1,BID
2018-12-17 10:01:59,V,132.92,14,ASK
2018-12-17 10:02:00,V,132.87,1,BID
2018-12-17 10:02:00,V,132.92,14,ASK
2018-12-17 10:02:01,V,132.89,2,BID
2018-12-17 10:02:01,V,132.92,14,ASK
2018-12-17 10:02:02,V,132.89,2,BID
2018-12-17 10:02:02,V,132.96,19,ASK
2018-12-17 10:02:03,V,132.87,2,BID
2018-12-17 10:02:03,V,132.92,3,ASK
2018-12-17 10:02:03,V,132.87,2,BID
2018-12-17 10:02:03,V,132.92,3,ASK
2018-12-17 10:02:03,V,132.87,2,BID
2018-12-17 10:02:05,V,132.92,4,ASK
2018-12-17 10:02:06,V,132.85,9,BID
2018-12-17 10:02:06,V,132.9,14,ASK
2018-12-17 10:02:07,V,132.85,11,BID
2018-12-17 10:02:06,V,132.9,13,ASK
2018-12-17 10:02:08,V,132.9,1,BID
2018-12-17 10:02:02,V,132.96,16,ASK
2018-12-17 10:02:09,V,132.93,3,BID
2018-12-17 10:02:02,V,132.96,16,ASK
2018-12-17 10:02:10,V,132.93,3,BID
2018-12-17 10:02:02,V,132.96,16,ASK
2018-12-17 10:02:10,V,132.93,3,BID
2018-12-17 10:02:02,V,132.96,16,ASK
2018-12-17 10:02:12,V,132.9,9,BID
2018-12-17 10:02:12,V,132.93,7,ASK
2018-12-17 10:02:12,V,132.9,9,BID
2018-12-17 10:02:12,V,132.94,11,ASK
2018-12-17 10:02:12,V,132.9,9,BID
2018-12-17 10:02:12,V,132.94,11,ASK
2018-12-17 10:02:15,V,132.9,9,BID
2018-12-17 10:02:15,V,132.92,1,ASK
2018-12-17 10:02:16,V,132.9,9,BID
2018-12-17 10:02:15,V,132.93,8,ASK
2018-12-17 10:02:16,V,132.9,8,BID
2018-12-17 10:02:17,V,132.93,5,ASK
2018-12-17 10:02:18,V,132.92,2,BID
2018-12-17 10:02:18,V,132.95,1,ASK
2018-12-17 10:02:19,V,132.92,1,BID
2018-12-17 10:02:19,V,132.95,4,ASK
2018-12-17 10:02:19,V,132.92,1,BID
2018-12-17 10:02:19,V,132.95,5,ASK
2018-12-17 10:02:19,V,132.92,1,BID
2018-12-17 10:02:19,V,132.95,5,ASK
2018-12-17 10:02:19,V,132.92,1,BID
2018-12-17 10:02:19,V,132.95,5,ASK
2018-12-17 10:02:19,V,132.92,1,BID
2018-12-17 10:02:19,V,132.95,5,ASK
2018-12-17 10:02:24,V,132.92,1,BID
2018-12-17 10:02:19,V,132.95,5,ASK
2018-12-17 10:02:24,V,132.92,1,BID
2018-12-17 10:02:19,V,132.95,5,ASK
2018-12-17 10:02:25,V,132.92,3,BID
2018-12-17 10:02:19,V,132.95,5,ASK
2018-12-17 10:02:25,V,132.92,3,BID
2018-12-17 10:02:19,V,132.95,5,ASK
2018-12-17 10:02:27,V,132.92,7,BID
2018-12-17 10:02:27,V,132.95,6,ASK
2018-12-17 10:02:29,V,132.92,7,BID
2018-12-17 10:02:29,V,132.94,3,ASK
2018-12-17 10:02:30,V,132.9,4,BID
2018-12-17 10:02:30,V,132.95,8,ASK
2018-12-17 10:02:30,V,132.9,4,BID
2018-12-17 10:02:30,V,132.95,8,ASK
2018-12-17 10:02:32,V,132.94,10,BID
2018-12-17 10:01:49,V,132.97,8,ASK
2018-12-17 10:02:33,V,132.94,4,BID
2018-12-17 10:02:33,V,132.97,6,ASK
2018-12-17 10:02:34,V,132.94,10,BID
2018-12-17 10:02:34,V,132.98,16,ASK
2018-12-17 10:02:35,V,132.97,3,BID
2018-12-17 10:02:35,V,133.0,8,ASK
2018-12-17 10:02:35,V,132.97,3,BID
2018-12-17 10:02:35,V,133.0,6,ASK
2018-12-17 10:02:37,V,132.97,3,BID
2018-12-17 10:02:37,V,133.0,1,ASK
2018-12-17 10:02:38,V,132.96,2,BID
2018-12-17 10:02:38,V,132.99,1,ASK
2018-12-17 10:02:39,V,132.95,9,BID
2018-12-17 10:02:39,V,132.96,2,ASK
2018-12-17 10:02:40,V,132.93,6,BID
2018-12-17 10:02:40,V,132.96,3,ASK
2018-12-17 10:02:41,V,132.9,8,BID
2018-12-17 10:02:41,V,132.94,1,ASK
2018-12-17 10:02:42,V,132.88,10,BID
2018-12-17 10:02:42,V,132.9,4,ASK
2018-12-17 10:02:43,V,132.88,10,BID
2018-12-17 10:02:43,V,132.89,1,ASK
2018-12-17 10:02:44,V,132.88,10,BID
2018-12-17 10:02:42,V,132.9,4,ASK
2018-12-17 10:02:45,V,132.89,2,BID
2018-12-17 10:02:45,V,132.9,5,ASK
2018-12-17 10:02:45,V,132.89,3,BID
2018-12-17 10:02:45,V,132.94,17,ASK
2018-12-17 10:02:46,V,132.89,3,BID
2018-12-17 10:02:46,V,132.92,2,ASK
2018-12-17 10:02:47,V,132.89,3,BID
2018-12-17 10:02:45,V,132.94,11,ASK
2018-12-17 10:02:49,V,132.89,3,BID
2018-12-17 10:02:49,V,132.94,14,ASK
2018-12-17 10:02:50,V,132.9,1,BID
2018-12-17 10:02:50,V,132.93,2,ASK
2018-12-17 10:02:50,V,132.9,1,BID
2018-12-17 10:02:50,V,132.93,2,ASK
2018-12-17 10:02:52,V,132.91,2,BID
2018-12-17 10:02:52,V,132.93,4,ASK
2018-12-17 10:02:53,V,132.89,2,BID
2018-12-17 10:02:53,V,132.91,1,ASK
2018-12-17 10:02:54,V,132.88,10,BID
2018-12-17 10:02:54,V,132.91,4,ASK
2018-12-17 10:02:55,V,132.88,10,BID
2018-12-17 10:02:54,V,132.91,4,ASK
2018-12-17 10:02:55,V,132.88,10,BID
2018-12-17 10:02:54,V,132.91,4,ASK
2018-12-17 10:02:57,V,132.88,12,BID
2018-12-17 10:02:54,V,132.91,4,ASK
2018-12-17 10:02:58,V,132.84,3,BID
2018-12-17 10:02:58,V,132.88,2,ASK
2018-12-17 10:02:59,V,132.85,2,BID
2018-12-17 10:02:59,V,132.88,3,ASK
2018-12-17 10:03:00,V,132.85,2,BID
2018-12-17 10:03:00,V,132.88,3,ASK
2018-12-17 10:03:01,V,132.88,2,BID
2018-12-17 10:02:58,V,132.91,5,ASK
2018-12-17 10:03:01,V,132.88,2,BID
2018-12-17 10:02:58,V,132.91,5,ASK
2018-12-17 10:03:03,V,132.85,3,BID
2018-12-17 10:03:03,V,132.89,1,ASK
2018-12-17 10:03:04,V,132.84,4,BID
2018-12-17 10:03:04,V,132.87,1,ASK
2018-12-17 10:03:05,V,132.85,1,BID
2018-12-17 10:03:05,V,132.87,1,ASK
2018-12-17 10:03:06,V,132.87,1,BID
2018-12-17 10:03:06,V,132.91,10,ASK
2018-12-17 10:03:06,V,132.86,16,BID
2018-12-17 10:03:06,V,132.88,2,ASK
2018-12-17 10:03:07,V,132.87,1,BID
2018-12-17 10:03:07,V,132.9,5,ASK
2018-12-17 10:03:06,V,132.86,16,BID
2018-12-17 10:03:09,V,132.9,9,ASK
2018-12-17 10:03:10,V,132.87,4,BID
2018-12-17 10:03:10,V,132.91,11,ASK
2018-12-17 10:03:10,V,132.87,5,BID
2018-12-17 10:03:10,V,132.91,12,ASK
2018-12-17 10:03:12,V,132.87,11,BID
2018-12-17 10:03:12,V,132.91,10,ASK
2018-12-17 10:03:13,V,132.87,10,BID
2018-12-17 10:03:12,V,132.91,10,ASK
2018-12-17 10:03:13,V,132.87,10,BID
2018-12-17 10:03:12,V,132.91,10,ASK
2018-12-17 10:03:12,V,132.87,9,BID
2018-12-17 10:03:02,V,132.91,11,ASK
2018-12-17 10:03:16,V,132.88,2,BID
2018-12-17 10:03:16,V,132.92,4,ASK
2018-12-17 10:03:16,V,132.88,2,BID
2018-12-17 10:03:16,V,132.92,4,ASK
2018-12-17 10:03:16,V,132.88,2,BID
2018-12-17 10:03:16,V,132.92,4,ASK
2018-12-17 10:03:16,V,132.88,2,BID
2018-12-17 10:03:16,V,132.92,4,ASK
2018-12-17 10:03:16,V,132.88,2,BID
2018-12-17 10:03:16,V,132.92,4,ASK
2018-12-17 10:03:21,V,132.9,2,BID
2018-12-17 10:03:21,V,132.92,4,ASK
2018-12-17 10:03:22,V,132.84,4,BID
2018-12-17 10:03:22,V,132.88,15,ASK
2018-12-17 10:03:23,V,132.88,1,BID
2018-12-17 10:03:23,V,132.91,1,ASK
2018-12-17 10:03:23,V,132.88,2,BID
2018-12-17 10:03:22,V,132.92,5,ASK
2018-12-17 10:03:25,V,132.88,3,BID
2018-12-17 10:03:24,V,132.9,5,ASK
2018-12-17 10:03:26,V,132.85,1,BID
2018-12-17 10:03:24,V,132.9,6,ASK
2018-12-17 10:03:26,V,132.85,1,BID
2018-12-17 10:03:24,V,132.9,6,ASK
2018-12-17 10:03:28,V,132.87,3,BID
2018-12-17 10:03:28,V,132.9,7,ASK
2018-12-17 10:03:29,V,132.87,3,BID
2018-12-17 10:03:28,V,132.9,6,ASK
2018-12-17 10:03:30,V,132.87,3,BID
2018-12-17 10:03:28,V,132.9,6,ASK
2018-12-17 10:03:31,V,132.85,3,BID
2018-12-17 10:03:31,V,132.9,12,ASK
2018-12-17 10:03:31,V,132.85,3,BID
2018-12-17 10:03:31,V,132.9,12,ASK
2018-12-17 10:03:33,V,132.87,2,BID
2018-12-17 10:03:33,V,132.9,12,ASK
2018-12-17 10:03:34,V,132.87,2,BID
2018-12-17 10:03:34,V,132.89,3,ASK
2018-12-17 10:03:34,V,132.87,2,BID
2018-12-17 10:03:34,V,132.89,2,ASK
2018-12-17 10:03:36,V,132.85,3,BID
2018-12-17 10:03:36,V,132.88,12,ASK
2018-12-17 10:03:37,V,132.81,12,BID
2018-12-17 10:03:37,V,132.86,10,ASK
2018-12-17 10:03:38,V,132.81,10,BID
2018-12-17 10:03:38,V,132.86,10,ASK
2018-12-17 10:03:39,V,132.83,3,BID
2018-12-17 10:03:39,V,132.86,10,ASK
2018-12-17 10:03:40,V,132.81,12,BID
2018-12-17 10:03:40,V,132.84,12,ASK
2018-12-17 10:03:41,V,132.8,7,BID
2018-12-17 10:03:41,V,132.82,1,ASK
2018-12-17 10:03:42,V,132.76,1,BID
2018-12-17 10:03:42,V,132.8,1,ASK
2018-12-17 10:03:42,V,132.72,4,BID
2018-12-17 10:03:43,V,132.76,1,ASK
2018-12-17 10:03:42,V,132.72,4,BID
2018-12-17 10:03:44,V,132.76,1,ASK
2018-12-17 10:03:42,V,132.72,4,BID
2018-12-17 10:03:45,V,132.76,4,ASK
2018-12-17 10:03:46,V,132.74,2,BID
2018-12-17 10:03:46,V,132.76,5,ASK
2018-12-17 10:03:46,V,132.74,2,BID
2018-12-17 10:03:46,V,132.76,5,ASK
2018-12-17 10:03:46,V,132.74,2,BID
2018-12-17 10:03:46,V,132.76,5,ASK
2018-12-17 10:03:49,V,132.76,1,BID
2018-12-17 10:03:49,V,132.78,2,ASK
2018-12-17 10:03:50,V,132.75,3,BID
2018-12-17 10:03:50,V,132.78,2,ASK
2018-12-17 10:03:50,V,132.74,3,BID
2018-12-17 10:03:51,V,132.77,1,ASK
2018-12-17 10:03:50,V,132.74,3,BID
2018-12-17 10:03:51,V,132.77,1,ASK
2018-12-17 10:03:50,V,132.74,3,BID
2018-12-17 10:03:53,V,132.77,3,ASK
2018-12-17 10:03:50,V,132.74,3,BID
2018-12-17 10:03:53,V,132.77,3,ASK
2018-12-17 10:03:50,V,132.74,4,BID
2018-12-17 10:03:54,V,132.77,3,ASK
2018-12-17 10:03:50,V,132.74,4,BID
2018-12-17 10:03:54,V,132.77,3,ASK
2018-12-17 10:03:57,V,132.75,1,BID
2018-12-17 10:03:57,V,132.77,3,ASK
2018-12-17 10:03:58,V,132.75,3,BID
2018-12-17 10:03:58,V,132.78,2,ASK
2018-12-17 10:03:59,V,132.75,11,BID
2018-12-17 10:03:59,V,132.78,1,ASK
2018-12-17 10:03:59,V,132.75,11,BID
2018-12-17 10:04:00,V,132.78,1,ASK
2018-12-17 10:03:59,V,132.75,11,BID
2018-12-17 10:04:00,V,132.78,1,ASK
2018-12-17 10:03:59,V,132.75,11,BID
2018-12-17 10:04:00,V,132.78,1,ASK
2018-12-17 10:04:03,V,132.73,1,BID
2018-12-17 10:04:03,V,132.76,15,ASK
2018-12-17 10:04:03,V,132.72,5,BID
2018-12-17 10:04:03,V,132.76,15,ASK
2018-12-17 10:04:04,V,132.72,5,BID
2018-12-17 10:04:03,V,132.76,15,ASK
2018-12-17 10:04:06,V,132.74,3,BID
2018-12-17 10:04:06,V,132.76,5,ASK
2018-12-17 10:04:07,V,132.74,3,BID
2018-12-17 10:04:07,V,132.77,1,ASK
2018-12-17 10:04:08,V,132.74,3,BID
2018-12-17 10:04:08,V,132.77,13,ASK
2018-12-17 10:04:05,V,132.72,6,BID
2018-12-17 10:04:09,V,132.74,2,ASK
2018-12-17 10:04:10,V,132.67,15,BID
2018-12-17 10:04:10,V,132.7,1,ASK
2018-12-17 10:04:11,V,132.69,5,BID
2018-12-17 10:04:11,V,132.74,4,ASK
2018-12-17 10:04:12,V,132.72,1,BID
2018-12-17 10:04:12,V,132.77,11,ASK
2018-12-17 10:04:13,V,132.72,2,BID
2018-12-17 10:04:12,V,132.77,11,ASK
2018-12-17 10:04:14,V,132.67,15,BID
2018-12-17 10:04:14,V,132.72,2,ASK
2018-12-17 10:04:14,V,132.67,15,BID
2018-12-17 10:04:14,V,132.72,2,ASK
2018-12-17 10:04:14,V,132.67,15,BID
2018-12-17 10:04:14,V,132.72,2,ASK
2018-12-17 10:04:17,V,132.72,2,BID
2018-12-17 10:04:17,V,132.77,11,ASK
2018-12-17 10:04:18,V,132.72,1,BID
2018-12-17 10:04:18,V,132.77,9,ASK
2018-12-17 10:04:19,V,132.73,1,BID
2018-12-17 10:04:19,V,132.77,10,ASK
2018-12-17 10:04:20,V,132.72,3,BID
2018-12-17 10:04:20,V,132.75,2,ASK
2018-12-17 10:04:21,V,132.72,3,BID
2018-12-17 10:04:21,V,132.76,2,ASK
2018-12-17 10:04:22,V,132.72,3,BID
2018-12-17 10:04:22,V,132.76,3,ASK
2018-12-17 10:04:23,V,132.73,4,BID
2018-12-17 10:04:23,V,132.81,2,ASK
2018-12-17 10:04:23,V,132.73,6,BID
2018-12-17 10:04:23,V,132.81,2,ASK
2018-12-17 10:04:25,V,132.74,3,BID
2018-12-17 10:04:25,V,132.78,2,ASK
2018-12-17 10:04:26,V,132.75,2,BID
2018-12-17 10:04:26,V,132.78,2,ASK
