timestamp,ticker,price,volume,bid_ask
2018-12-17 09:39:59,VZ,56.9,18,BID
2018-12-17 09:40:33,VZ,56.91,14,ASK
2018-12-17 09:39:59,VZ,56.9,18,BID
2018-12-17 09:40:33,VZ,56.91,13,ASK
2018-12-17 09:39:59,VZ,56.9,18,BID
2018-12-17 09:40:33,VZ,56.91,13,ASK
2018-12-17 09:39:59,VZ,56.9,19,BID
2018-12-17 09:40:38,VZ,56.91,8,ASK
2018-12-17 09:39:59,VZ,56.9,19,BID
2018-12-17 09:40:39,VZ,56.91,9,ASK
2018-12-17 09:39:59,VZ,56.9,19,BID
2018-12-17 09:40:40,VZ,56.91,9,ASK
2018-12-17 09:39:59,VZ,56.9,20,BID
2018-12-17 09:40:42,VZ,56.91,13,ASK
2018-12-17 09:39:59,VZ,56.9,20,BID
2018-12-17 09:40:42,VZ,56.91,14,ASK
2018-12-17 09:39:59,VZ,56.9,20,BID
2018-12-17 09:40:43,VZ,56.91,14,ASK
2018-12-17 09:39:59,VZ,56.9,20,BID
2018-12-17 09:40:43,VZ,56.91,11,ASK
2018-12-17 09:39:59,VZ,56.9,20,BID
2018-12-17 09:40:46,VZ,56.9,10,ASK
2018-12-17 09:40:47,VZ,56.89,16,BID
2018-12-17 09:40:47,VZ,56.9,21,ASK
2018-12-17 09:40:47,VZ,56.89,14,BID
2018-12-17 09:40:47,VZ,56.9,21,ASK
2018-12-17 09:40:48,VZ,56.87,14,BID
2018-12-17 09:40:48,VZ,56.88,8,ASK
2018-12-17 09:40:49,VZ,56.87,12,BID
2018-12-17 09:40:49,VZ,56.88,15,ASK
2018-12-17 09:40:49,VZ,56.87,11,BID
2018-12-17 09:40:49,VZ,56.88,16,ASK
2018-12-17 09:40:51,VZ,56.86,11,BID
2018-12-17 09:40:51,VZ,56.87,9,ASK
2018-12-17 09:40:52,VZ,56.85,6,BID
2018-12-17 09:40:52,VZ,56.86,16,ASK
2018-12-17 09:40:53,VZ,56.85,7,BID
2018-12-17 09:40:52,VZ,56.86,13,ASK
2018-12-17 09:40:54,VZ,56.85,7,BID
2018-12-17 09:40:52,VZ,56.86,12,ASK
2018-12-17 09:40:55,VZ,56.86,19,BID
2018-12-17 09:40:55,VZ,56.87,13,ASK
2018-12-17 09:40:57,VZ,56.86,11,BID
2018-12-17 09:40:57,VZ,56.87,15,ASK
2018-12-17 09:40:55,VZ,56.85,16,BID
2018-12-17 09:40:58,VZ,56.86,5,ASK
2018-12-17 09:40:55,VZ,56.85,17,BID
2018-12-17 09:40:58,VZ,56.86,4,ASK
2018-12-17 09:41:00,VZ,56.86,12,BID
2018-12-17 09:41:00,VZ,56.87,15,ASK
2018-12-17 09:41:01,VZ,56.86,14,BID
2018-12-17 09:41:01,VZ,56.87,15,ASK
2018-12-17 09:41:01,VZ,56.85,25,BID
2018-12-17 09:41:01,VZ,56.87,15,ASK
2018-12-17 09:41:02,VZ,56.86,7,BID
2018-12-17 09:41:02,VZ,56.87,14,ASK
2018-12-17 09:41:02,VZ,56.86,7,BID
2018-12-17 09:41:02,VZ,56.87,14,ASK
2018-12-17 09:41:05,VZ,56.88,52,BID
2018-12-17 09:41:05,VZ,56.89,29,ASK
2018-12-17 09:41:05,VZ,56.88,21,BID
2018-12-17 09:41:05,VZ,56.89,13,ASK
2018-12-17 09:41:05,VZ,56.88,23,BID
2018-12-17 09:41:06,VZ,56.89,12,ASK
2018-12-17 09:41:07,VZ,56.89,27,BID
2018-12-17 09:41:06,VZ,56.9,21,ASK
2018-12-17 09:41:08,VZ,56.88,19,BID
2018-12-17 09:41:08,VZ,56.89,23,ASK
2018-12-17 09:41:09,VZ,56.89,17,BID
2018-12-17 09:41:08,VZ,56.9,22,ASK
2018-12-17 09:41:10,VZ,56.89,16,BID
2018-12-17 09:41:10,VZ,56.9,21,ASK
2018-12-17 09:41:10,VZ,56.89,16,BID
2018-12-17 09:41:09,VZ,56.9,23,ASK
2018-12-17 09:41:10,VZ,56.89,16,BID
2018-12-17 09:41:09,VZ,56.9,21,ASK
2018-12-17 09:41:10,VZ,56.89,16,BID
2018-12-17 09:41:09,VZ,56.9,21,ASK
2018-12-17 09:41:14,VZ,56.89,7,BID
2018-12-17 09:41:09,VZ,56.9,21,ASK
2018-12-17 09:41:14,VZ,56.89,7,BID
2018-12-17 09:41:09,VZ,56.9,22,ASK
2018-12-17 09:41:16,VZ,56.89,8,BID
2018-12-17 09:41:09,VZ,56.9,28,ASK
2018-12-17 09:41:17,VZ,56.89,6,BID
2018-12-17 09:41:09,VZ,56.9,22,ASK
2018-12-17 09:41:17,VZ,56.89,6,BID
2018-12-17 09:41:09,VZ,56.9,22,ASK
2018-12-17 09:41:08,VZ,56.88,16,BID
2018-12-17 09:41:20,VZ,56.89,9,ASK
2018-12-17 09:41:21,VZ,56.87,11,BID
2018-12-17 09:41:20,VZ,56.88,11,ASK
2018-12-17 09:41:22,VZ,56.86,21,BID
2018-12-17 09:41:22,VZ,56.87,33,ASK
2018-12-17 09:41:22,VZ,56.86,21,BID
2018-12-17 09:41:22,VZ,56.87,34,ASK
2018-12-17 09:41:24,VZ,56.87,12,BID
2018-12-17 09:41:24,VZ,56.88,21,ASK
2018-12-17 09:41:25,VZ,56.87,20,BID
2018-12-17 09:41:24,VZ,56.88,21,ASK
2018-12-17 09:41:25,VZ,56.87,16,BID
2018-12-17 09:41:24,VZ,56.88,21,ASK
2018-12-17 09:41:26,VZ,56.88,9,BID
2018-12-17 09:41:26,VZ,56.89,8,ASK
2018-12-17 09:41:28,VZ,56.89,7,BID
2018-12-17 09:41:09,VZ,56.9,25,ASK
2018-12-17 09:41:29,VZ,56.89,9,BID
2018-12-17 09:41:09,VZ,56.9,20,ASK
2018-12-17 09:41:30,VZ,56.88,14,BID
2018-12-17 09:41:09,VZ,56.9,28,ASK
2018-12-17 09:41:30,VZ,56.89,5,BID
2018-12-17 09:41:09,VZ,56.9,25,ASK
2018-12-17 09:41:31,VZ,56.89,9,BID
2018-12-17 09:41:09,VZ,56.9,25,ASK
2018-12-17 09:41:31,VZ,56.89,9,BID
2018-12-17 09:41:09,VZ,56.9,22,ASK
2018-12-17 09:41:34,VZ,56.89,8,BID
2018-12-17 09:41:09,VZ,56.9,21,ASK
2018-12-17 09:41:34,VZ,56.89,8,BID
2018-12-17 09:41:09,VZ,56.9,21,ASK
2018-12-17 09:41:35,VZ,56.88,9,BID
2018-12-17 09:41:35,VZ,56.89,16,ASK
2018-12-17 09:41:37,VZ,56.88,13,BID
2018-12-17 09:41:37,VZ,56.89,8,ASK
2018-12-17 09:41:37,VZ,56.88,10,BID
2018-12-17 09:41:37,VZ,56.89,10,ASK
2018-12-17 09:41:39,VZ,56.88,9,BID
2018-12-17 09:41:37,VZ,56.89,10,ASK
2018-12-17 09:41:39,VZ,56.88,9,BID
2018-12-17 09:41:40,VZ,56.89,5,ASK
2018-12-17 09:41:39,VZ,56.88,7,BID
2018-12-17 09:41:41,VZ,56.89,8,ASK
2018-12-17 09:41:42,VZ,56.87,14,BID
2018-12-17 09:41:42,VZ,56.88,8,ASK
2018-12-17 09:41:42,VZ,56.87,14,BID
2018-12-17 09:41:42,VZ,56.88,7,ASK
2018-12-17 09:41:44,VZ,56.87,18,BID
2018-12-17 09:41:44,VZ,56.88,3,ASK
2018-12-17 09:41:45,VZ,56.87,16,BID
2018-12-17 09:41:45,VZ,56.88,6,ASK
2018-12-17 09:41:45,VZ,56.87,15,BID
2018-12-17 09:41:45,VZ,56.89,5,ASK
2018-12-17 09:41:47,VZ,56.89,31,BID
2018-12-17 09:41:09,VZ,56.9,24,ASK
2018-12-17 09:41:48,VZ,56.9,22,BID
2018-12-17 09:41:48,VZ,56.91,3,ASK
2018-12-17 09:41:49,VZ,56.91,4,BID
2018-12-17 09:41:49,VZ,56.92,21,ASK
2018-12-17 09:41:49,VZ,56.91,5,BID
2018-12-17 09:41:49,VZ,56.92,18,ASK
2018-12-17 09:41:51,VZ,56.91,13,BID
2018-12-17 09:41:51,VZ,56.92,16,ASK
2018-12-17 09:41:51,VZ,56.91,13,BID
2018-12-17 09:41:51,VZ,56.92,16,ASK
2018-12-17 09:41:52,VZ,56.94,5,BID
2018-12-17 09:40:14,VZ,56.95,19,ASK
2018-12-17 09:41:52,VZ,56.93,15,BID
2018-12-17 09:41:53,VZ,56.94,17,ASK
2018-12-17 09:41:52,VZ,56.92,23,BID
2018-12-17 09:41:54,VZ,56.93,42,ASK
2018-12-17 09:41:52,VZ,56.92,17,BID
2018-12-17 09:41:54,VZ,56.93,27,ASK
2018-12-17 09:41:55,VZ,56.92,23,BID
2018-12-17 09:41:55,VZ,56.93,21,ASK
2018-12-17 09:41:58,VZ,56.92,19,BID
2018-12-17 09:41:58,VZ,56.93,18,ASK
2018-12-17 09:41:58,VZ,56.9,14,BID
2018-12-17 09:41:58,VZ,56.91,23,ASK
2018-12-17 09:41:47,VZ,56.89,28,BID
2018-12-17 09:41:58,VZ,56.91,21,ASK
2018-12-17 09:42:00,VZ,56.9,6,BID
2018-12-17 09:42:00,VZ,56.91,21,ASK
2018-12-17 09:42:02,VZ,56.9,10,BID
2018-12-17 09:42:02,VZ,56.91,19,ASK
2018-12-17 09:42:03,VZ,56.9,9,BID
2018-12-17 09:42:02,VZ,56.91,19,ASK
2018-12-17 09:42:03,VZ,56.9,9,BID
2018-12-17 09:42:02,VZ,56.91,19,ASK
2018-12-17 09:42:05,VZ,56.9,9,BID
2018-12-17 09:42:05,VZ,56.91,16,ASK
2018-12-17 09:41:47,VZ,56.89,21,BID
2018-12-17 09:42:06,VZ,56.89,2,ASK
2018-12-17 09:42:06,VZ,56.88,20,BID
2018-12-17 09:42:06,VZ,56.89,19,ASK
2018-12-17 09:41:23,VZ,56.86,22,BID
2018-12-17 09:42:08,VZ,56.87,16,ASK
2018-12-17 09:41:23,VZ,56.86,22,BID
2018-12-17 09:42:08,VZ,56.87,15,ASK
2018-12-17 09:42:10,VZ,56.86,11,BID
2018-12-17 09:42:08,VZ,56.87,16,ASK
2018-12-17 09:42:10,VZ,56.86,11,BID
2018-12-17 09:42:08,VZ,56.87,16,ASK
2018-12-17 09:40:55,VZ,56.85,22,BID
2018-12-17 09:42:11,VZ,56.86,23,ASK
2018-12-17 09:40:55,VZ,56.85,22,BID
2018-12-17 09:42:12,VZ,56.86,21,ASK
2018-12-17 09:40:55,VZ,56.85,23,BID
2018-12-17 09:42:12,VZ,56.86,21,ASK
2018-12-17 09:40:55,VZ,56.85,19,BID
2018-12-17 09:42:12,VZ,56.86,21,ASK
2018-12-17 09:40:55,VZ,56.85,19,BID
2018-12-17 09:42:12,VZ,56.86,21,ASK
2018-12-17 09:42:16,VZ,56.84,15,BID
2018-12-17 09:42:16,VZ,56.85,18,ASK
2018-12-17 09:42:16,VZ,56.84,20,BID
2018-12-17 09:42:18,VZ,56.85,14,ASK
2018-12-17 09:42:16,VZ,56.84,17,BID
2018-12-17 09:42:19,VZ,56.85,15,ASK
2018-12-17 09:42:16,VZ,56.84,17,BID
2018-12-17 09:42:19,VZ,56.85,15,ASK
2018-12-17 09:42:16,VZ,56.84,16,BID
2018-12-17 09:42:20,VZ,56.85,16,ASK
2018-12-17 09:42:16,VZ,56.84,17,BID
2018-12-17 09:42:22,VZ,56.84,1,ASK
2018-12-17 09:42:23,VZ,56.83,6,BID
2018-12-17 09:42:23,VZ,56.84,19,ASK
2018-12-17 09:42:23,VZ,56.83,9,BID
2018-12-17 09:42:24,VZ,56.84,12,ASK
2018-12-17 09:42:24,VZ,56.84,12,BID
2018-12-17 09:42:24,VZ,56.85,16,ASK
2018-12-17 09:42:26,VZ,56.84,8,BID
2018-12-17 09:42:24,VZ,56.85,16,ASK
2018-12-17 09:42:26,VZ,56.84,11,BID
2018-12-17 09:42:24,VZ,56.85,16,ASK
2018-12-17 09:42:27,VZ,56.84,13,BID
2018-12-17 09:42:24,VZ,56.85,16,ASK
2018-12-17 09:42:28,VZ,56.86,25,BID
2018-12-17 09:42:28,VZ,56.87,18,ASK
2018-12-17 09:42:28,VZ,56.86,25,BID
2018-12-17 09:42:30,VZ,56.87,14,ASK
2018-12-17 09:42:28,VZ,56.86,25,BID
2018-12-17 09:42:30,VZ,56.87,14,ASK
2018-12-17 09:42:28,VZ,56.86,25,BID
2018-12-17 09:42:30,VZ,56.87,14,ASK
2018-12-17 09:42:33,VZ,56.86,20,BID
2018-12-17 09:42:33,VZ,56.87,17,ASK
2018-12-17 09:42:34,VZ,56.86,7,BID
2018-12-17 09:42:33,VZ,56.87,19,ASK
2018-12-17 09:42:34,VZ,56.86,9,BID
2018-12-17 09:42:35,VZ,56.87,16,ASK
2018-12-17 09:42:34,VZ,56.86,9,BID
2018-12-17 09:42:35,VZ,56.87,16,ASK
2018-12-17 09:42:37,VZ,56.87,17,BID
2018-12-17 09:42:37,VZ,56.88,14,ASK
2018-12-17 09:42:38,VZ,56.88,11,BID
2018-12-17 09:42:38,VZ,56.89,21,ASK
2018-12-17 09:42:38,VZ,56.88,11,BID
2018-12-17 09:42:38,VZ,56.89,21,ASK
2018-12-17 09:42:40,VZ,56.88,12,BID
2018-12-17 09:42:40,VZ,56.89,20,ASK
2018-12-17 09:42:40,VZ,56.87,9,BID
2018-12-17 09:42:40,VZ,56.88,18,ASK
2018-12-17 09:42:34,VZ,56.86,12,BID
2018-12-17 09:42:42,VZ,56.87,1,ASK
2018-12-17 09:42:43,VZ,56.86,9,BID
2018-12-17 09:42:42,VZ,56.87,20,ASK
2018-12-17 09:42:43,VZ,56.86,5,BID
2018-12-17 09:42:42,VZ,56.87,25,ASK
2018-12-17 09:42:45,VZ,56.86,12,BID
2018-12-17 09:42:42,VZ,56.87,25,ASK
2018-12-17 09:42:46,VZ,56.85,17,BID
2018-12-17 09:42:46,VZ,56.86,27,ASK
2018-12-17 09:42:47,VZ,56.85,27,BID
2018-12-17 09:42:47,VZ,56.86,22,ASK
2018-12-17 09:42:48,VZ,56.85,19,BID
2018-12-17 09:42:48,VZ,56.86,11,ASK
2018-12-17 09:42:49,VZ,56.84,14,BID
2018-12-17 09:42:49,VZ,56.85,14,ASK
2018-12-17 09:42:49,VZ,56.84,16,BID
2018-12-17 09:42:50,VZ,56.85,13,ASK
2018-12-17 09:42:50,VZ,56.83,6,BID
2018-12-17 09:42:51,VZ,56.84,9,ASK
2018-12-17 09:42:52,VZ,56.83,8,BID
2018-12-17 09:42:52,VZ,56.84,19,ASK
2018-12-17 09:42:52,VZ,56.83,9,BID
2018-12-17 09:42:53,VZ,56.84,6,ASK
2018-12-17 09:42:54,VZ,56.84,14,BID
2018-12-17 09:42:54,VZ,56.85,56,ASK
2018-12-17 09:42:55,VZ,56.86,13,BID
2018-12-17 09:42:41,VZ,56.88,13,ASK
2018-12-17 09:42:56,VZ,56.86,9,BID
2018-12-17 09:42:56,VZ,56.87,12,ASK
2018-12-17 09:42:56,VZ,56.86,10,BID
2018-12-17 09:42:57,VZ,56.87,9,ASK
2018-12-17 09:42:56,VZ,56.86,10,BID
2018-12-17 09:42:41,VZ,56.88,11,ASK
2018-12-17 09:42:59,VZ,56.86,10,BID
2018-12-17 09:42:59,VZ,56.87,18,ASK
2018-12-17 09:43:00,VZ,56.87,6,BID
2018-12-17 09:43:00,VZ,56.88,19,ASK
2018-12-17 09:43:01,VZ,56.86,18,BID
2018-12-17 09:43:01,VZ,56.87,1,ASK
2018-12-17 09:43:02,VZ,56.86,17,BID
2018-12-17 09:43:02,VZ,56.87,8,ASK
2018-12-17 09:43:03,VZ,56.86,17,BID
2018-12-17 09:43:03,VZ,56.87,9,ASK
2018-12-17 09:43:04,VZ,56.86,17,BID
2018-12-17 09:43:04,VZ,56.87,10,ASK
2018-12-17 09:43:04,VZ,56.86,17,BID
2018-12-17 09:43:04,VZ,56.87,10,ASK
2018-12-17 09:43:06,VZ,56.86,16,BID
2018-12-17 09:43:06,VZ,56.87,11,ASK
2018-12-17 09:43:07,VZ,56.85,22,BID
2018-12-17 09:43:07,VZ,56.86,30,ASK
2018-12-17 09:43:07,VZ,56.84,12,BID
2018-12-17 09:43:08,VZ,56.85,22,ASK
2018-12-17 09:43:09,VZ,56.83,13,BID
2018-12-17 09:43:09,VZ,56.84,12,ASK
2018-12-17 09:43:09,VZ,56.83,13,BID
2018-12-17 09:43:09,VZ,56.84,12,ASK
2018-12-17 09:43:09,VZ,56.83,12,BID
2018-12-17 09:43:10,VZ,56.84,9,ASK
2018-12-17 09:43:12,VZ,56.83,11,BID
2018-12-17 09:43:12,VZ,56.84,12,ASK
2018-12-17 09:43:13,VZ,56.83,12,BID
2018-12-17 09:43:13,VZ,56.84,11,ASK
2018-12-17 09:43:14,VZ,56.83,11,BID
2018-12-17 09:43:14,VZ,56.84,14,ASK
2018-12-17 09:43:15,VZ,56.83,10,BID
2018-12-17 09:43:14,VZ,56.84,16,ASK
2018-12-17 09:43:16,VZ,56.82,7,BID
2018-12-17 09:43:14,VZ,56.84,20,ASK
2018-12-17 09:43:17,VZ,56.82,6,BID
2018-12-17 09:43:17,VZ,56.83,33,ASK
2018-12-17 09:43:18,VZ,56.82,5,BID
2018-12-17 09:43:18,VZ,56.83,34,ASK
2018-12-17 09:43:19,VZ,56.8,7,BID
2018-12-17 09:43:19,VZ,56.81,15,ASK
2018-12-17 09:43:19,VZ,56.79,10,BID
2018-12-17 09:43:19,VZ,56.8,11,ASK
2018-12-17 09:43:20,VZ,56.79,7,BID
2018-12-17 09:43:20,VZ,56.8,13,ASK
2018-12-17 09:43:20,VZ,56.77,8,BID
2018-12-17 09:43:20,VZ,56.78,8,ASK
2018-12-17 09:43:21,VZ,56.77,16,BID
2018-12-17 09:43:21,VZ,56.78,12,ASK
2018-12-17 09:43:21,VZ,56.8,6,BID
2018-12-17 09:43:21,VZ,56.81,11,ASK
2018-12-17 09:43:21,VZ,56.8,11,BID
2018-12-17 09:43:21,VZ,56.81,11,ASK
2018-12-17 09:43:22,VZ,56.81,15,BID
2018-12-17 09:43:19,VZ,56.82,33,ASK
2018-12-17 09:43:22,VZ,56.81,19,BID
2018-12-17 09:43:19,VZ,56.82,30,ASK
2018-12-17 09:43:22,VZ,56.82,13,BID
2018-12-17 09:43:23,VZ,56.83,33,ASK
2018-12-17 09:43:24,VZ,56.82,1,BID
2018-12-17 09:43:23,VZ,56.83,29,ASK
2018-12-17 09:43:22,VZ,56.81,18,BID
2018-12-17 09:43:24,VZ,56.82,12,ASK
2018-12-17 09:43:22,VZ,56.81,18,BID
2018-12-17 09:43:24,VZ,56.82,15,ASK
2018-12-17 09:43:22,VZ,56.81,18,BID
2018-12-17 09:43:24,VZ,56.82,15,ASK
2018-12-17 09:43:29,VZ,56.79,48,BID
2018-12-17 09:43:29,VZ,56.8,18,ASK
2018-12-17 09:43:30,VZ,56.8,16,BID
2018-12-17 09:43:30,VZ,56.81,20,ASK
2018-12-17 09:43:30,VZ,56.8,10,BID
2018-12-17 09:43:31,VZ,56.81,20,ASK
2018-12-17 09:43:32,VZ,56.79,47,BID
2018-12-17 09:43:32,VZ,56.8,15,ASK
2018-12-17 09:43:34,VZ,56.79,48,BID
2018-12-17 09:43:33,VZ,56.8,13,ASK
2018-12-17 09:43:34,VZ,56.79,48,BID
2018-12-17 09:43:33,VZ,56.8,12,ASK
2018-12-17 09:43:38,VZ,56.8,27,BID
2018-12-17 09:43:38,VZ,56.81,14,ASK
2018-12-17 09:43:38,VZ,56.79,48,BID
2018-12-17 09:43:38,VZ,56.8,43,ASK
2018-12-17 09:43:39,VZ,56.78,34,BID
2018-12-17 09:43:39,VZ,56.79,23,ASK
2018-12-17 09:43:39,VZ,56.77,15,BID
2018-12-17 09:43:39,VZ,56.78,19,ASK
2018-12-17 09:43:39,VZ,56.77,18,BID
2018-12-17 09:43:40,VZ,56.78,21,ASK
2018-12-17 09:43:39,VZ,56.77,15,BID
2018-12-17 09:43:40,VZ,56.78,20,ASK
2018-12-17 09:43:43,VZ,56.77,15,BID
2018-12-17 09:43:40,VZ,56.78,17,ASK
2018-12-17 09:43:43,VZ,56.77,15,BID
2018-12-17 09:43:40,VZ,56.78,19,ASK
2018-12-17 09:43:46,VZ,56.77,14,BID
2018-12-17 09:43:40,VZ,56.78,19,ASK
2018-12-17 09:43:46,VZ,56.77,14,BID
2018-12-17 09:43:40,VZ,56.78,19,ASK
2018-12-17 09:43:46,VZ,56.77,14,BID
2018-12-17 09:43:40,VZ,56.78,19,ASK
2018-12-17 09:43:50,VZ,56.77,14,BID
2018-12-17 09:43:40,VZ,56.78,18,ASK
2018-12-17 09:43:51,VZ,56.77,16,BID
2018-12-17 09:43:51,VZ,56.78,15,ASK
2018-12-17 09:43:52,VZ,56.77,17,BID
2018-12-17 09:43:51,VZ,56.78,17,ASK
2018-12-17 09:43:53,VZ,56.77,18,BID
2018-12-17 09:43:51,VZ,56.78,17,ASK
2018-12-17 09:43:54,VZ,56.79,11,BID
2018-12-17 09:43:54,VZ,56.8,14,ASK
2018-12-17 09:43:55,VZ,56.8,14,BID
2018-12-17 09:43:38,VZ,56.81,26,ASK
2018-12-17 09:43:56,VZ,56.81,10,BID
2018-12-17 09:43:24,VZ,56.82,21,ASK
2018-12-17 09:43:57,VZ,56.81,10,BID
2018-12-17 09:43:24,VZ,56.82,21,ASK
2018-12-17 09:43:58,VZ,56.82,12,BID
2018-12-17 09:43:23,VZ,56.83,13,ASK
2018-12-17 09:44:00,VZ,56.83,9,BID
2018-12-17 09:43:23,VZ,56.84,19,ASK
2018-12-17 09:44:00,VZ,56.83,9,BID
2018-12-17 09:43:23,VZ,56.84,14,ASK
2018-12-17 09:44:01,VZ,56.83,9,BID
2018-12-17 09:43:23,VZ,56.84,17,ASK
2018-12-17 09:44:01,VZ,56.83,9,BID
2018-12-17 09:43:23,VZ,56.84,17,ASK
2018-12-17 09:44:03,VZ,56.83,13,BID
2018-12-17 09:43:23,VZ,56.84,21,ASK
2018-12-17 09:44:04,VZ,56.83,19,BID
2018-12-17 09:44:04,VZ,56.84,11,ASK
2018-12-17 09:44:04,VZ,56.83,19,BID
2018-12-17 09:44:05,VZ,56.84,33,ASK
2018-12-17 09:44:04,VZ,56.83,20,BID
2018-12-17 09:44:05,VZ,56.84,27,ASK
2018-12-17 09:44:04,VZ,56.83,19,BID
2018-12-17 09:44:05,VZ,56.84,27,ASK
2018-12-17 09:44:07,VZ,56.8,10,BID
2018-12-17 09:44:07,VZ,56.81,26,ASK
2018-12-17 09:43:55,VZ,56.79,20,BID
2018-12-17 09:44:09,VZ,56.8,18,ASK
2018-12-17 09:43:53,VZ,56.78,33,BID
2018-12-17 09:44:09,VZ,56.79,22,ASK
2018-12-17 09:44:10,VZ,56.79,12,BID
2018-12-17 09:44:10,VZ,56.8,14,ASK
2018-12-17 09:44:11,VZ,56.79,12,BID
2018-12-17 09:44:10,VZ,56.8,13,ASK
2018-12-17 09:44:12,VZ,56.8,9,BID
2018-12-17 09:44:07,VZ,56.81,34,ASK
2018-12-17 09:44:14,VZ,56.79,6,BID
2018-12-17 09:44:14,VZ,56.8,19,ASK
2018-12-17 09:44:14,VZ,56.79,9,BID
2018-12-17 09:44:14,VZ,56.8,6,ASK
2018-12-17 09:44:14,VZ,56.79,8,BID
2018-12-17 09:44:14,VZ,56.8,6,ASK
2018-12-17 09:44:14,VZ,56.79,8,BID
2018-12-17 09:44:17,VZ,56.8,12,ASK
2018-12-17 09:44:14,VZ,56.79,8,BID
2018-12-17 09:44:17,VZ,56.8,12,ASK
2018-12-17 09:44:20,VZ,56.79,8,BID
2018-12-17 09:44:20,VZ,56.8,11,ASK
2018-12-17 09:44:21,VZ,56.8,17,BID
2018-12-17 09:44:20,VZ,56.81,25,ASK
2018-12-17 09:44:21,VZ,56.8,15,BID
2018-12-17 09:44:20,VZ,56.81,24,ASK
2018-12-17 09:44:22,VZ,56.8,10,BID
2018-12-17 09:44:20,VZ,56.81,24,ASK
2018-12-17 09:44:23,VZ,56.8,11,BID
2018-12-17 09:44:20,VZ,56.81,23,ASK
2018-12-17 09:44:23,VZ,56.8,11,BID
2018-12-17 09:44:20,VZ,56.81,23,ASK
2018-12-17 09:44:23,VZ,56.8,11,BID
2018-12-17 09:44:20,VZ,56.81,23,ASK
2018-12-17 09:44:23,VZ,56.8,11,BID
2018-12-17 09:44:20,VZ,56.81,23,ASK
2018-12-17 09:44:23,VZ,56.8,10,BID
2018-12-17 09:44:20,VZ,56.81,23,ASK
2018-12-17 09:44:23,VZ,56.8,13,BID
2018-12-17 09:44:29,VZ,56.81,22,ASK
2018-12-17 09:44:30,VZ,56.79,28,BID
2018-12-17 09:44:30,VZ,56.8,16,ASK
2018-12-17 09:44:30,VZ,56.79,25,BID
2018-12-17 09:44:30,VZ,56.81,20,ASK
2018-12-17 09:44:30,VZ,56.79,25,BID
2018-12-17 09:44:30,VZ,56.81,20,ASK
2018-12-17 09:44:33,VZ,56.8,9,BID
2018-12-17 09:44:32,VZ,56.81,16,ASK
2018-12-17 09:44:33,VZ,56.8,8,BID
2018-12-17 09:44:32,VZ,56.81,16,ASK
2018-12-17 09:44:30,VZ,56.79,23,BID
2018-12-17 09:44:35,VZ,56.8,3,ASK
2018-12-17 09:44:35,VZ,56.8,20,BID
2018-12-17 09:44:35,VZ,56.81,6,ASK
2018-12-17 09:44:36,VZ,56.81,14,BID
2018-12-17 09:44:34,VZ,56.82,34,ASK
2018-12-17 09:44:37,VZ,56.8,13,BID
2018-12-17 09:44:37,VZ,56.81,11,ASK
2018-12-17 09:44:37,VZ,56.8,13,BID
2018-12-17 09:44:37,VZ,56.81,13,ASK
2018-12-17 09:44:40,VZ,56.8,14,BID
2018-12-17 09:44:40,VZ,56.81,6,ASK
2018-12-17 09:44:40,VZ,56.8,12,BID
2018-12-17 09:44:41,VZ,56.81,7,ASK
2018-12-17 09:44:42,VZ,56.81,1,BID
2018-12-17 09:44:42,VZ,56.82,35,ASK
2018-12-17 09:44:42,VZ,56.81,17,BID
2018-12-17 09:44:42,VZ,56.82,33,ASK
2018-12-17 09:44:43,VZ,56.82,21,BID
2018-12-17 09:44:43,VZ,56.83,21,ASK
2018-12-17 09:44:44,VZ,56.82,8,BID
2018-12-17 09:44:44,VZ,56.83,33,ASK
2018-12-17 09:44:44,VZ,56.82,9,BID
2018-12-17 09:44:44,VZ,56.83,31,ASK
2018-12-17 09:44:47,VZ,56.81,16,BID
2018-12-17 09:44:47,VZ,56.82,20,ASK
2018-12-17 09:44:47,VZ,56.8,1,BID
2018-12-17 09:44:47,VZ,56.81,20,ASK
2018-12-17 09:44:48,VZ,56.8,10,BID
2018-12-17 09:44:48,VZ,56.81,12,ASK
2018-12-17 09:44:49,VZ,56.81,14,BID
2018-12-17 09:44:49,VZ,56.82,16,ASK
2018-12-17 09:44:50,VZ,56.82,28,BID
2018-12-17 09:44:44,VZ,56.83,30,ASK
2018-12-17 09:44:51,VZ,56.82,24,BID
2018-12-17 09:44:44,VZ,56.83,30,ASK
2018-12-17 09:44:51,VZ,56.82,21,BID
2018-12-17 09:44:44,VZ,56.83,30,ASK
2018-12-17 09:44:54,VZ,56.82,19,BID
2018-12-17 09:44:44,VZ,56.83,30,ASK
2018-12-17 09:44:54,VZ,56.82,21,BID
2018-12-17 09:44:44,VZ,56.83,28,ASK
2018-12-17 09:44:55,VZ,56.81,19,BID
2018-12-17 09:44:44,VZ,56.83,29,ASK
2018-12-17 09:44:57,VZ,56.82,4,BID
2018-12-17 09:44:44,VZ,56.83,31,ASK
2018-12-17 09:44:57,VZ,56.82,4,BID
2018-12-17 09:44:44,VZ,56.83,29,ASK
2018-12-17 09:44:58,VZ,56.82,4,BID
2018-12-17 09:44:44,VZ,56.83,27,ASK
2018-12-17 09:44:59,VZ,56.82,6,BID
2018-12-17 09:44:44,VZ,56.83,27,ASK
2018-12-17 09:45:00,VZ,56.82,11,BID
2018-12-17 09:44:44,VZ,56.83,26,ASK
2018-12-17 09:45:01,VZ,56.83,23,BID
2018-12-17 09:45:01,VZ,56.84,26,ASK
2018-12-17 09:45:02,VZ,56.81,13,BID
2018-12-17 09:45:02,VZ,56.82,15,ASK
2018-12-17 09:44:49,VZ,56.8,21,BID
2018-12-17 09:45:03,VZ,56.81,35,ASK
2018-12-17 09:45:04,VZ,56.8,12,BID
2018-12-17 09:45:04,VZ,56.81,11,ASK
2018-12-17 09:45:05,VZ,56.81,20,BID
2018-12-17 09:45:02,VZ,56.82,28,ASK
2018-12-17 09:45:06,VZ,56.81,24,BID
2018-12-17 09:45:07,VZ,56.82,15,ASK
2018-12-17 09:45:08,VZ,56.79,8,BID
2018-12-17 09:45:08,VZ,56.8,11,ASK
2018-12-17 09:45:09,VZ,56.78,18,BID
2018-12-17 09:45:09,VZ,56.79,12,ASK
2018-12-17 09:45:09,VZ,56.79,17,BID
2018-12-17 09:45:08,VZ,56.8,13,ASK
2018-12-17 09:45:10,VZ,56.76,10,BID
2018-12-17 09:45:10,VZ,56.77,8,ASK
2018-12-17 09:45:11,VZ,56.76,6,BID
2018-12-17 09:45:11,VZ,56.77,18,ASK
2018-12-17 09:45:12,VZ,56.76,28,BID
2018-12-17 09:45:12,VZ,56.77,23,ASK
2018-12-17 09:45:13,VZ,56.77,10,BID
2018-12-17 09:45:14,VZ,56.77,4,ASK
2018-12-17 09:45:14,VZ,56.77,11,BID
2018-12-17 09:45:14,VZ,56.78,13,ASK
2018-12-17 09:45:15,VZ,56.77,12,BID
2018-12-17 09:45:14,VZ,56.78,13,ASK
2018-12-17 09:45:14,VZ,56.76,9,BID
2018-12-17 09:45:16,VZ,56.77,15,ASK
2018-12-17 09:45:17,VZ,56.77,18,BID
2018-12-17 09:45:17,VZ,56.78,15,ASK
2018-12-17 09:45:19,VZ,56.77,17,BID
2018-12-17 09:45:19,VZ,56.78,9,ASK
2018-12-17 09:45:19,VZ,56.78,16,BID
2018-12-17 09:45:19,VZ,56.79,17,ASK
2018-12-17 09:45:20,VZ,56.77,17,BID
2018-12-17 09:45:20,VZ,56.78,9,ASK
2018-12-17 09:45:21,VZ,56.76,22,BID
2018-12-17 09:45:21,VZ,56.77,24,ASK
2018-12-17 09:45:21,VZ,56.77,7,BID
2018-12-17 09:45:21,VZ,56.78,12,ASK
2018-12-17 09:45:22,VZ,56.77,6,BID
2018-12-17 09:45:22,VZ,56.78,27,ASK
2018-12-17 09:45:23,VZ,56.78,20,BID
2018-12-17 09:45:23,VZ,56.79,18,ASK
2018-12-17 09:45:24,VZ,56.79,9,BID
2018-12-17 09:45:24,VZ,56.8,3,ASK
2018-12-17 09:45:25,VZ,56.79,8,BID
2018-12-17 09:45:25,VZ,56.8,17,ASK
2018-12-17 09:45:26,VZ,56.78,13,BID
2018-12-17 09:45:26,VZ,56.79,13,ASK
2018-12-17 09:45:27,VZ,56.79,6,BID
2018-12-17 09:45:28,VZ,56.8,11,ASK
2018-12-17 09:45:27,VZ,56.79,7,BID
2018-12-17 09:45:30,VZ,56.8,10,ASK
2018-12-17 09:45:27,VZ,56.79,5,BID
2018-12-17 09:45:31,VZ,56.8,10,ASK
2018-12-17 09:45:27,VZ,56.79,5,BID
2018-12-17 09:45:31,VZ,56.8,10,ASK
2018-12-17 09:45:33,VZ,56.79,9,BID
2018-12-17 09:45:33,VZ,56.8,10,ASK
2018-12-17 09:45:34,VZ,56.79,9,BID
2018-12-17 09:45:34,VZ,56.8,10,ASK
2018-12-17 09:45:34,VZ,56.8,17,BID
2018-12-17 09:45:34,VZ,56.81,16,ASK
2018-12-17 09:45:35,VZ,56.81,10,BID
2018-12-17 09:45:35,VZ,56.83,21,ASK
2018-12-17 09:45:35,VZ,56.82,16,BID
2018-12-17 09:45:35,VZ,56.83,15,ASK
2018-12-17 09:45:37,VZ,56.82,4,BID
2018-12-17 09:45:37,VZ,56.83,13,ASK
2018-12-17 09:45:39,VZ,56.81,12,BID
2018-12-17 09:45:39,VZ,56.82,28,ASK
2018-12-17 09:45:40,VZ,56.82,17,BID
2018-12-17 09:45:40,VZ,56.83,12,ASK
2018-12-17 09:45:40,VZ,56.83,17,BID
2018-12-17 09:45:40,VZ,56.84,13,ASK
2018-12-17 09:45:40,VZ,56.83,18,BID
2018-12-17 09:45:40,VZ,56.84,12,ASK
2018-12-17 09:45:40,VZ,56.83,16,BID
2018-12-17 09:45:40,VZ,56.84,13,ASK
2018-12-17 09:45:40,VZ,56.83,16,BID
2018-12-17 09:45:40,VZ,56.84,13,ASK
2018-12-17 09:45:40,VZ,56.83,16,BID
2018-12-17 09:45:40,VZ,56.84,13,ASK
2018-12-17 09:45:40,VZ,56.83,16,BID
2018-12-17 09:45:40,VZ,56.84,14,ASK
2018-12-17 09:45:47,VZ,56.84,10,BID
2018-12-17 09:45:47,VZ,56.85,22,ASK
2018-12-17 09:45:47,VZ,56.84,11,BID
2018-12-17 09:45:48,VZ,56.85,22,ASK
2018-12-17 09:45:40,VZ,56.83,18,BID
2018-12-17 09:45:49,VZ,56.84,20,ASK
2018-12-17 09:45:50,VZ,56.82,10,BID
2018-12-17 09:45:49,VZ,56.83,20,ASK
2018-12-17 09:45:51,VZ,56.81,12,BID
2018-12-17 09:45:51,VZ,56.82,28,ASK
2018-12-17 09:45:51,VZ,56.8,22,BID
2018-12-17 09:45:51,VZ,56.81,26,ASK
2018-12-17 09:45:34,VZ,56.79,19,BID
2018-12-17 09:45:52,VZ,56.8,13,ASK
2018-12-17 09:45:34,VZ,56.79,19,BID
2018-12-17 09:45:52,VZ,56.8,13,ASK
2018-12-17 09:45:55,VZ,56.78,4,BID
2018-12-17 09:45:54,VZ,56.79,13,ASK
2018-12-17 09:45:56,VZ,56.78,1,BID
2018-12-17 09:45:56,VZ,56.78,3,ASK
2018-12-17 09:45:57,VZ,56.78,2,BID
2018-12-17 09:45:54,VZ,56.79,16,ASK
2018-12-17 09:45:57,VZ,56.79,16,BID
2018-12-17 09:45:52,VZ,56.8,19,ASK
2018-12-17 09:45:57,VZ,56.79,16,BID
2018-12-17 09:45:52,VZ,56.8,19,ASK
2018-12-17 09:46:00,VZ,56.8,10,BID
2018-12-17 09:46:00,VZ,56.81,24,ASK
2018-12-17 09:46:01,VZ,56.8,12,BID
2018-12-17 09:46:01,VZ,56.81,20,ASK
2018-12-17 09:46:01,VZ,56.8,11,BID
2018-12-17 09:46:01,VZ,56.81,20,ASK
2018-12-17 09:46:03,VZ,56.8,36,BID
2018-12-17 09:46:03,VZ,56.81,20,ASK
2018-12-17 09:46:04,VZ,56.8,14,BID
2018-12-17 09:46:04,VZ,56.81,6,ASK
2018-12-17 09:46:04,VZ,56.8,14,BID
2018-12-17 09:46:05,VZ,56.81,6,ASK
2018-12-17 09:46:04,VZ,56.8,14,BID
2018-12-17 09:46:06,VZ,56.81,6,ASK
2018-12-17 09:46:07,VZ,56.81,21,BID
2018-12-17 09:46:07,VZ,56.82,24,ASK
2018-12-17 09:46:07,VZ,56.82,30,BID
2018-12-17 09:45:49,VZ,56.83,24,ASK
2018-12-17 09:46:07,VZ,56.82,24,BID
2018-12-17 09:45:49,VZ,56.83,17,ASK
2018-12-17 09:46:07,VZ,56.82,24,BID
2018-12-17 09:45:49,VZ,56.83,16,ASK
2018-12-17 09:46:07,VZ,56.82,24,BID
2018-12-17 09:45:49,VZ,56.83,16,ASK
2018-12-17 09:46:07,VZ,56.82,24,BID
2018-12-17 09:45:49,VZ,56.83,16,ASK
2018-12-17 09:46:08,VZ,56.82,24,BID
2018-12-17 09:46:13,VZ,56.83,16,ASK
2018-12-17 09:46:14,VZ,56.81,19,BID
2018-12-17 09:46:14,VZ,56.82,8,ASK
2018-12-17 09:46:15,VZ,56.81,24,BID
2018-12-17 09:46:15,VZ,56.82,9,ASK
2018-12-17 09:46:16,VZ,56.8,15,BID
2018-12-17 09:46:16,VZ,56.81,44,ASK
2018-12-17 09:46:17,VZ,56.79,14,BID
2018-12-17 09:46:17,VZ,56.8,11,ASK
2018-12-17 09:46:18,VZ,56.78,1,BID
2018-12-17 09:46:18,VZ,56.79,16,ASK
2018-12-17 09:46:19,VZ,56.78,8,BID
2018-12-17 09:46:19,VZ,56.79,14,ASK
2018-12-17 09:46:19,VZ,56.78,4,BID
2018-12-17 09:46:19,VZ,56.79,3,ASK
2018-12-17 09:46:21,VZ,56.78,11,BID
2018-12-17 09:46:21,VZ,56.79,7,ASK
2018-12-17 09:46:21,VZ,56.78,10,BID
2018-12-17 09:46:21,VZ,56.79,9,ASK
2018-12-17 09:46:21,VZ,56.78,10,BID
2018-12-17 09:46:21,VZ,56.79,9,ASK
2018-12-17 09:46:21,VZ,56.78,11,BID
2018-12-17 09:46:23,VZ,56.79,8,ASK
2018-12-17 09:46:19,VZ,56.77,16,BID
2018-12-17 09:46:25,VZ,56.79,18,ASK
2018-12-17 09:46:26,VZ,56.78,2,BID
2018-12-17 09:46:25,VZ,56.79,13,ASK
2018-12-17 09:46:26,VZ,56.78,2,BID
2018-12-17 09:46:25,VZ,56.79,13,ASK
2018-12-17 09:46:26,VZ,56.78,2,BID
2018-12-17 09:46:25,VZ,56.79,13,ASK
2018-12-17 09:45:12,VZ,56.75,12,BID
2018-12-17 09:46:29,VZ,56.76,1,ASK
2018-12-17 09:46:30,VZ,56.76,7,BID
2018-12-17 09:46:30,VZ,56.77,25,ASK
2018-12-17 09:46:31,VZ,56.76,7,BID
2018-12-17 09:46:31,VZ,56.77,15,ASK
2018-12-17 09:46:31,VZ,56.8,11,BID
2018-12-17 09:46:16,VZ,56.81,26,ASK
2018-12-17 09:46:32,VZ,56.81,23,BID
2018-12-17 09:46:32,VZ,56.82,20,ASK
2018-12-17 09:46:32,VZ,56.82,15,BID
2018-12-17 09:46:13,VZ,56.83,22,ASK
2018-12-17 09:46:33,VZ,56.82,14,BID
2018-12-17 09:46:13,VZ,56.83,21,ASK
2018-12-17 09:46:32,VZ,56.81,26,BID
2018-12-17 09:46:35,VZ,56.82,26,ASK
2018-12-17 09:46:32,VZ,56.81,23,BID
2018-12-17 09:46:37,VZ,56.82,20,ASK
2018-12-17 09:46:32,VZ,56.81,23,BID
2018-12-17 09:46:37,VZ,56.82,16,ASK
2018-12-17 09:46:38,VZ,56.81,30,BID
2018-12-17 09:46:39,VZ,56.82,8,ASK
2018-12-17 09:46:38,VZ,56.81,30,BID
2018-12-17 09:46:40,VZ,56.82,7,ASK
2018-12-17 09:46:41,VZ,56.82,1,BID
2018-12-17 09:46:41,VZ,56.83,22,ASK
2018-12-17 09:46:41,VZ,56.82,1,BID
2018-12-17 09:46:41,VZ,56.83,20,ASK
2018-12-17 09:46:41,VZ,56.82,1,BID
2018-12-17 09:46:41,VZ,56.83,20,ASK
2018-12-17 09:46:44,VZ,56.82,9,BID
2018-12-17 09:46:41,VZ,56.83,21,ASK
2018-12-17 09:46:44,VZ,56.81,27,BID
2018-12-17 09:46:45,VZ,56.83,33,ASK
2018-12-17 09:46:46,VZ,56.82,6,BID
2018-12-17 09:46:46,VZ,56.83,23,ASK
2018-12-17 09:46:47,VZ,56.82,9,BID
2018-12-17 09:46:47,VZ,56.83,23,ASK
2018-12-17 09:46:48,VZ,56.82,19,BID
2018-12-17 09:46:48,VZ,56.83,23,ASK
2018-12-17 09:46:49,VZ,56.82,14,BID
2018-12-17 09:46:49,VZ,56.83,24,ASK
2018-12-17 09:46:49,VZ,56.82,14,BID
2018-12-17 09:46:50,VZ,56.83,25,ASK
2018-12-17 09:46:51,VZ,56.81,22,BID
2018-12-17 09:46:51,VZ,56.82,10,ASK
2018-12-17 09:46:51,VZ,56.81,22,BID
2018-12-17 09:46:51,VZ,56.82,9,ASK
2018-12-17 09:46:53,VZ,56.82,12,BID
2018-12-17 09:46:53,VZ,56.83,23,ASK
2018-12-17 09:46:53,VZ,56.82,11,BID
2018-12-17 09:46:54,VZ,56.83,23,ASK
2018-12-17 09:46:53,VZ,56.82,11,BID
2018-12-17 09:46:54,VZ,56.83,23,ASK
2018-12-17 09:46:53,VZ,56.82,11,BID
2018-12-17 09:46:54,VZ,56.83,22,ASK
2018-12-17 09:46:53,VZ,56.82,13,BID
2018-12-17 09:46:57,VZ,56.83,22,ASK
2018-12-17 09:46:53,VZ,56.82,13,BID
2018-12-17 09:46:58,VZ,56.83,22,ASK
2018-12-17 09:46:53,VZ,56.82,13,BID
2018-12-17 09:46:58,VZ,56.83,23,ASK
2018-12-17 09:46:53,VZ,56.82,13,BID
2018-12-17 09:46:58,VZ,56.83,24,ASK
2018-12-17 09:46:53,VZ,56.82,13,BID
2018-12-17 09:46:58,VZ,56.83,26,ASK
2018-12-17 09:47:02,VZ,56.82,7,BID
2018-12-17 09:46:58,VZ,56.83,32,ASK
2018-12-17 09:47:03,VZ,56.79,29,BID
2018-12-17 09:47:03,VZ,56.8,16,ASK
2018-12-17 09:47:03,VZ,56.84,24,BID
2018-12-17 09:47:03,VZ,56.85,17,ASK
2018-12-17 09:47:04,VZ,56.84,13,BID
2018-12-17 09:47:04,VZ,56.85,16,ASK
2018-12-17 09:47:05,VZ,56.84,13,BID
2018-12-17 09:47:05,VZ,56.85,15,ASK
2018-12-17 09:47:05,VZ,56.84,13,BID
2018-12-17 09:47:05,VZ,56.85,15,ASK
2018-12-17 09:47:07,VZ,56.84,13,BID
2018-12-17 09:47:07,VZ,56.85,15,ASK
2018-12-17 09:47:09,VZ,56.82,3,BID
2018-12-17 09:47:09,VZ,56.83,24,ASK
2018-12-17 09:47:03,VZ,56.8,35,BID
2018-12-17 09:47:10,VZ,56.81,8,ASK
2018-12-17 09:47:03,VZ,56.8,35,BID
2018-12-17 09:47:10,VZ,56.81,7,ASK
2018-12-17 09:47:03,VZ,56.8,36,BID
2018-12-17 09:47:12,VZ,56.81,7,ASK
2018-12-17 09:47:13,VZ,56.81,9,BID
2018-12-17 09:47:13,VZ,56.82,19,ASK
2018-12-17 09:47:14,VZ,56.8,21,BID
2018-12-17 09:47:14,VZ,56.81,22,ASK
2018-12-17 09:47:15,VZ,56.8,21,BID
2018-12-17 09:47:14,VZ,56.81,20,ASK
2018-12-17 09:47:16,VZ,56.8,12,BID
2018-12-17 09:47:16,VZ,56.81,16,ASK
2018-12-17 09:47:17,VZ,56.81,23,BID
2018-12-17 09:47:17,VZ,56.82,22,ASK
2018-12-17 09:47:18,VZ,56.81,1,BID
2018-12-17 09:47:18,VZ,56.82,18,ASK
2018-12-17 09:47:19,VZ,56.81,3,BID
2018-12-17 09:47:19,VZ,56.82,17,ASK
2018-12-17 09:47:20,VZ,56.81,3,BID
2018-12-17 09:47:20,VZ,56.82,18,ASK
2018-12-17 09:47:21,VZ,56.8,23,BID
2018-12-17 09:47:21,VZ,56.81,3,ASK
2018-12-17 09:47:21,VZ,56.8,23,BID
2018-12-17 09:47:22,VZ,56.81,14,ASK
2018-12-17 09:47:21,VZ,56.8,24,BID
2018-12-17 09:47:23,VZ,56.81,14,ASK
2018-12-17 09:47:21,VZ,56.8,24,BID
2018-12-17 09:47:24,VZ,56.81,11,ASK
2018-12-17 09:47:25,VZ,56.79,33,BID
2018-12-17 09:47:25,VZ,56.8,22,ASK
2018-12-17 09:47:26,VZ,56.78,23,BID
2018-12-17 09:47:26,VZ,56.79,21,ASK
2018-12-17 09:47:27,VZ,56.78,21,BID
2018-12-17 09:47:27,VZ,56.79,21,ASK
2018-12-17 09:47:28,VZ,56.77,21,BID
2018-12-17 09:47:28,VZ,56.78,9,ASK
2018-12-17 09:47:29,VZ,56.77,14,BID
2018-12-17 09:47:29,VZ,56.78,9,ASK
2018-12-17 09:47:30,VZ,56.77,17,BID
2018-12-17 09:47:30,VZ,56.78,8,ASK
2018-12-17 09:47:31,VZ,56.77,5,BID
2018-12-17 09:47:31,VZ,56.78,15,ASK
2018-12-17 09:47:31,VZ,56.77,4,BID
2018-12-17 09:47:31,VZ,56.78,15,ASK
2018-12-17 09:47:31,VZ,56.77,4,BID
2018-12-17 09:47:31,VZ,56.78,15,ASK
2018-12-17 09:47:34,VZ,56.79,20,BID
2018-12-17 09:47:34,VZ,56.8,20,ASK
2018-12-17 09:47:34,VZ,56.8,11,BID
2018-12-17 09:47:35,VZ,56.81,9,ASK
2018-12-17 09:47:34,VZ,56.8,10,BID
2018-12-17 09:47:35,VZ,56.81,9,ASK
2018-12-17 09:47:34,VZ,56.8,10,BID
2018-12-17 09:47:37,VZ,56.81,7,ASK
2018-12-17 09:47:38,VZ,56.81,18,BID
2018-12-17 09:47:38,VZ,56.82,8,ASK
2018-12-17 09:47:39,VZ,56.81,15,BID
2018-12-17 09:47:39,VZ,56.82,11,ASK
2018-12-17 09:47:34,VZ,56.8,7,BID
2018-12-17 09:47:40,VZ,56.81,17,ASK
2018-12-17 09:47:34,VZ,56.8,6,BID
2018-12-17 09:47:41,VZ,56.81,19,ASK
2018-12-17 09:47:34,VZ,56.8,6,BID
2018-12-17 09:47:41,VZ,56.81,19,ASK
2018-12-17 09:47:34,VZ,56.8,6,BID
2018-12-17 09:47:43,VZ,56.81,21,ASK
2018-12-17 09:47:34,VZ,56.8,7,BID
2018-12-17 09:47:44,VZ,56.81,20,ASK
2018-12-17 09:47:34,VZ,56.8,8,BID
2018-12-17 09:47:44,VZ,56.81,20,ASK
2018-12-17 09:47:34,VZ,56.8,8,BID
2018-12-17 09:47:44,VZ,56.81,20,ASK
2018-12-17 09:47:47,VZ,56.78,19,BID
2018-12-17 09:47:47,VZ,56.79,2,ASK
2018-12-17 09:47:49,VZ,56.8,9,BID
2018-12-17 09:47:49,VZ,56.81,12,ASK
2018-12-17 09:47:49,VZ,56.81,11,BID
2018-12-17 09:47:39,VZ,56.82,9,ASK
2018-12-17 09:47:50,VZ,56.81,11,BID
2018-12-17 09:47:39,VZ,56.82,11,ASK
2018-12-17 09:47:51,VZ,56.81,9,BID
2018-12-17 09:47:39,VZ,56.82,11,ASK
2018-12-17 09:47:51,VZ,56.81,9,BID
2018-12-17 09:47:39,VZ,56.82,11,ASK
2018-12-17 09:47:51,VZ,56.81,9,BID
2018-12-17 09:47:39,VZ,56.82,11,ASK
2018-12-17 09:47:54,VZ,56.8,21,BID
2018-12-17 09:47:54,VZ,56.81,12,ASK
2018-12-17 09:47:54,VZ,56.8,21,BID
2018-12-17 09:47:55,VZ,56.81,13,ASK
2018-12-17 09:47:54,VZ,56.8,22,BID
2018-12-17 09:47:56,VZ,56.81,14,ASK
2018-12-17 09:47:54,VZ,56.8,22,BID
2018-12-17 09:47:56,VZ,56.81,14,ASK
2018-12-17 09:47:58,VZ,56.82,18,BID
2018-12-17 09:47:38,VZ,56.83,25,ASK
2018-12-17 09:47:58,VZ,56.82,15,BID
2018-12-17 09:47:59,VZ,56.83,22,ASK
2018-12-17 09:48:00,VZ,56.81,5,BID
2018-12-17 09:48:00,VZ,56.82,23,ASK
2018-12-17 09:48:01,VZ,56.8,21,BID
2018-12-17 09:48:02,VZ,56.81,3,ASK
2018-12-17 09:48:01,VZ,56.8,20,BID
2018-12-17 09:48:02,VZ,56.81,10,ASK
2018-12-17 09:48:01,VZ,56.8,20,BID
2018-12-17 09:48:02,VZ,56.81,10,ASK
2018-12-17 09:48:01,VZ,56.8,20,BID
2018-12-17 09:48:02,VZ,56.81,10,ASK
2018-12-17 09:48:01,VZ,56.8,20,BID
2018-12-17 09:48:02,VZ,56.81,10,ASK
2018-12-17 09:48:07,VZ,56.8,14,BID
2018-12-17 09:48:02,VZ,56.81,13,ASK
2018-12-17 09:48:07,VZ,56.8,14,BID
2018-12-17 09:48:02,VZ,56.81,13,ASK
2018-12-17 09:48:07,VZ,56.8,14,BID
2018-12-17 09:48:02,VZ,56.81,13,ASK
2018-12-17 09:48:09,VZ,56.8,15,BID
2018-12-17 09:48:02,VZ,56.81,15,ASK
2018-12-17 09:48:10,VZ,56.8,15,BID
2018-12-17 09:48:10,VZ,56.81,13,ASK
2018-12-17 09:48:12,VZ,56.8,15,BID
2018-12-17 09:48:10,VZ,56.81,12,ASK
2018-12-17 09:48:12,VZ,56.8,15,BID
2018-12-17 09:48:10,VZ,56.81,12,ASK
2018-12-17 09:47:48,VZ,56.79,23,BID
2018-12-17 09:48:13,VZ,56.8,25,ASK
2018-12-17 09:48:14,VZ,56.79,21,BID
2018-12-17 09:48:14,VZ,56.8,23,ASK
2018-12-17 09:48:15,VZ,56.79,20,BID
2018-12-17 09:48:15,VZ,56.8,17,ASK
2018-12-17 09:48:17,VZ,56.79,21,BID
2018-12-17 09:48:17,VZ,56.8,16,ASK
2018-12-17 09:48:17,VZ,56.79,21,BID
2018-12-17 09:48:17,VZ,56.8,16,ASK
2018-12-17 09:48:18,VZ,56.79,21,BID
2018-12-17 09:48:18,VZ,56.8,15,ASK
2018-12-17 09:48:19,VZ,56.79,11,BID
2018-12-17 09:48:19,VZ,56.8,25,ASK
2018-12-17 09:48:19,VZ,56.79,11,BID
2018-12-17 09:48:19,VZ,56.8,25,ASK
2018-12-17 09:48:19,VZ,56.79,11,BID
2018-12-17 09:48:19,VZ,56.8,25,ASK
2018-12-17 09:48:22,VZ,56.78,18,BID
2018-12-17 09:48:22,VZ,56.79,18,ASK
2018-12-17 09:48:23,VZ,56.78,19,BID
2018-12-17 09:48:23,VZ,56.79,16,ASK
2018-12-17 09:48:24,VZ,56.8,23,BID
2018-12-17 09:48:13,VZ,56.81,16,ASK
2018-12-17 09:48:24,VZ,56.8,22,BID
2018-12-17 09:48:13,VZ,56.81,16,ASK
2018-12-17 09:48:26,VZ,56.79,12,BID
2018-12-17 09:48:26,VZ,56.8,24,ASK
2018-12-17 09:48:26,VZ,56.79,13,BID
2018-12-17 09:48:27,VZ,56.8,15,ASK
2018-12-17 09:48:26,VZ,56.79,15,BID
2018-12-17 09:48:29,VZ,56.8,2,ASK
2018-12-17 09:48:30,VZ,56.8,25,BID
2018-12-17 09:48:30,VZ,56.81,10,ASK
2018-12-17 09:48:31,VZ,56.8,19,BID
2018-12-17 09:48:31,VZ,56.81,12,ASK
2018-12-17 09:48:31,VZ,56.79,10,BID
2018-12-17 09:48:32,VZ,56.8,10,ASK
2018-12-17 09:48:32,VZ,56.8,8,BID
2018-12-17 09:48:33,VZ,56.81,16,ASK
2018-12-17 09:48:32,VZ,56.8,8,BID
2018-12-17 09:48:33,VZ,56.81,14,ASK
2018-12-17 09:48:32,VZ,56.8,8,BID
2018-12-17 09:48:33,VZ,56.81,14,ASK
2018-12-17 09:48:32,VZ,56.8,8,BID
2018-12-17 09:48:33,VZ,56.81,14,ASK
2018-12-17 09:48:37,VZ,56.8,9,BID
2018-12-17 09:48:33,VZ,56.81,16,ASK
2018-12-17 09:48:38,VZ,56.8,14,BID
2018-12-17 09:48:37,VZ,56.81,18,ASK
2018-12-17 09:48:38,VZ,56.81,14,BID
2018-12-17 09:48:01,VZ,56.82,22,ASK
2018-12-17 09:48:38,VZ,56.81,10,BID
2018-12-17 09:48:01,VZ,56.82,22,ASK
2018-12-17 09:48:38,VZ,56.81,10,BID
2018-12-17 09:48:01,VZ,56.82,22,ASK
2018-12-17 09:48:38,VZ,56.81,9,BID
2018-12-17 09:48:01,VZ,56.82,24,ASK
2018-12-17 09:48:42,VZ,56.8,7,BID
2018-12-17 09:48:43,VZ,56.81,13,ASK
2018-12-17 09:48:43,VZ,56.79,12,BID
2018-12-17 09:48:43,VZ,56.8,25,ASK
2018-12-17 09:48:43,VZ,56.79,14,BID
2018-12-17 09:48:43,VZ,56.8,22,ASK
2018-12-17 09:48:45,VZ,56.8,23,BID
2018-12-17 09:48:43,VZ,56.81,25,ASK
2018-12-17 09:48:46,VZ,56.8,6,BID
2018-12-17 09:48:43,VZ,56.81,25,ASK
2018-12-17 09:48:48,VZ,56.8,11,BID
2018-12-17 09:48:43,VZ,56.81,26,ASK
2018-12-17 09:48:48,VZ,56.8,11,BID
2018-12-17 09:48:43,VZ,56.81,26,ASK
2018-12-17 09:48:49,VZ,56.8,15,BID
2018-12-17 09:48:49,VZ,56.81,24,ASK
2018-12-17 09:48:49,VZ,56.8,15,BID
2018-12-17 09:48:49,VZ,56.81,24,ASK
2018-12-17 09:48:51,VZ,56.8,17,BID
2018-12-17 09:48:49,VZ,56.81,24,ASK
2018-12-17 09:48:52,VZ,56.81,27,BID
2018-12-17 09:48:52,VZ,56.82,19,ASK
2018-12-17 09:48:52,VZ,56.81,27,BID
2018-12-17 09:48:52,VZ,56.82,19,ASK
2018-12-17 09:48:52,VZ,56.81,29,BID
2018-12-17 09:48:52,VZ,56.82,19,ASK
2018-12-17 09:48:55,VZ,56.82,27,BID
2018-12-17 09:48:55,VZ,56.83,19,ASK
2018-12-17 09:48:56,VZ,56.85,9,BID
2018-12-17 09:48:56,VZ,56.86,25,ASK
2018-12-17 09:48:57,VZ,56.84,18,BID
2018-12-17 09:48:57,VZ,56.85,10,ASK
2018-12-17 09:48:57,VZ,56.84,17,BID
2018-12-17 09:48:58,VZ,56.85,10,ASK
2018-12-17 09:48:57,VZ,56.84,17,BID
2018-12-17 09:48:58,VZ,56.85,13,ASK
2018-12-17 09:48:57,VZ,56.84,17,BID
2018-12-17 09:48:58,VZ,56.85,13,ASK
2018-12-17 09:49:01,VZ,56.85,12,BID
2018-12-17 09:49:01,VZ,56.86,32,ASK
2018-12-17 09:49:02,VZ,56.85,17,BID
2018-12-17 09:49:02,VZ,56.86,21,ASK
2018-12-17 09:49:03,VZ,56.86,30,BID
2018-12-17 09:49:03,VZ,56.87,1,ASK
2018-12-17 09:49:03,VZ,56.87,15,BID
2018-12-17 09:49:03,VZ,56.88,15,ASK
2018-12-17 09:49:04,VZ,56.86,23,BID
2018-12-17 09:49:04,VZ,56.88,18,ASK
2018-12-17 09:49:04,VZ,56.87,1,BID
2018-12-17 09:49:04,VZ,56.88,14,ASK
2018-12-17 09:49:06,VZ,56.87,6,BID
2018-12-17 09:49:06,VZ,56.88,12,ASK
2018-12-17 09:49:06,VZ,56.87,8,BID
2018-12-17 09:49:07,VZ,56.88,9,ASK
2018-12-17 09:49:08,VZ,56.88,12,BID
2018-12-17 09:49:07,VZ,56.89,25,ASK
2018-12-17 09:49:09,VZ,56.87,22,BID
2018-12-17 09:49:09,VZ,56.88,22,ASK
2018-12-17 09:49:10,VZ,56.85,25,BID
2018-12-17 09:49:10,VZ,56.86,24,ASK
2018-12-17 09:49:02,VZ,56.85,27,BID
2018-12-17 09:49:10,VZ,56.86,11,ASK
2018-12-17 09:49:12,VZ,56.86,29,BID
2018-12-17 09:49:12,VZ,56.87,8,ASK
2018-12-17 09:49:12,VZ,56.86,21,BID
2018-12-17 09:49:13,VZ,56.87,8,ASK
2018-12-17 09:49:15,VZ,56.86,15,BID
2018-12-17 09:49:15,VZ,56.87,9,ASK
2018-12-17 09:49:15,VZ,56.86,14,BID
2018-12-17 09:49:16,VZ,56.87,13,ASK
2018-12-17 09:49:15,VZ,56.86,14,BID
2018-12-17 09:49:16,VZ,56.87,17,ASK
2018-12-17 09:49:02,VZ,56.85,24,BID
2018-12-17 09:49:19,VZ,56.86,1,ASK
2018-12-17 09:49:01,VZ,56.84,26,BID
2018-12-17 09:49:19,VZ,56.85,29,ASK
2018-12-17 09:49:20,VZ,56.83,17,BID
2018-12-17 09:49:20,VZ,56.84,21,ASK
2018-12-17 09:48:56,VZ,56.82,31,BID
2018-12-17 09:49:20,VZ,56.83,14,ASK
2018-12-17 09:48:56,VZ,56.82,30,BID
2018-12-17 09:49:21,VZ,56.83,17,ASK
2018-12-17 09:49:22,VZ,56.82,15,BID
2018-12-17 09:49:22,VZ,56.83,14,ASK
2018-12-17 09:49:22,VZ,56.82,13,BID
2018-12-17 09:49:22,VZ,56.83,14,ASK
2018-12-17 09:48:54,VZ,56.81,29,BID
2018-12-17 09:49:23,VZ,56.82,13,ASK
2018-12-17 09:49:24,VZ,56.81,16,BID
2018-12-17 09:49:24,VZ,56.82,7,ASK
2018-12-17 09:49:24,VZ,56.81,17,BID
2018-12-17 09:49:24,VZ,56.82,17,ASK
2018-12-17 09:49:25,VZ,56.8,12,BID
2018-12-17 09:49:25,VZ,56.81,19,ASK
2018-12-17 09:49:26,VZ,56.82,4,BID
2018-12-17 09:49:25,VZ,56.82,22,ASK
2018-12-17 09:49:27,VZ,56.83,21,BID
2018-12-17 09:49:27,VZ,56.84,18,ASK
2018-12-17 09:49:27,VZ,56.83,20,BID
2018-12-17 09:49:27,VZ,56.84,5,ASK
2018-12-17 09:49:27,VZ,56.83,14,BID
2018-12-17 09:49:27,VZ,56.84,49,ASK
2018-12-17 09:49:28,VZ,56.82,8,BID
2018-12-17 09:49:28,VZ,56.83,20,ASK
2018-12-17 09:49:28,VZ,56.82,7,BID
2018-12-17 09:49:28,VZ,56.83,29,ASK
2018-12-17 09:49:28,VZ,56.82,7,BID
2018-12-17 09:49:28,VZ,56.83,24,ASK
2018-12-17 09:49:28,VZ,56.82,7,BID
2018-12-17 09:49:28,VZ,56.83,24,ASK
2018-12-17 09:49:30,VZ,56.81,7,BID
2018-12-17 09:49:30,VZ,56.82,16,ASK
2018-12-17 09:49:32,VZ,56.83,9,BID
2018-12-17 09:49:27,VZ,56.84,40,ASK
2018-12-17 09:49:33,VZ,56.83,18,BID
2018-12-17 09:49:27,VZ,56.84,26,ASK
2018-12-17 09:49:33,VZ,56.83,16,BID
2018-12-17 09:49:27,VZ,56.84,26,ASK
2018-12-17 09:49:35,VZ,56.84,21,BID
2018-12-17 09:49:27,VZ,56.85,32,ASK
2018-12-17 09:49:35,VZ,56.84,37,BID
2018-12-17 09:49:36,VZ,56.85,1,ASK
2018-12-17 09:49:36,VZ,56.84,17,BID
2018-12-17 09:49:37,VZ,56.85,2,ASK
2018-12-17 09:49:38,VZ,56.84,13,BID
2018-12-17 09:49:39,VZ,56.85,15,ASK
2018-12-17 09:49:40,VZ,56.85,12,BID
2018-12-17 09:49:41,VZ,56.86,29,ASK
2018-12-17 09:49:41,VZ,56.85,16,BID
2018-12-17 09:49:42,VZ,56.86,28,ASK
2018-12-17 09:49:41,VZ,56.85,16,BID
2018-12-17 09:49:44,VZ,56.86,28,ASK
2018-12-17 09:49:46,VZ,56.86,18,BID
2018-12-17 09:49:45,VZ,56.87,19,ASK
2018-12-17 09:49:46,VZ,56.86,19,BID
2018-12-17 09:49:48,VZ,56.87,3,ASK
2018-12-17 09:49:46,VZ,56.86,17,BID
2018-12-17 09:49:50,VZ,56.87,8,ASK
2018-12-17 09:49:51,VZ,56.87,34,BID
2018-12-17 09:49:51,VZ,56.88,12,ASK
2018-12-17 09:49:52,VZ,56.87,16,BID
2018-12-17 09:49:51,VZ,56.88,13,ASK
2018-12-17 09:49:53,VZ,56.85,24,BID
2018-12-17 09:49:54,VZ,56.86,18,ASK
2018-12-17 09:49:55,VZ,56.85,24,BID
2018-12-17 09:49:55,VZ,56.86,18,ASK
2018-12-17 09:49:55,VZ,56.84,30,BID
2018-12-17 09:49:56,VZ,56.85,10,ASK
2018-12-17 09:49:55,VZ,56.84,23,BID
2018-12-17 09:49:56,VZ,56.85,16,ASK
2018-12-17 09:49:55,VZ,56.84,23,BID
2018-12-17 09:49:56,VZ,56.85,15,ASK
2018-12-17 09:49:55,VZ,56.84,23,BID
2018-12-17 09:49:56,VZ,56.85,15,ASK
2018-12-17 09:49:55,VZ,56.84,21,BID
2018-12-17 09:49:56,VZ,56.85,17,ASK
2018-12-17 09:49:55,VZ,56.84,22,BID
2018-12-17 09:49:56,VZ,56.85,15,ASK
2018-12-17 09:49:55,VZ,56.84,12,BID
2018-12-17 09:49:56,VZ,56.85,16,ASK
2018-12-17 09:49:55,VZ,56.84,12,BID
2018-12-17 09:49:56,VZ,56.85,16,ASK
2018-12-17 09:49:55,VZ,56.84,11,BID
2018-12-17 09:49:56,VZ,56.85,16,ASK
2018-12-17 09:49:55,VZ,56.84,11,BID
2018-12-17 09:49:56,VZ,56.85,16,ASK
2018-12-17 09:49:55,VZ,56.84,11,BID
2018-12-17 09:50:06,VZ,56.84,19,ASK
2018-12-17 09:50:06,VZ,56.84,38,BID
2018-12-17 09:49:56,VZ,56.85,13,ASK
2018-12-17 09:50:06,VZ,56.84,38,BID
2018-12-17 09:50:08,VZ,56.85,15,ASK
2018-12-17 09:50:06,VZ,56.84,38,BID
2018-12-17 09:50:08,VZ,56.85,15,ASK
2018-12-17 09:50:10,VZ,56.86,18,BID
2018-12-17 09:50:10,VZ,56.87,32,ASK
2018-12-17 09:50:11,VZ,56.86,20,BID
2018-12-17 09:50:10,VZ,56.87,25,ASK
2018-12-17 09:50:12,VZ,56.86,20,BID
2018-12-17 09:50:10,VZ,56.87,24,ASK
2018-12-17 09:50:12,VZ,56.86,16,BID
2018-12-17 09:50:13,VZ,56.87,24,ASK
2018-12-17 09:50:14,VZ,56.87,21,BID
2018-12-17 09:50:14,VZ,56.88,10,ASK
2018-12-17 09:50:15,VZ,56.87,26,BID
2018-12-17 09:50:14,VZ,56.88,12,ASK
2018-12-17 09:50:15,VZ,56.87,22,BID
2018-12-17 09:50:14,VZ,56.88,14,ASK
2018-12-17 09:50:12,VZ,56.86,17,BID
2018-12-17 09:50:17,VZ,56.87,30,ASK
2018-12-17 09:50:12,VZ,56.86,13,BID
2018-12-17 09:50:18,VZ,56.87,29,ASK
2018-12-17 09:50:12,VZ,56.86,13,BID
2018-12-17 09:50:18,VZ,56.87,27,ASK
2018-12-17 09:50:10,VZ,56.85,25,BID
2018-12-17 09:50:20,VZ,56.86,6,ASK
2018-12-17 09:50:21,VZ,56.85,24,BID
2018-12-17 09:50:20,VZ,56.86,27,ASK
2018-12-17 09:50:21,VZ,56.86,14,BID
2018-12-17 09:50:22,VZ,56.87,31,ASK
2018-12-17 09:50:23,VZ,56.86,6,BID
2018-12-17 09:50:22,VZ,56.87,24,ASK
2018-12-17 09:50:23,VZ,56.86,5,BID
2018-12-17 09:50:23,VZ,56.87,28,ASK
2018-12-17 09:50:23,VZ,56.86,5,BID
2018-12-17 09:50:23,VZ,56.87,27,ASK
2018-12-17 09:50:26,VZ,56.85,17,BID
2018-12-17 09:50:26,VZ,56.86,23,ASK
2018-12-17 09:50:27,VZ,56.85,18,BID
2018-12-17 09:50:27,VZ,56.86,27,ASK
2018-12-17 09:50:27,VZ,56.85,27,BID
2018-12-17 09:50:27,VZ,56.86,13,ASK
2018-12-17 09:50:27,VZ,56.85,27,BID
2018-12-17 09:50:27,VZ,56.86,13,ASK
2018-12-17 09:50:27,VZ,56.85,27,BID
2018-12-17 09:50:27,VZ,56.86,13,ASK
2018-12-17 09:50:27,VZ,56.85,27,BID
2018-12-17 09:50:27,VZ,56.86,13,ASK
2018-12-17 09:50:27,VZ,56.85,15,BID
2018-12-17 09:50:32,VZ,56.86,19,ASK
2018-12-17 09:50:33,VZ,56.86,23,BID
2018-12-17 09:50:23,VZ,56.87,28,ASK
2018-12-17 09:50:33,VZ,56.86,17,BID
2018-12-17 09:50:34,VZ,56.87,27,ASK
2018-12-17 09:50:33,VZ,56.86,16,BID
2018-12-17 09:50:34,VZ,56.87,36,ASK
2018-12-17 09:50:33,VZ,56.86,14,BID
2018-12-17 09:50:34,VZ,56.87,29,ASK
2018-12-17 09:50:33,VZ,56.86,15,BID
2018-12-17 09:50:34,VZ,56.87,29,ASK
2018-12-17 09:50:33,VZ,56.86,15,BID
2018-12-17 09:50:34,VZ,56.87,29,ASK
2018-12-17 09:50:27,VZ,56.85,17,BID
2018-12-17 09:50:38,VZ,56.86,31,ASK
2018-12-17 09:50:27,VZ,56.85,17,BID
2018-12-17 09:50:38,VZ,56.86,29,ASK
2018-12-17 09:50:27,VZ,56.85,17,BID
2018-12-17 09:50:38,VZ,56.86,29,ASK
2018-12-17 09:50:41,VZ,56.84,24,BID
2018-12-17 09:50:42,VZ,56.85,20,ASK
2018-12-17 09:50:43,VZ,56.85,9,BID
2018-12-17 09:50:38,VZ,56.86,23,ASK
2018-12-17 09:50:44,VZ,56.85,34,BID
2018-12-17 09:50:38,VZ,56.86,19,ASK
2018-12-17 09:50:45,VZ,56.86,15,BID
2018-12-17 09:50:34,VZ,56.87,34,ASK
2018-12-17 09:50:46,VZ,56.87,36,BID
2018-12-17 09:50:46,VZ,56.88,14,ASK
2018-12-17 09:50:46,VZ,56.87,35,BID
2018-12-17 09:50:46,VZ,56.88,14,ASK
2018-12-17 09:50:47,VZ,56.87,35,BID
2018-12-17 09:50:47,VZ,56.88,14,ASK
2018-12-17 09:50:48,VZ,56.87,29,BID
2018-12-17 09:50:47,VZ,56.88,17,ASK
2018-12-17 09:50:50,VZ,56.88,3,BID
2018-12-17 09:50:50,VZ,56.89,27,ASK
2018-12-17 09:50:51,VZ,56.89,11,BID
2018-12-17 09:50:51,VZ,56.9,23,ASK
2018-12-17 09:50:52,VZ,56.89,9,BID
2018-12-17 09:50:52,VZ,56.9,24,ASK
2018-12-17 09:50:52,VZ,56.89,9,BID
2018-12-17 09:50:53,VZ,56.9,22,ASK
2018-12-17 09:50:54,VZ,56.87,16,BID
2018-12-17 09:50:54,VZ,56.88,24,ASK
2018-12-17 09:50:54,VZ,56.87,16,BID
2018-12-17 09:50:54,VZ,56.88,24,ASK
2018-12-17 09:50:54,VZ,56.87,16,BID
2018-12-17 09:50:54,VZ,56.88,24,ASK
2018-12-17 09:50:55,VZ,56.86,3,BID
2018-12-17 09:50:55,VZ,56.87,11,ASK
2018-12-17 09:50:44,VZ,56.85,33,BID
2018-12-17 09:50:58,VZ,56.86,17,ASK
2018-12-17 09:50:44,VZ,56.85,33,BID
2018-12-17 09:50:59,VZ,56.86,14,ASK
2018-12-17 09:50:44,VZ,56.85,34,BID
2018-12-17 09:51:00,VZ,56.86,10,ASK
2018-12-17 09:50:44,VZ,56.85,34,BID
2018-12-17 09:51:00,VZ,56.86,10,ASK
2018-12-17 09:50:44,VZ,56.85,34,BID
2018-12-17 09:51:01,VZ,56.86,20,ASK
2018-12-17 09:50:44,VZ,56.85,34,BID
2018-12-17 09:51:01,VZ,56.86,23,ASK
2018-12-17 09:50:44,VZ,56.85,34,BID
2018-12-17 09:51:01,VZ,56.86,23,ASK
2018-12-17 09:51:05,VZ,56.84,8,BID
2018-12-17 09:51:05,VZ,56.85,32,ASK
2018-12-17 09:51:06,VZ,56.83,1,BID
2018-12-17 09:51:06,VZ,56.84,16,ASK
2018-12-17 09:51:06,VZ,56.82,18,BID
2018-12-17 09:51:07,VZ,56.83,15,ASK
2018-12-17 09:49:31,VZ,56.81,20,BID
2018-12-17 09:51:08,VZ,56.82,15,ASK
2018-12-17 09:51:09,VZ,56.81,9,BID
2018-12-17 09:51:09,VZ,56.82,20,ASK
2018-12-17 09:51:09,VZ,56.81,9,BID
2018-12-17 09:51:10,VZ,56.82,18,ASK
2018-12-17 09:51:09,VZ,56.81,10,BID
2018-12-17 09:51:11,VZ,56.82,24,ASK
2018-12-17 09:51:12,VZ,56.8,20,BID
2018-12-17 09:51:12,VZ,56.81,15,ASK
2018-12-17 09:51:13,VZ,56.81,27,BID
2018-12-17 09:51:13,VZ,56.82,21,ASK
2018-12-17 09:51:14,VZ,56.81,18,BID
2018-12-17 09:51:14,VZ,56.82,15,ASK
2018-12-17 09:51:14,VZ,56.82,20,BID
2018-12-17 09:51:06,VZ,56.83,16,ASK
2018-12-17 09:51:15,VZ,56.81,13,BID
2018-12-17 09:51:15,VZ,56.81,13,ASK
2018-12-17 09:51:16,VZ,56.8,11,BID
2018-12-17 09:51:16,VZ,56.81,26,ASK
2018-12-17 09:51:17,VZ,56.81,21,BID
2018-12-17 09:51:17,VZ,56.82,21,ASK
2018-12-17 09:51:18,VZ,56.82,34,BID
2018-12-17 09:51:18,VZ,56.83,12,ASK
2018-12-17 09:51:18,VZ,56.83,17,BID
2018-12-17 09:51:19,VZ,56.84,14,ASK
2018-12-17 09:51:19,VZ,56.83,24,BID
2018-12-17 09:51:20,VZ,56.84,13,ASK
2018-12-17 09:51:21,VZ,56.83,16,BID
2018-12-17 09:51:20,VZ,56.84,15,ASK
2018-12-17 09:51:21,VZ,56.83,15,BID
2018-12-17 09:51:20,VZ,56.84,17,ASK
2018-12-17 09:51:24,VZ,56.83,14,BID
2018-12-17 09:51:20,VZ,56.84,17,ASK
2018-12-17 09:51:24,VZ,56.83,11,BID
2018-12-17 09:51:20,VZ,56.84,17,ASK
2018-12-17 09:51:26,VZ,56.83,12,BID
2018-12-17 09:51:20,VZ,56.84,15,ASK
2018-12-17 09:51:27,VZ,56.83,14,BID
2018-12-17 09:51:20,VZ,56.84,18,ASK
2018-12-17 09:51:28,VZ,56.83,8,BID
2018-12-17 09:51:20,VZ,56.84,17,ASK
2018-12-17 09:51:29,VZ,56.83,8,BID
2018-12-17 09:51:20,VZ,56.84,25,ASK
2018-12-17 09:51:30,VZ,56.83,19,BID
2018-12-17 09:51:30,VZ,56.84,22,ASK
2018-12-17 09:51:31,VZ,56.85,18,BID
2018-12-17 09:51:03,VZ,56.86,20,ASK
2018-12-17 09:51:31,VZ,56.85,10,BID
2018-12-17 09:51:31,VZ,56.86,18,ASK
2018-12-17 09:51:31,VZ,56.85,11,BID
2018-12-17 09:51:31,VZ,56.86,18,ASK
2018-12-17 09:51:33,VZ,56.85,18,BID
2018-12-17 09:51:33,VZ,56.86,15,ASK
2018-12-17 09:51:31,VZ,56.84,21,BID
2018-12-17 09:51:34,VZ,56.85,17,ASK
2018-12-17 09:51:36,VZ,56.83,15,BID
2018-12-17 09:51:36,VZ,56.84,26,ASK
2018-12-17 09:51:36,VZ,56.83,14,BID
2018-12-17 09:51:36,VZ,56.84,26,ASK
2018-12-17 09:51:38,VZ,56.83,15,BID
2018-12-17 09:51:36,VZ,56.84,25,ASK
2018-12-17 09:51:38,VZ,56.83,15,BID
2018-12-17 09:51:36,VZ,56.84,25,ASK
2018-12-17 09:51:38,VZ,56.83,15,BID
2018-12-17 09:51:36,VZ,56.84,25,ASK
2018-12-17 09:51:38,VZ,56.83,15,BID
2018-12-17 09:51:41,VZ,56.84,23,ASK
2018-12-17 09:51:38,VZ,56.83,24,BID
2018-12-17 09:51:42,VZ,56.84,15,ASK
2018-12-17 09:51:38,VZ,56.83,23,BID
2018-12-17 09:51:43,VZ,56.84,17,ASK
2018-12-17 09:51:38,VZ,56.83,23,BID
2018-12-17 09:51:43,VZ,56.84,19,ASK
2018-12-17 09:51:45,VZ,56.84,15,BID
2018-12-17 09:51:34,VZ,56.85,25,ASK
2018-12-17 09:51:46,VZ,56.84,15,BID
2018-12-17 09:51:34,VZ,56.85,26,ASK
2018-12-17 09:51:47,VZ,56.84,12,BID
2018-12-17 09:51:34,VZ,56.85,27,ASK
2018-12-17 09:51:48,VZ,56.84,12,BID
2018-12-17 09:51:34,VZ,56.85,26,ASK
2018-12-17 09:51:49,VZ,56.84,22,BID
2018-12-17 09:51:34,VZ,56.85,24,ASK
2018-12-17 09:51:50,VZ,56.84,22,BID
2018-12-17 09:51:34,VZ,56.85,23,ASK
2018-12-17 09:51:51,VZ,56.84,22,BID
2018-12-17 09:51:34,VZ,56.85,24,ASK
2018-12-17 09:51:52,VZ,56.84,23,BID
2018-12-17 09:51:34,VZ,56.85,24,ASK
2018-12-17 09:51:53,VZ,56.85,25,BID
2018-12-17 09:51:53,VZ,56.86,15,ASK
2018-12-17 09:51:53,VZ,56.85,26,BID
2018-12-17 09:51:54,VZ,56.86,15,ASK
2018-12-17 09:51:53,VZ,56.85,26,BID
2018-12-17 09:51:54,VZ,56.86,15,ASK
2018-12-17 09:51:56,VZ,56.87,9,BID
2018-12-17 09:51:56,VZ,56.88,18,ASK
2018-12-17 09:51:57,VZ,56.88,30,BID
2018-12-17 09:50:54,VZ,56.89,26,ASK
2018-12-17 09:51:58,VZ,56.87,14,BID
2018-12-17 09:51:58,VZ,56.88,8,ASK
2018-12-17 09:52:00,VZ,56.87,24,BID
2018-12-17 09:52:00,VZ,56.88,8,ASK
2018-12-17 09:52:00,VZ,56.87,17,BID
2018-12-17 09:52:00,VZ,56.88,10,ASK
2018-12-17 09:52:00,VZ,56.87,15,BID
2018-12-17 09:52:00,VZ,56.88,10,ASK
2018-12-17 09:52:00,VZ,56.87,23,BID
2018-12-17 09:52:01,VZ,56.88,10,ASK
2018-12-17 09:52:00,VZ,56.87,23,BID
2018-12-17 09:52:02,VZ,56.88,10,ASK
2018-12-17 09:52:00,VZ,56.87,22,BID
2018-12-17 09:52:03,VZ,56.88,10,ASK
2018-12-17 09:52:00,VZ,56.87,22,BID
2018-12-17 09:52:03,VZ,56.88,10,ASK
2018-12-17 09:52:00,VZ,56.87,19,BID
2018-12-17 09:52:06,VZ,56.88,19,ASK
2018-12-17 09:52:00,VZ,56.87,19,BID
2018-12-17 09:52:06,VZ,56.88,19,ASK
2018-12-17 09:52:00,VZ,56.87,19,BID
2018-12-17 09:52:06,VZ,56.88,19,ASK
2018-12-17 09:52:00,VZ,56.87,19,BID
2018-12-17 09:52:06,VZ,56.88,19,ASK
2018-12-17 09:51:56,VZ,56.85,30,BID
2018-12-17 09:52:10,VZ,56.86,31,ASK
2018-12-17 09:52:11,VZ,56.85,27,BID
2018-12-17 09:52:10,VZ,56.86,28,ASK
2018-12-17 09:52:12,VZ,56.85,26,BID
2018-12-17 09:52:12,VZ,56.86,25,ASK
2018-12-17 09:52:13,VZ,56.86,12,BID
2018-12-17 09:52:13,VZ,56.87,32,ASK
2018-12-17 09:52:13,VZ,56.86,11,BID
2018-12-17 09:52:14,VZ,56.87,38,ASK
2018-12-17 09:52:12,VZ,56.85,27,BID
2018-12-17 09:52:16,VZ,56.86,16,ASK
2018-12-17 09:52:16,VZ,56.84,17,BID
2018-12-17 09:52:16,VZ,56.85,23,ASK
2018-12-17 09:52:17,VZ,56.84,18,BID
2018-12-17 09:52:16,VZ,56.85,23,ASK
2018-12-17 09:52:18,VZ,56.83,26,BID
2018-12-17 09:52:18,VZ,56.84,21,ASK
2018-12-17 09:52:19,VZ,56.83,13,BID
2018-12-17 09:52:18,VZ,56.84,23,ASK
2018-12-17 09:52:20,VZ,56.83,15,BID
2018-12-17 09:52:18,VZ,56.84,21,ASK
2018-12-17 09:52:21,VZ,56.83,31,BID
2018-12-17 09:52:18,VZ,56.84,23,ASK
2018-12-17 09:52:22,VZ,56.83,18,BID
2018-12-17 09:52:18,VZ,56.84,23,ASK
2018-12-17 09:52:23,VZ,56.83,20,BID
2018-12-17 09:52:18,VZ,56.84,23,ASK
2018-12-17 09:52:24,VZ,56.83,22,BID
2018-12-17 09:52:18,VZ,56.84,23,ASK
2018-12-17 09:52:24,VZ,56.83,22,BID
2018-12-17 09:52:18,VZ,56.84,23,ASK
2018-12-17 09:52:24,VZ,56.83,22,BID
2018-12-17 09:52:18,VZ,56.84,23,ASK
2018-12-17 09:52:27,VZ,56.84,23,BID
2018-12-17 09:52:27,VZ,56.85,15,ASK
2018-12-17 09:52:28,VZ,56.84,25,BID
2018-12-17 09:52:28,VZ,56.85,7,ASK
2018-12-17 09:52:30,VZ,56.84,19,BID
2018-12-17 09:52:30,VZ,56.85,14,ASK
2018-12-17 09:52:30,VZ,56.84,26,BID
2018-12-17 09:52:30,VZ,56.85,14,ASK
2018-12-17 09:52:30,VZ,56.84,25,BID
2018-12-17 09:52:30,VZ,56.85,14,ASK
2018-12-17 09:52:27,VZ,56.83,25,BID
2018-12-17 09:52:32,VZ,56.84,9,ASK
2018-12-17 09:51:17,VZ,56.81,16,BID
2018-12-17 09:52:33,VZ,56.82,28,ASK
2018-12-17 09:52:35,VZ,56.82,6,BID
2018-12-17 09:52:34,VZ,56.83,27,ASK
2018-12-17 09:52:36,VZ,56.82,5,BID
2018-12-17 09:52:34,VZ,56.83,28,ASK
2018-12-17 09:51:17,VZ,56.81,21,BID
2018-12-17 09:52:36,VZ,56.82,15,ASK
2018-12-17 09:52:37,VZ,56.81,11,BID
2018-12-17 09:52:37,VZ,56.82,15,ASK
2018-12-17 09:52:39,VZ,56.81,9,BID
2018-12-17 09:52:37,VZ,56.82,20,ASK
2018-12-17 09:52:39,VZ,56.81,9,BID
2018-12-17 09:52:37,VZ,56.82,23,ASK
2018-12-17 09:52:39,VZ,56.81,9,BID
2018-12-17 09:52:37,VZ,56.82,23,ASK
2018-12-17 09:52:39,VZ,56.81,9,BID
2018-12-17 09:52:37,VZ,56.82,23,ASK
2018-12-17 09:52:39,VZ,56.81,23,BID
2018-12-17 09:52:37,VZ,56.82,10,ASK
2018-12-17 09:52:39,VZ,56.81,23,BID
2018-12-17 09:52:43,VZ,56.82,9,ASK
2018-12-17 09:52:45,VZ,56.82,1,BID
2018-12-17 09:52:45,VZ,56.83,25,ASK
2018-12-17 09:52:45,VZ,56.82,2,BID
2018-12-17 09:52:45,VZ,56.82,1,ASK
2018-12-17 09:52:47,VZ,56.82,20,BID
2018-12-17 09:52:45,VZ,56.83,22,ASK
2018-12-17 09:52:48,VZ,56.82,19,BID
2018-12-17 09:52:47,VZ,56.83,25,ASK
2018-12-17 09:52:49,VZ,56.82,13,BID
2018-12-17 09:52:47,VZ,56.83,25,ASK
2018-12-17 09:52:49,VZ,56.82,5,BID
2018-12-17 09:52:47,VZ,56.83,25,ASK
2018-12-17 09:52:50,VZ,56.82,19,BID
2018-12-17 09:52:51,VZ,56.83,24,ASK
2018-12-17 09:52:50,VZ,56.82,19,BID
2018-12-17 09:52:51,VZ,56.83,26,ASK
2018-12-17 09:52:50,VZ,56.82,19,BID
2018-12-17 09:52:51,VZ,56.83,26,ASK
2018-12-17 09:52:50,VZ,56.82,19,BID
2018-12-17 09:52:51,VZ,56.83,21,ASK
2018-12-17 09:52:50,VZ,56.82,19,BID
2018-12-17 09:52:51,VZ,56.83,21,ASK
2018-12-17 09:52:46,VZ,56.81,19,BID
2018-12-17 09:52:56,VZ,56.82,1,ASK
2018-12-17 09:52:56,VZ,56.82,5,BID
2018-12-17 09:52:56,VZ,56.83,25,ASK
2018-12-17 09:52:57,VZ,56.82,4,BID
2018-12-17 09:52:57,VZ,56.82,5,ASK
2018-12-17 09:52:58,VZ,56.82,1,BID
2018-12-17 09:52:57,VZ,56.83,22,ASK
2018-12-17 09:53:00,VZ,56.82,8,BID
2018-12-17 09:53:00,VZ,56.83,21,ASK
2018-12-17 09:53:01,VZ,56.82,8,BID
2018-12-17 09:53:00,VZ,56.83,21,ASK
2018-12-17 09:53:02,VZ,56.82,9,BID
2018-12-17 09:53:02,VZ,56.83,20,ASK
2018-12-17 09:53:03,VZ,56.83,9,BID
2018-12-17 09:53:03,VZ,56.83,16,ASK
2018-12-17 09:53:04,VZ,56.84,12,BID
2018-12-17 09:52:30,VZ,56.85,14,ASK
2018-12-17 09:53:04,VZ,56.85,31,BID
2018-12-17 09:52:28,VZ,56.86,16,ASK
2018-12-17 09:53:05,VZ,56.85,30,BID
2018-12-17 09:52:28,VZ,56.86,16,ASK
2018-12-17 09:53:05,VZ,56.85,30,BID
2018-12-17 09:52:28,VZ,56.86,16,ASK
2018-12-17 09:53:05,VZ,56.85,28,BID
2018-12-17 09:52:28,VZ,56.86,16,ASK
2018-12-17 09:53:08,VZ,56.84,15,BID
2018-12-17 09:53:09,VZ,56.85,31,ASK
2018-12-17 09:53:08,VZ,56.84,15,BID
2018-12-17 09:53:09,VZ,56.85,40,ASK
2018-12-17 09:53:11,VZ,56.83,25,BID
2018-12-17 09:53:11,VZ,56.84,31,ASK
2018-12-17 09:53:03,VZ,56.82,18,BID
2018-12-17 09:53:11,VZ,56.83,21,ASK
2018-12-17 09:53:12,VZ,56.82,20,BID
2018-12-17 09:53:12,VZ,56.83,21,ASK
2018-12-17 09:53:13,VZ,56.82,20,BID
2018-12-17 09:53:13,VZ,56.83,20,ASK
2018-12-17 09:53:15,VZ,56.81,15,BID
2018-12-17 09:53:15,VZ,56.82,4,ASK
2018-12-17 09:53:15,VZ,56.81,15,BID
2018-12-17 09:53:15,VZ,56.82,4,ASK
2018-12-17 09:53:17,VZ,56.82,22,BID
2018-12-17 09:53:17,VZ,56.83,19,ASK
2018-12-17 09:53:17,VZ,56.82,29,BID
2018-12-17 09:53:17,VZ,56.83,13,ASK
2018-12-17 09:53:18,VZ,56.83,10,BID
2018-12-17 09:53:18,VZ,56.84,38,ASK
2018-12-17 09:53:18,VZ,56.83,15,BID
2018-12-17 09:53:18,VZ,56.84,12,ASK
2018-12-17 09:53:18,VZ,56.83,15,BID
2018-12-17 09:53:18,VZ,56.84,19,ASK
2018-12-17 09:53:19,VZ,56.84,13,BID
2018-12-17 09:53:19,VZ,56.85,36,ASK
2018-12-17 09:53:19,VZ,56.84,26,BID
2018-12-17 09:53:19,VZ,56.85,30,ASK
2018-12-17 09:53:19,VZ,56.83,17,BID
2018-12-17 09:53:22,VZ,56.84,27,ASK
2018-12-17 09:53:25,VZ,56.82,22,BID
2018-12-17 09:53:25,VZ,56.83,24,ASK
2018-12-17 09:53:25,VZ,56.82,19,BID
2018-12-17 09:53:26,VZ,56.83,25,ASK
2018-12-17 09:53:27,VZ,56.81,17,BID
2018-12-17 09:53:26,VZ,56.82,19,ASK
2018-12-17 09:53:28,VZ,56.81,13,BID
2018-12-17 09:53:26,VZ,56.82,20,ASK
2018-12-17 09:53:28,VZ,56.81,13,BID
2018-12-17 09:53:26,VZ,56.82,19,ASK
2018-12-17 09:53:29,VZ,56.8,11,BID
2018-12-17 09:53:29,VZ,56.81,25,ASK
2018-12-17 09:53:30,VZ,56.8,9,BID
2018-12-17 09:53:29,VZ,56.81,25,ASK
2018-12-17 09:53:31,VZ,56.79,14,BID
2018-12-17 09:53:31,VZ,56.8,23,ASK
2018-12-17 09:53:32,VZ,56.79,12,BID
2018-12-17 09:53:32,VZ,56.8,22,ASK
2018-12-17 09:53:33,VZ,56.78,27,BID
2018-12-17 09:53:33,VZ,56.79,16,ASK
2018-12-17 09:47:34,VZ,56.77,20,BID
2018-12-17 09:53:34,VZ,56.78,24,ASK
2018-12-17 09:53:35,VZ,56.76,19,BID
2018-12-17 09:53:35,VZ,56.77,11,ASK
2018-12-17 09:53:35,VZ,56.76,19,BID
2018-12-17 09:53:35,VZ,56.77,9,ASK
2018-12-17 09:53:36,VZ,56.76,15,BID
2018-12-17 09:53:36,VZ,56.77,9,ASK
2018-12-17 09:53:38,VZ,56.76,26,BID
2018-12-17 09:53:36,VZ,56.77,13,ASK
2018-12-17 09:53:39,VZ,56.76,22,BID
2018-12-17 09:53:39,VZ,56.77,19,ASK
2018-12-17 09:53:39,VZ,56.76,17,BID
2018-12-17 09:53:40,VZ,56.77,17,ASK
2018-12-17 09:53:39,VZ,56.76,9,BID
2018-12-17 09:53:40,VZ,56.77,18,ASK
2018-12-17 09:53:39,VZ,56.76,15,BID
2018-12-17 09:53:43,VZ,56.77,15,ASK
2018-12-17 09:53:39,VZ,56.76,14,BID
2018-12-17 09:53:44,VZ,56.77,24,ASK
2018-12-17 09:53:39,VZ,56.76,14,BID
2018-12-17 09:53:44,VZ,56.77,21,ASK
2018-12-17 09:53:39,VZ,56.76,14,BID
2018-12-17 09:53:45,VZ,56.77,28,ASK
2018-12-17 09:53:39,VZ,56.76,14,BID
2018-12-17 09:53:45,VZ,56.77,28,ASK
2018-12-17 09:53:39,VZ,56.76,15,BID
2018-12-17 09:53:48,VZ,56.77,27,ASK
2018-12-17 09:53:49,VZ,56.75,27,BID
2018-12-17 09:53:49,VZ,56.76,22,ASK
2018-12-17 09:53:50,VZ,56.76,7,BID
2018-12-17 09:53:50,VZ,56.77,28,ASK
2018-12-17 09:53:51,VZ,56.76,7,BID
2018-12-17 09:53:51,VZ,56.77,33,ASK
2018-12-17 09:53:51,VZ,56.76,6,BID
2018-12-17 09:53:52,VZ,56.77,35,ASK
2018-12-17 09:53:51,VZ,56.76,10,BID
2018-12-17 09:53:52,VZ,56.77,35,ASK
2018-12-17 09:53:51,VZ,56.76,10,BID
2018-12-17 09:53:53,VZ,56.77,34,ASK
2018-12-17 09:53:51,VZ,56.76,12,BID
2018-12-17 09:53:53,VZ,56.77,34,ASK
2018-12-17 09:53:55,VZ,56.76,14,BID
2018-12-17 09:53:55,VZ,56.77,22,ASK
2018-12-17 09:53:57,VZ,56.76,22,BID
2018-12-17 09:53:56,VZ,56.77,20,ASK
2018-12-17 09:53:57,VZ,56.76,6,BID
2018-12-17 09:53:57,VZ,56.77,17,ASK
2018-12-17 09:53:58,VZ,56.76,1,BID
2018-12-17 09:53:58,VZ,56.77,22,ASK
2018-12-17 09:54:00,VZ,56.75,31,BID
2018-12-17 09:54:00,VZ,56.76,7,ASK
2018-12-17 09:54:01,VZ,56.76,6,BID
2018-12-17 09:53:58,VZ,56.77,21,ASK
2018-12-17 09:54:02,VZ,56.75,30,BID
2018-12-17 09:54:02,VZ,56.76,11,ASK
2018-12-17 09:54:02,VZ,56.75,30,BID
2018-12-17 09:54:02,VZ,56.76,11,ASK
2018-12-17 09:54:04,VZ,56.76,21,BID
2018-12-17 09:54:04,VZ,56.77,18,ASK
2018-12-17 09:54:04,VZ,56.76,19,BID
2018-12-17 09:54:04,VZ,56.77,40,ASK
2018-12-17 09:54:06,VZ,56.74,17,BID
2018-12-17 09:54:06,VZ,56.75,15,ASK
2018-12-17 09:54:06,VZ,56.74,17,BID
2018-12-17 09:54:06,VZ,56.75,17,ASK
2018-12-17 09:54:07,VZ,56.74,43,BID
2018-12-17 09:54:06,VZ,56.75,16,ASK
2018-12-17 09:54:08,VZ,56.73,19,BID
2018-12-17 09:54:08,VZ,56.74,20,ASK
2018-12-17 09:54:09,VZ,56.74,33,BID
2018-12-17 09:54:09,VZ,56.74,9,ASK
2018-12-17 09:54:09,VZ,56.73,28,BID
2018-12-17 09:54:09,VZ,56.74,29,ASK
2018-12-17 09:54:10,VZ,56.74,17,BID
2018-12-17 09:54:06,VZ,56.75,27,ASK
2018-12-17 09:54:11,VZ,56.74,26,BID
2018-12-17 09:54:06,VZ,56.75,34,ASK
2018-12-17 09:54:12,VZ,56.74,26,BID
2018-12-17 09:54:12,VZ,56.75,31,ASK
2018-12-17 09:54:13,VZ,56.73,15,BID
2018-12-17 09:54:13,VZ,56.74,18,ASK
2018-12-17 09:54:15,VZ,56.73,16,BID
2018-12-17 09:54:15,VZ,56.74,16,ASK
2018-12-17 09:54:15,VZ,56.73,21,BID
2018-12-17 09:54:15,VZ,56.74,14,ASK
2018-12-17 09:54:17,VZ,56.73,14,BID
2018-12-17 09:54:17,VZ,56.74,15,ASK
2018-12-17 09:54:17,VZ,56.73,21,BID
2018-12-17 09:54:18,VZ,56.74,9,ASK
2018-12-17 09:54:19,VZ,56.71,52,BID
2018-12-17 09:54:19,VZ,56.72,23,ASK
2018-12-17 09:54:20,VZ,56.71,52,BID
2018-12-17 09:54:19,VZ,56.72,19,ASK
2018-12-17 09:54:22,VZ,56.71,52,BID
2018-12-17 09:54:22,VZ,56.72,23,ASK
2018-12-17 09:54:23,VZ,56.71,53,BID
2018-12-17 09:54:22,VZ,56.72,23,ASK
2018-12-17 09:54:23,VZ,56.71,53,BID
2018-12-17 09:54:22,VZ,56.72,23,ASK
2018-12-17 09:54:25,VZ,56.71,53,BID
2018-12-17 09:54:22,VZ,56.72,23,ASK
2018-12-17 09:54:26,VZ,56.71,53,BID
2018-12-17 09:54:26,VZ,56.72,23,ASK
2018-12-17 09:54:27,VZ,56.71,52,BID
2018-12-17 09:54:27,VZ,56.72,22,ASK
2018-12-17 09:54:28,VZ,56.71,52,BID
2018-12-17 09:54:27,VZ,56.72,26,ASK
2018-12-17 09:54:28,VZ,56.71,53,BID
2018-12-17 09:54:27,VZ,56.72,26,ASK
2018-12-17 09:54:30,VZ,56.72,18,BID
2018-12-17 09:54:30,VZ,56.73,29,ASK
2018-12-17 09:54:30,VZ,56.72,18,BID
2018-12-17 09:54:30,VZ,56.73,29,ASK
2018-12-17 09:54:32,VZ,56.72,16,BID
2018-12-17 09:54:32,VZ,56.73,29,ASK
2018-12-17 09:54:32,VZ,56.72,13,BID
2018-12-17 09:54:33,VZ,56.73,29,ASK
2018-12-17 09:54:34,VZ,56.72,26,BID
2018-12-17 09:54:34,VZ,56.73,29,ASK
2018-12-17 09:54:34,VZ,56.72,24,BID
2018-12-17 09:54:35,VZ,56.73,21,ASK
2018-12-17 09:54:36,VZ,56.73,30,BID
2018-12-17 09:54:36,VZ,56.74,17,ASK
2018-12-17 09:54:37,VZ,56.74,23,BID
2018-12-17 09:54:37,VZ,56.75,25,ASK
2018-12-17 09:54:38,VZ,56.74,20,BID
2018-12-17 09:54:37,VZ,56.75,24,ASK
2018-12-17 09:54:39,VZ,56.75,28,BID
2018-12-17 09:54:39,VZ,56.76,13,ASK
2018-12-17 09:54:39,VZ,56.75,22,BID
2018-12-17 09:54:40,VZ,56.76,14,ASK
2018-12-17 09:54:41,VZ,56.75,25,BID
2018-12-17 09:54:41,VZ,56.76,12,ASK
2018-12-17 09:54:42,VZ,56.77,25,BID
2018-12-17 09:54:42,VZ,56.78,25,ASK
2018-12-17 09:54:43,VZ,56.77,24,BID
2018-12-17 09:54:43,VZ,56.78,25,ASK
2018-12-17 09:54:44,VZ,56.77,23,BID
2018-12-17 09:54:44,VZ,56.78,8,ASK
2018-12-17 09:54:45,VZ,56.77,24,BID
2018-12-17 09:54:44,VZ,56.78,12,ASK
2018-12-17 09:54:46,VZ,56.77,24,BID
2018-12-17 09:54:46,VZ,56.78,11,ASK
2018-12-17 09:54:47,VZ,56.77,26,BID
2018-12-17 09:54:47,VZ,56.78,11,ASK
2018-12-17 09:54:47,VZ,56.77,33,BID
2018-12-17 09:54:48,VZ,56.78,11,ASK
2018-12-17 09:54:47,VZ,56.77,32,BID
2018-12-17 09:54:49,VZ,56.78,12,ASK
2018-12-17 09:54:50,VZ,56.78,19,BID
2018-12-17 09:54:50,VZ,56.79,17,ASK
2018-12-17 09:54:51,VZ,56.78,8,BID
2018-12-17 09:54:51,VZ,56.79,21,ASK
2018-12-17 09:54:51,VZ,56.78,8,BID
2018-12-17 09:54:51,VZ,56.79,21,ASK
2018-12-17 09:54:51,VZ,56.78,7,BID
2018-12-17 09:54:51,VZ,56.79,19,ASK
2018-12-17 09:54:54,VZ,56.78,19,BID
2018-12-17 09:54:53,VZ,56.79,15,ASK
2018-12-17 09:54:55,VZ,56.77,25,BID
2018-12-17 09:54:55,VZ,56.78,21,ASK
2018-12-17 09:54:56,VZ,56.76,25,BID
2018-12-17 09:54:56,VZ,56.77,22,ASK
2018-12-17 09:54:57,VZ,56.76,25,BID
2018-12-17 09:54:57,VZ,56.77,22,ASK
2018-12-17 09:54:57,VZ,56.76,25,BID
2018-12-17 09:54:57,VZ,56.77,22,ASK
2018-12-17 09:54:57,VZ,56.76,19,BID
2018-12-17 09:54:57,VZ,56.77,24,ASK
2018-12-17 09:54:57,VZ,56.76,15,BID
2018-12-17 09:55:00,VZ,56.77,23,ASK
2018-12-17 09:55:01,VZ,56.78,32,BID
2018-12-17 09:54:53,VZ,56.79,17,ASK
2018-12-17 09:55:01,VZ,56.78,21,BID
2018-12-17 09:54:53,VZ,56.79,17,ASK
2018-12-17 09:55:01,VZ,56.79,22,BID
2018-12-17 09:55:01,VZ,56.8,11,ASK
2018-12-17 09:55:02,VZ,56.8,9,BID
2018-12-17 09:53:29,VZ,56.81,27,ASK
2018-12-17 09:55:03,VZ,56.8,7,BID
2018-12-17 09:53:29,VZ,56.81,27,ASK
2018-12-17 09:55:03,VZ,56.8,7,BID
2018-12-17 09:53:29,VZ,56.81,27,ASK
2018-12-17 09:55:03,VZ,56.8,7,BID
2018-12-17 09:53:29,VZ,56.81,27,ASK
2018-12-17 09:55:04,VZ,56.8,13,BID
2018-12-17 09:55:04,VZ,56.81,15,ASK
2018-12-17 09:55:05,VZ,56.8,12,BID
2018-12-17 09:55:04,VZ,56.81,12,ASK
2018-12-17 09:55:06,VZ,56.79,19,BID
2018-12-17 09:55:08,VZ,56.8,14,ASK
2018-12-17 09:55:06,VZ,56.79,15,BID
2018-12-17 09:55:08,VZ,56.8,19,ASK
2018-12-17 09:55:10,VZ,56.79,17,BID
2018-12-17 09:55:10,VZ,56.8,14,ASK
2018-12-17 09:55:10,VZ,56.79,19,BID
2018-12-17 09:55:12,VZ,56.8,3,ASK
2018-12-17 09:55:14,VZ,56.79,19,BID
2018-12-17 09:55:13,VZ,56.8,10,ASK
2018-12-17 09:55:14,VZ,56.79,19,BID
2018-12-17 09:55:13,VZ,56.8,10,ASK
2018-12-17 09:55:14,VZ,56.79,19,BID
2018-12-17 09:55:13,VZ,56.8,10,ASK
2018-12-17 09:55:17,VZ,56.8,13,BID
2018-12-17 09:55:05,VZ,56.81,11,ASK
2018-12-17 09:55:18,VZ,56.8,3,BID
2018-12-17 09:55:05,VZ,56.81,11,ASK
2018-12-17 09:55:19,VZ,56.79,26,BID
2018-12-17 09:55:19,VZ,56.8,6,ASK
2018-12-17 09:55:20,VZ,56.79,13,BID
2018-12-17 09:55:20,VZ,56.8,17,ASK
2018-12-17 09:55:21,VZ,56.79,12,BID
2018-12-17 09:55:21,VZ,56.8,16,ASK
2018-12-17 09:55:22,VZ,56.79,12,BID
2018-12-17 09:55:21,VZ,56.8,15,ASK
2018-12-17 09:55:22,VZ,56.79,11,BID
2018-12-17 09:55:21,VZ,56.8,16,ASK
2018-12-17 09:55:24,VZ,56.79,8,BID
2018-12-17 09:55:24,VZ,56.8,19,ASK
2018-12-17 09:55:24,VZ,56.79,8,BID
2018-12-17 09:55:25,VZ,56.8,24,ASK
2018-12-17 09:55:26,VZ,56.78,16,BID
2018-12-17 09:55:26,VZ,56.79,32,ASK
2018-12-17 09:55:27,VZ,56.78,17,BID
2018-12-17 09:55:26,VZ,56.79,26,ASK
2018-12-17 09:55:28,VZ,56.78,7,BID
2018-12-17 09:55:26,VZ,56.79,27,ASK
2018-12-17 09:55:30,VZ,56.78,9,BID
2018-12-17 09:55:26,VZ,56.79,28,ASK
2018-12-17 09:55:30,VZ,56.79,6,BID
2018-12-17 09:55:30,VZ,56.8,26,ASK
2018-12-17 09:55:30,VZ,56.79,7,BID
2018-12-17 09:55:30,VZ,56.8,26,ASK
2018-12-17 09:55:32,VZ,56.79,17,BID
2018-12-17 09:55:32,VZ,56.8,19,ASK
2018-12-17 09:55:32,VZ,56.79,15,BID
2018-12-17 09:55:33,VZ,56.8,19,ASK
2018-12-17 09:55:32,VZ,56.79,15,BID
2018-12-17 09:55:33,VZ,56.8,19,ASK
2018-12-17 09:55:32,VZ,56.79,15,BID
2018-12-17 09:55:33,VZ,56.8,19,ASK
2018-12-17 09:55:32,VZ,56.79,15,BID
2018-12-17 09:55:33,VZ,56.8,19,ASK
2018-12-17 09:55:32,VZ,56.79,15,BID
2018-12-17 09:55:33,VZ,56.8,19,ASK
2018-12-17 09:55:30,VZ,56.78,22,BID
2018-12-17 09:55:38,VZ,56.79,28,ASK
2018-12-17 09:55:39,VZ,56.78,23,BID
2018-12-17 09:55:39,VZ,56.79,24,ASK
2018-12-17 09:55:40,VZ,56.78,23,BID
2018-12-17 09:55:40,VZ,56.79,17,ASK
2018-12-17 09:55:40,VZ,56.78,23,BID
2018-12-17 09:55:40,VZ,56.79,17,ASK
2018-12-17 09:55:42,VZ,56.78,23,BID
2018-12-17 09:55:42,VZ,56.79,22,ASK
2018-12-17 09:55:43,VZ,56.78,22,BID
2018-12-17 09:55:43,VZ,56.79,30,ASK
2018-12-17 09:55:43,VZ,56.78,27,BID
2018-12-17 09:55:43,VZ,56.79,16,ASK
2018-12-17 09:55:43,VZ,56.78,27,BID
2018-12-17 09:55:43,VZ,56.79,16,ASK
2018-12-17 09:55:46,VZ,56.79,27,BID
2018-12-17 09:55:46,VZ,56.8,23,ASK
2018-12-17 09:55:46,VZ,56.79,28,BID
2018-12-17 09:55:46,VZ,56.8,22,ASK
2018-12-17 09:55:46,VZ,56.79,28,BID
2018-12-17 09:55:46,VZ,56.8,22,ASK
2018-12-17 09:55:43,VZ,56.78,34,BID
2018-12-17 09:55:49,VZ,56.79,16,ASK
2018-12-17 09:55:43,VZ,56.78,34,BID
2018-12-17 09:55:49,VZ,56.79,16,ASK
2018-12-17 09:55:51,VZ,56.77,18,BID
2018-12-17 09:55:51,VZ,56.78,23,ASK
2018-12-17 09:55:52,VZ,56.77,22,BID
2018-12-17 09:55:52,VZ,56.78,25,ASK
2018-12-17 09:55:53,VZ,56.77,19,BID
2018-12-17 09:55:53,VZ,56.78,20,ASK
2018-12-17 09:55:54,VZ,56.78,10,BID
2018-12-17 09:55:51,VZ,56.79,21,ASK
2018-12-17 09:55:55,VZ,56.78,10,BID
2018-12-17 09:55:51,VZ,56.79,20,ASK
2018-12-17 09:55:56,VZ,56.77,27,BID
2018-12-17 09:55:56,VZ,56.78,17,ASK
2018-12-17 09:55:57,VZ,56.77,27,BID
2018-12-17 09:55:57,VZ,56.78,15,ASK
2018-12-17 09:55:58,VZ,56.77,27,BID
2018-12-17 09:55:58,VZ,56.78,14,ASK
2018-12-17 09:55:59,VZ,56.77,31,BID
2018-12-17 09:56:00,VZ,56.78,5,ASK
2018-12-17 09:56:00,VZ,56.78,1,BID
2018-12-17 09:56:00,VZ,56.79,23,ASK
2018-12-17 09:56:01,VZ,56.77,28,BID
2018-12-17 09:56:01,VZ,56.78,11,ASK
2018-12-17 09:56:03,VZ,56.77,28,BID
2018-12-17 09:56:02,VZ,56.78,9,ASK
2018-12-17 09:56:03,VZ,56.78,4,BID
2018-12-17 09:56:00,VZ,56.79,23,ASK
2018-12-17 09:56:05,VZ,56.78,5,BID
2018-12-17 09:56:05,VZ,56.78,3,ASK
2018-12-17 09:56:05,VZ,56.78,3,BID
2018-12-17 09:56:05,VZ,56.78,3,ASK
2018-12-17 09:56:05,VZ,56.77,23,BID
2018-12-17 09:56:07,VZ,56.78,5,ASK
2018-12-17 09:56:07,VZ,56.78,24,BID
2018-12-17 09:56:07,VZ,56.79,21,ASK
2018-12-17 09:56:07,VZ,56.78,24,BID
2018-12-17 09:56:07,VZ,56.79,17,ASK
2018-12-17 09:56:09,VZ,56.79,18,BID
2018-12-17 09:55:46,VZ,56.8,21,ASK
2018-12-17 09:56:10,VZ,56.79,19,BID
2018-12-17 09:55:46,VZ,56.8,20,ASK
2018-12-17 09:56:11,VZ,56.79,19,BID
2018-12-17 09:55:46,VZ,56.8,24,ASK
2018-12-17 09:56:11,VZ,56.79,19,BID
2018-12-17 09:55:46,VZ,56.8,24,ASK
2018-12-17 09:56:13,VZ,56.79,26,BID
2018-12-17 09:55:46,VZ,56.8,24,ASK
2018-12-17 09:56:15,VZ,56.78,14,BID
2018-12-17 09:56:15,VZ,56.79,25,ASK
2018-12-17 09:56:15,VZ,56.77,22,BID
2018-12-17 09:56:15,VZ,56.78,21,ASK
2018-12-17 09:56:16,VZ,56.77,18,BID
2018-12-17 09:56:16,VZ,56.78,20,ASK
2018-12-17 09:56:16,VZ,56.77,18,BID
2018-12-17 09:56:16,VZ,56.78,20,ASK
2018-12-17 09:56:16,VZ,56.77,24,BID
2018-12-17 09:56:18,VZ,56.78,19,ASK
2018-12-17 09:56:16,VZ,56.77,22,BID
2018-12-17 09:56:19,VZ,56.78,16,ASK
2018-12-17 09:56:16,VZ,56.77,22,BID
2018-12-17 09:56:20,VZ,56.78,17,ASK
2018-12-17 09:56:16,VZ,56.77,22,BID
2018-12-17 09:56:21,VZ,56.78,17,ASK
2018-12-17 09:56:23,VZ,56.76,24,BID
2018-12-17 09:56:23,VZ,56.77,16,ASK
2018-12-17 09:56:24,VZ,56.76,14,BID
2018-12-17 09:56:24,VZ,56.77,22,ASK
2018-12-17 09:56:25,VZ,56.76,14,BID
2018-12-17 09:56:24,VZ,56.77,27,ASK
2018-12-17 09:56:25,VZ,56.76,14,BID
2018-12-17 09:56:25,VZ,56.77,27,ASK
2018-12-17 09:56:26,VZ,56.75,26,BID
2018-12-17 09:56:26,VZ,56.76,20,ASK
2018-12-17 09:56:26,VZ,56.75,27,BID
2018-12-17 09:56:27,VZ,56.76,13,ASK
2018-12-17 09:56:28,VZ,56.76,18,BID
2018-12-17 09:56:25,VZ,56.77,29,ASK
2018-12-17 09:56:26,VZ,56.75,26,BID
2018-12-17 09:56:29,VZ,56.76,4,ASK
2018-12-17 09:56:26,VZ,56.75,26,BID
2018-12-17 09:56:30,VZ,56.76,4,ASK
2018-12-17 09:56:26,VZ,56.75,26,BID
2018-12-17 09:56:30,VZ,56.76,4,ASK
2018-12-17 09:56:26,VZ,56.75,26,BID
2018-12-17 09:56:32,VZ,56.76,5,ASK
2018-12-17 09:56:26,VZ,56.75,26,BID
2018-12-17 09:56:32,VZ,56.76,5,ASK
2018-12-17 09:56:26,VZ,56.75,26,BID
2018-12-17 09:56:32,VZ,56.76,5,ASK
2018-12-17 09:56:26,VZ,56.75,26,BID
2018-12-17 09:56:32,VZ,56.76,5,ASK
2018-12-17 09:56:26,VZ,56.75,26,BID
2018-12-17 09:56:32,VZ,56.76,5,ASK
2018-12-17 09:56:37,VZ,56.74,1,BID
2018-12-17 09:56:37,VZ,56.75,28,ASK
2018-12-17 09:56:39,VZ,56.74,1,BID
2018-12-17 09:56:39,VZ,56.75,28,ASK
2018-12-17 09:56:39,VZ,56.74,4,BID
2018-12-17 09:56:39,VZ,56.75,28,ASK
2018-12-17 09:56:41,VZ,56.74,6,BID
2018-12-17 09:56:39,VZ,56.75,32,ASK
2018-12-17 09:56:41,VZ,56.74,6,BID
2018-12-17 09:56:39,VZ,56.75,25,ASK
2018-12-17 09:56:42,VZ,56.74,6,BID
2018-12-17 09:56:39,VZ,56.75,25,ASK
2018-12-17 09:54:36,VZ,56.73,30,BID
2018-12-17 09:56:43,VZ,56.74,15,ASK
2018-12-17 09:54:36,VZ,56.73,30,BID
2018-12-17 09:56:39,VZ,56.75,27,ASK
2018-12-17 09:56:45,VZ,56.74,10,BID
2018-12-17 09:56:39,VZ,56.75,22,ASK
2018-12-17 09:56:47,VZ,56.74,2,BID
2018-12-17 09:56:39,VZ,56.75,23,ASK
2018-12-17 09:56:48,VZ,56.74,7,BID
2018-12-17 09:56:48,VZ,56.75,21,ASK
2018-12-17 09:56:48,VZ,56.74,37,BID
2018-12-17 09:56:48,VZ,56.75,22,ASK
2018-12-17 09:56:49,VZ,56.74,37,BID
2018-12-17 09:56:48,VZ,56.75,26,ASK
2018-12-17 09:56:50,VZ,56.75,18,BID
2018-12-17 09:56:50,VZ,56.76,7,ASK
2018-12-17 09:56:52,VZ,56.75,25,BID
2018-12-17 09:56:51,VZ,56.76,9,ASK
2018-12-17 09:56:52,VZ,56.75,26,BID
2018-12-17 09:56:53,VZ,56.76,9,ASK
2018-12-17 09:56:52,VZ,56.75,26,BID
2018-12-17 09:56:54,VZ,56.76,6,ASK
2018-12-17 09:56:52,VZ,56.75,26,BID
2018-12-17 09:56:54,VZ,56.76,6,ASK
2018-12-17 09:56:52,VZ,56.75,22,BID
2018-12-17 09:56:54,VZ,56.76,11,ASK
2018-12-17 09:56:52,VZ,56.75,28,BID
2018-12-17 09:56:54,VZ,56.76,11,ASK
2018-12-17 09:56:52,VZ,56.75,24,BID
2018-12-17 09:56:54,VZ,56.76,11,ASK
2018-12-17 09:56:58,VZ,56.75,25,BID
2018-12-17 09:56:54,VZ,56.76,11,ASK
2018-12-17 09:56:58,VZ,56.75,25,BID
2018-12-17 09:56:54,VZ,56.76,11,ASK
2018-12-17 09:56:58,VZ,56.75,25,BID
2018-12-17 09:56:54,VZ,56.76,11,ASK
2018-12-17 09:57:02,VZ,56.74,14,BID
2018-12-17 09:57:02,VZ,56.75,24,ASK
2018-12-17 09:54:36,VZ,56.73,30,BID
2018-12-17 09:57:02,VZ,56.74,4,ASK
2018-12-17 09:57:04,VZ,56.73,26,BID
2018-12-17 09:57:04,VZ,56.74,16,ASK
2018-12-17 09:57:04,VZ,56.73,15,BID
2018-12-17 09:57:04,VZ,56.74,12,ASK
2018-12-17 09:57:04,VZ,56.73,15,BID
2018-12-17 09:57:04,VZ,56.74,10,ASK
2018-12-17 09:57:04,VZ,56.73,15,BID
2018-12-17 09:57:04,VZ,56.74,10,ASK
2018-12-17 09:57:04,VZ,56.73,15,BID
2018-12-17 09:57:04,VZ,56.74,14,ASK
2018-12-17 09:57:09,VZ,56.72,21,BID
2018-12-17 09:57:09,VZ,56.73,27,ASK
2018-12-17 09:57:09,VZ,56.72,28,BID
2018-12-17 09:57:09,VZ,56.73,10,ASK
2018-12-17 09:57:11,VZ,56.73,22,BID
2018-12-17 09:57:11,VZ,56.74,14,ASK
2018-12-17 09:57:12,VZ,56.73,22,BID
2018-12-17 09:57:11,VZ,56.74,24,ASK
2018-12-17 09:57:13,VZ,56.72,23,BID
2018-12-17 09:57:13,VZ,56.73,20,ASK
2018-12-17 09:57:13,VZ,56.71,54,BID
2018-12-17 09:57:13,VZ,56.72,23,ASK
2018-12-17 09:57:15,VZ,56.71,54,BID
2018-12-17 09:57:15,VZ,56.72,23,ASK
2018-12-17 09:57:16,VZ,56.71,53,BID
2018-12-17 09:57:16,VZ,56.72,13,ASK
2018-12-17 09:57:16,VZ,56.71,53,BID
2018-12-17 09:57:16,VZ,56.72,18,ASK
2018-12-17 09:57:17,VZ,56.71,53,BID
2018-12-17 09:57:17,VZ,56.72,25,ASK
2018-12-17 09:57:17,VZ,56.71,53,BID
2018-12-17 09:57:17,VZ,56.72,25,ASK
2018-12-17 09:57:17,VZ,56.71,53,BID
2018-12-17 09:57:17,VZ,56.72,25,ASK
2018-12-17 09:57:20,VZ,56.71,53,BID
2018-12-17 09:57:20,VZ,56.72,23,ASK
2018-12-17 09:57:22,VZ,56.71,53,BID
2018-12-17 09:57:22,VZ,56.72,23,ASK
2018-12-17 09:57:22,VZ,56.71,53,BID
2018-12-17 09:57:22,VZ,56.72,23,ASK
2018-12-17 09:57:22,VZ,56.71,53,BID
2018-12-17 09:57:22,VZ,56.72,23,ASK
2018-12-17 09:57:22,VZ,56.71,53,BID
2018-12-17 09:57:22,VZ,56.72,23,ASK
2018-12-17 09:57:25,VZ,56.71,53,BID
2018-12-17 09:57:25,VZ,56.72,23,ASK
2018-12-17 09:57:27,VZ,56.71,56,BID
2018-12-17 09:57:27,VZ,56.72,23,ASK
2018-12-17 09:57:27,VZ,56.71,56,BID
2018-12-17 09:57:27,VZ,56.72,23,ASK
2018-12-17 09:57:29,VZ,56.73,33,BID
2018-12-17 09:57:12,VZ,56.74,23,ASK
2018-12-17 09:57:29,VZ,56.73,29,BID
2018-12-17 09:57:12,VZ,56.74,23,ASK
2018-12-17 09:57:31,VZ,56.74,7,BID
2018-12-17 09:57:31,VZ,56.75,22,ASK
2018-12-17 09:57:32,VZ,56.74,18,BID
2018-12-17 09:57:32,VZ,56.75,17,ASK
2018-12-17 09:57:32,VZ,56.74,20,BID
2018-12-17 09:57:32,VZ,56.75,17,ASK
2018-12-17 09:57:34,VZ,56.74,22,BID
2018-12-17 09:57:32,VZ,56.75,16,ASK
2018-12-17 09:57:35,VZ,56.74,18,BID
2018-12-17 09:57:32,VZ,56.75,16,ASK
2018-12-17 09:57:35,VZ,56.74,19,BID
2018-12-17 09:57:32,VZ,56.75,16,ASK
2018-12-17 09:57:35,VZ,56.74,19,BID
2018-12-17 09:57:32,VZ,56.75,16,ASK
2018-12-17 09:57:35,VZ,56.74,18,BID
2018-12-17 09:57:38,VZ,56.75,16,ASK
2018-12-17 09:57:39,VZ,56.75,26,BID
2018-12-17 09:57:39,VZ,56.76,24,ASK
2018-12-17 09:57:39,VZ,56.75,27,BID
2018-12-17 09:57:39,VZ,56.76,1,ASK
2018-12-17 09:57:41,VZ,56.75,29,BID
2018-12-17 09:57:41,VZ,56.76,13,ASK
2018-12-17 09:57:41,VZ,56.75,29,BID
2018-12-17 09:57:42,VZ,56.76,5,ASK
2018-12-17 09:57:42,VZ,56.76,19,BID
2018-12-17 09:57:42,VZ,56.77,27,ASK
2018-12-17 09:57:44,VZ,56.76,23,BID
2018-12-17 09:57:44,VZ,56.77,21,ASK
2018-12-17 09:57:41,VZ,56.75,25,BID
2018-12-17 09:57:44,VZ,56.76,29,ASK
2018-12-17 09:57:41,VZ,56.75,26,BID
2018-12-17 09:57:46,VZ,56.76,29,ASK
2018-12-17 09:57:47,VZ,56.76,4,BID
2018-12-17 09:57:47,VZ,56.76,8,ASK
2018-12-17 09:57:41,VZ,56.75,27,BID
2018-12-17 09:57:48,VZ,56.76,33,ASK
2018-12-17 09:57:41,VZ,56.75,27,BID
2018-12-17 09:57:48,VZ,56.76,25,ASK
2018-12-17 09:57:41,VZ,56.75,27,BID
2018-12-17 09:57:48,VZ,56.76,25,ASK
2018-12-17 09:57:41,VZ,56.75,27,BID
2018-12-17 09:57:48,VZ,56.76,25,ASK
2018-12-17 09:57:52,VZ,56.76,22,BID
2018-12-17 09:57:48,VZ,56.77,23,ASK
2018-12-17 09:57:53,VZ,56.76,9,BID
2018-12-17 09:57:52,VZ,56.77,23,ASK
2018-12-17 09:57:41,VZ,56.75,24,BID
2018-12-17 09:57:54,VZ,56.76,8,ASK
2018-12-17 09:57:41,VZ,56.75,24,BID
2018-12-17 09:57:55,VZ,56.76,11,ASK
2018-12-17 09:57:41,VZ,56.75,26,BID
2018-12-17 09:57:56,VZ,56.76,10,ASK
2018-12-17 09:57:41,VZ,56.75,24,BID
2018-12-17 09:57:56,VZ,56.76,23,ASK
2018-12-17 09:57:41,VZ,56.75,24,BID
2018-12-17 09:57:57,VZ,56.76,16,ASK
2018-12-17 09:57:41,VZ,56.75,25,BID
2018-12-17 09:57:59,VZ,56.76,16,ASK
2018-12-17 09:57:41,VZ,56.75,30,BID
2018-12-17 09:58:00,VZ,56.76,16,ASK
2018-12-17 09:57:41,VZ,56.75,29,BID
2018-12-17 09:58:01,VZ,56.76,16,ASK
2018-12-17 09:57:41,VZ,56.75,29,BID
2018-12-17 09:58:01,VZ,56.76,16,ASK
2018-12-17 09:58:03,VZ,56.77,34,BID
2018-12-17 09:58:03,VZ,56.78,16,ASK
2018-12-17 09:58:04,VZ,56.77,21,BID
2018-12-17 09:58:03,VZ,56.78,16,ASK
2018-12-17 09:58:04,VZ,56.77,21,BID
2018-12-17 09:58:03,VZ,56.78,16,ASK
2018-12-17 09:58:06,VZ,56.77,21,BID
2018-12-17 09:58:03,VZ,56.78,18,ASK
2018-12-17 09:58:07,VZ,56.76,29,BID
2018-12-17 09:58:07,VZ,56.77,17,ASK
2018-12-17 09:58:08,VZ,56.75,30,BID
2018-12-17 09:58:08,VZ,56.76,19,ASK
2018-12-17 09:58:09,VZ,56.75,30,BID
2018-12-17 09:58:09,VZ,56.76,18,ASK
2018-12-17 09:58:10,VZ,56.76,31,BID
2018-12-17 09:58:10,VZ,56.77,15,ASK
2018-12-17 09:58:10,VZ,56.76,31,BID
2018-12-17 09:58:10,VZ,56.77,15,ASK
2018-12-17 09:58:12,VZ,56.76,30,BID
2018-12-17 09:58:12,VZ,56.77,10,ASK
2018-12-17 09:58:12,VZ,56.76,30,BID
2018-12-17 09:58:12,VZ,56.77,10,ASK
2018-12-17 09:58:14,VZ,56.76,29,BID
2018-12-17 09:58:14,VZ,56.77,10,ASK
2018-12-17 09:58:15,VZ,56.76,27,BID
2018-12-17 09:58:15,VZ,56.77,21,ASK
2018-12-17 09:58:09,VZ,56.75,24,BID
2018-12-17 09:58:16,VZ,56.76,10,ASK
2018-12-17 09:58:09,VZ,56.75,26,BID
2018-12-17 09:58:16,VZ,56.76,10,ASK
2018-12-17 09:58:09,VZ,56.75,26,BID
2018-12-17 09:58:16,VZ,56.76,10,ASK
2018-12-17 09:58:19,VZ,56.76,6,BID
2018-12-17 09:58:19,VZ,56.77,20,ASK
2018-12-17 09:58:19,VZ,56.76,5,BID
2018-12-17 09:58:19,VZ,56.77,20,ASK
2018-12-17 09:58:21,VZ,56.77,25,BID
2018-12-17 09:58:03,VZ,56.78,23,ASK
2018-12-17 09:58:21,VZ,56.76,21,BID
2018-12-17 09:58:22,VZ,56.77,19,ASK
2018-12-17 09:58:21,VZ,56.76,19,BID
2018-12-17 09:58:23,VZ,56.77,20,ASK
2018-12-17 09:58:24,VZ,56.75,28,BID
2018-12-17 09:58:23,VZ,56.76,21,ASK
2018-12-17 09:58:25,VZ,56.76,4,BID
2018-12-17 09:58:25,VZ,56.77,17,ASK
2018-12-17 09:58:26,VZ,56.76,4,BID
2018-12-17 09:58:26,VZ,56.77,16,ASK
2018-12-17 09:58:24,VZ,56.75,25,BID
2018-12-17 09:58:27,VZ,56.76,21,ASK
2018-12-17 09:58:27,VZ,56.75,27,BID
2018-12-17 09:58:28,VZ,56.76,12,ASK
2018-12-17 09:58:27,VZ,56.75,27,BID
2018-12-17 09:58:28,VZ,56.76,12,ASK
2018-12-17 09:58:27,VZ,56.75,27,BID
2018-12-17 09:58:28,VZ,56.76,24,ASK
2018-12-17 09:58:27,VZ,56.75,26,BID
2018-12-17 09:58:28,VZ,56.76,19,ASK
2018-12-17 09:58:27,VZ,56.75,26,BID
2018-12-17 09:58:32,VZ,56.76,31,ASK
2018-12-17 09:58:27,VZ,56.75,26,BID
2018-12-17 09:58:32,VZ,56.76,30,ASK
2018-12-17 09:58:34,VZ,56.74,9,BID
2018-12-17 09:58:34,VZ,56.75,34,ASK
2018-12-17 09:58:34,VZ,56.74,9,BID
2018-12-17 09:58:35,VZ,56.75,34,ASK
2018-12-17 09:58:34,VZ,56.74,9,BID
2018-12-17 09:58:35,VZ,56.75,34,ASK
2018-12-17 09:58:36,VZ,56.73,17,BID
2018-12-17 09:58:37,VZ,56.74,29,ASK
2018-12-17 09:58:38,VZ,56.73,18,BID
2018-12-17 09:58:38,VZ,56.74,29,ASK
2018-12-17 09:58:39,VZ,56.73,17,BID
2018-12-17 09:58:39,VZ,56.74,29,ASK
2018-12-17 09:58:40,VZ,56.73,17,BID
2018-12-17 09:58:40,VZ,56.74,31,ASK
2018-12-17 09:58:40,VZ,56.73,17,BID
2018-12-17 09:58:40,VZ,56.74,31,ASK
2018-12-17 09:58:40,VZ,56.73,17,BID
2018-12-17 09:58:40,VZ,56.74,31,ASK
2018-12-17 09:58:42,VZ,56.73,12,BID
2018-12-17 09:58:43,VZ,56.74,31,ASK
2018-12-17 09:58:44,VZ,56.72,24,BID
2018-12-17 09:58:44,VZ,56.73,23,ASK
2018-12-17 09:58:45,VZ,56.72,25,BID
2018-12-17 09:58:44,VZ,56.73,13,ASK
2018-12-17 09:58:46,VZ,56.72,25,BID
2018-12-17 09:58:46,VZ,56.73,12,ASK
2018-12-17 09:58:47,VZ,56.72,24,BID
2018-12-17 09:58:47,VZ,56.73,20,ASK
2018-12-17 09:58:48,VZ,56.72,24,BID
2018-12-17 09:58:47,VZ,56.73,20,ASK
2018-12-17 09:58:48,VZ,56.72,24,BID
2018-12-17 09:58:47,VZ,56.73,20,ASK
2018-12-17 09:58:49,VZ,56.73,28,BID
2018-12-17 09:58:50,VZ,56.74,28,ASK
2018-12-17 09:58:51,VZ,56.73,37,BID
2018-12-17 09:58:51,VZ,56.74,24,ASK
2018-12-17 09:58:51,VZ,56.73,35,BID
2018-12-17 09:58:51,VZ,56.74,24,ASK
2018-12-17 09:58:53,VZ,56.74,28,BID
2018-12-17 09:58:53,VZ,56.75,15,ASK
2018-12-17 09:58:54,VZ,56.74,34,BID
2018-12-17 09:58:53,VZ,56.75,11,ASK
2018-12-17 09:58:55,VZ,56.73,16,BID
2018-12-17 09:58:55,VZ,56.74,24,ASK
2018-12-17 09:58:55,VZ,56.73,11,BID
2018-12-17 09:58:55,VZ,56.74,26,ASK
2018-12-17 09:58:57,VZ,56.73,2,BID
2018-12-17 09:58:55,VZ,56.74,19,ASK
2018-12-17 09:58:58,VZ,56.73,20,BID
2018-12-17 09:58:55,VZ,56.74,18,ASK
2018-12-17 09:58:59,VZ,56.73,27,BID
2018-12-17 09:58:59,VZ,56.74,14,ASK
2018-12-17 09:58:59,VZ,56.73,18,BID
2018-12-17 09:58:59,VZ,56.74,17,ASK
2018-12-17 09:59:01,VZ,56.72,26,BID
2018-12-17 09:59:01,VZ,56.73,1,ASK
2018-12-17 09:59:01,VZ,56.72,26,BID
2018-12-17 09:59:02,VZ,56.73,1,ASK
2018-12-17 09:59:03,VZ,56.73,21,BID
2018-12-17 09:59:03,VZ,56.74,13,ASK
2018-12-17 09:59:04,VZ,56.73,21,BID
2018-12-17 09:59:03,VZ,56.74,13,ASK
2018-12-17 09:59:04,VZ,56.73,21,BID
2018-12-17 09:59:03,VZ,56.74,13,ASK
2018-12-17 09:59:06,VZ,56.73,20,BID
2018-12-17 09:59:03,VZ,56.74,15,ASK
2018-12-17 09:59:07,VZ,56.73,24,BID
2018-12-17 09:59:03,VZ,56.74,22,ASK
2018-12-17 09:59:08,VZ,56.73,16,BID
2018-12-17 09:59:03,VZ,56.74,19,ASK
2018-12-17 09:59:09,VZ,56.73,19,BID
2018-12-17 09:59:03,VZ,56.74,18,ASK
2018-12-17 09:59:09,VZ,56.73,19,BID
2018-12-17 09:59:03,VZ,56.74,18,ASK
2018-12-17 09:59:09,VZ,56.73,19,BID
2018-12-17 09:59:03,VZ,56.74,18,ASK
2018-12-17 09:59:09,VZ,56.73,19,BID
2018-12-17 09:59:03,VZ,56.74,21,ASK
2018-12-17 09:59:13,VZ,56.72,14,BID
2018-12-17 09:59:13,VZ,56.73,21,ASK
2018-12-17 09:59:14,VZ,56.71,52,BID
2018-12-17 09:59:14,VZ,56.72,38,ASK
2018-12-17 09:59:14,VZ,56.71,52,BID
2018-12-17 09:59:14,VZ,56.72,38,ASK
2018-12-17 09:59:15,VZ,56.71,52,BID
2018-12-17 09:59:15,VZ,56.72,17,ASK
2018-12-17 09:59:17,VZ,56.71,52,BID
2018-12-17 09:59:15,VZ,56.72,18,ASK
2018-12-17 09:59:18,VZ,56.71,52,BID
2018-12-17 09:59:18,VZ,56.72,18,ASK
2018-12-17 09:59:19,VZ,56.72,23,BID
2018-12-17 09:59:19,VZ,56.73,24,ASK
2018-12-17 09:59:19,VZ,56.72,23,BID
2018-12-17 09:59:19,VZ,56.73,24,ASK
2018-12-17 09:59:21,VZ,56.72,22,BID
2018-12-17 09:59:21,VZ,56.73,25,ASK
2018-12-17 09:59:22,VZ,56.72,22,BID
2018-12-17 09:59:22,VZ,56.73,24,ASK
2018-12-17 09:59:23,VZ,56.72,14,BID
2018-12-17 09:59:22,VZ,56.73,27,ASK
2018-12-17 09:59:23,VZ,56.72,20,BID
2018-12-17 09:59:24,VZ,56.73,27,ASK
2018-12-17 09:59:25,VZ,56.73,28,BID
2018-12-17 09:59:25,VZ,56.74,20,ASK
2018-12-17 09:59:26,VZ,56.73,24,BID
2018-12-17 09:59:26,VZ,56.74,20,ASK
2018-12-17 09:59:26,VZ,56.73,24,BID
2018-12-17 09:59:26,VZ,56.74,20,ASK
2018-12-17 09:59:26,VZ,56.73,24,BID
2018-12-17 09:59:26,VZ,56.74,20,ASK
2018-12-17 09:59:26,VZ,56.73,24,BID
2018-12-17 09:59:26,VZ,56.74,20,ASK
2018-12-17 09:59:30,VZ,56.73,26,BID
2018-12-17 09:59:30,VZ,56.74,21,ASK
2018-12-17 09:59:31,VZ,56.73,28,BID
2018-12-17 09:59:31,VZ,56.74,20,ASK
2018-12-17 09:59:32,VZ,56.73,29,BID
2018-12-17 09:59:32,VZ,56.74,20,ASK
2018-12-17 09:59:32,VZ,56.73,29,BID
2018-12-17 09:59:32,VZ,56.74,20,ASK
2018-12-17 09:59:32,VZ,56.73,29,BID
2018-12-17 09:59:32,VZ,56.74,20,ASK
2018-12-17 09:59:32,VZ,56.73,30,BID
2018-12-17 09:59:36,VZ,56.74,14,ASK
2018-12-17 09:59:36,VZ,56.75,45,BID
2018-12-17 09:58:33,VZ,56.76,24,ASK
2018-12-17 09:59:36,VZ,56.76,28,BID
2018-12-17 09:59:36,VZ,56.77,5,ASK
2018-12-17 09:59:37,VZ,56.76,32,BID
2018-12-17 09:59:37,VZ,56.77,6,ASK
2018-12-17 09:59:37,VZ,56.76,30,BID
2018-12-17 09:59:37,VZ,56.77,6,ASK
2018-12-17 09:59:38,VZ,56.76,33,BID
2018-12-17 09:59:37,VZ,56.77,5,ASK
2018-12-17 09:59:39,VZ,56.76,38,BID
2018-12-17 09:59:41,VZ,56.77,24,ASK
2018-12-17 09:59:39,VZ,56.76,33,BID
2018-12-17 09:59:42,VZ,56.77,21,ASK
2018-12-17 09:59:43,VZ,56.75,22,BID
2018-12-17 09:59:43,VZ,56.76,23,ASK
2018-12-17 09:59:45,VZ,56.75,32,BID
2018-12-17 09:59:45,VZ,56.76,26,ASK
2018-12-17 09:59:45,VZ,56.75,31,BID
2018-12-17 09:59:45,VZ,56.76,21,ASK
2018-12-17 09:59:46,VZ,56.75,32,BID
2018-12-17 09:59:46,VZ,56.76,21,ASK
2018-12-17 09:59:47,VZ,56.76,24,BID
2018-12-17 09:59:47,VZ,56.77,27,ASK
2018-12-17 09:59:49,VZ,56.77,10,BID
2018-12-17 09:58:21,VZ,56.78,22,ASK
2018-12-17 09:59:49,VZ,56.77,12,BID
2018-12-17 09:58:21,VZ,56.78,22,ASK
2018-12-17 09:59:50,VZ,56.79,9,BID
2018-12-17 09:59:50,VZ,56.8,9,ASK
2018-12-17 09:59:50,VZ,56.79,13,BID
2018-12-17 09:59:50,VZ,56.8,10,ASK
2018-12-17 09:59:52,VZ,56.8,17,BID
2018-12-17 09:59:52,VZ,56.81,19,ASK
2018-12-17 09:59:52,VZ,56.77,13,BID
2018-12-17 09:59:52,VZ,56.78,10,ASK
2018-12-17 09:59:54,VZ,56.78,22,BID
2018-12-17 09:59:54,VZ,56.79,5,ASK
2018-12-17 09:59:53,VZ,56.77,19,BID
2018-12-17 09:59:55,VZ,56.78,9,ASK
2018-12-17 09:59:55,VZ,56.78,8,BID
2018-12-17 09:59:55,VZ,56.79,14,ASK
2018-12-17 09:59:58,VZ,56.78,4,BID
2018-12-17 09:59:55,VZ,56.79,17,ASK
2018-12-17 09:59:59,VZ,56.76,20,BID
2018-12-17 09:59:59,VZ,56.77,11,ASK
2018-12-17 10:00:00,VZ,56.76,20,BID
2018-12-17 10:00:00,VZ,56.77,15,ASK
2018-12-17 10:00:00,VZ,56.76,20,BID
2018-12-17 10:00:00,VZ,56.77,16,ASK
2018-12-17 10:00:00,VZ,56.76,18,BID
2018-12-17 10:00:00,VZ,56.77,15,ASK
2018-12-17 10:00:01,VZ,56.76,23,BID
2018-12-17 10:00:01,VZ,56.77,13,ASK
2018-12-17 10:00:02,VZ,56.77,27,BID
2018-12-17 10:00:02,VZ,56.78,21,ASK
2018-12-17 10:00:02,VZ,56.77,18,BID
2018-12-17 10:00:02,VZ,56.78,11,ASK
2018-12-17 10:00:01,VZ,56.76,17,BID
2018-12-17 10:00:03,VZ,56.77,16,ASK
2018-12-17 10:00:05,VZ,56.77,1,BID
2018-12-17 10:00:04,VZ,56.77,9,ASK
2018-12-17 10:00:05,VZ,56.78,11,BID
2018-12-17 10:00:05,VZ,56.79,16,ASK
2018-12-17 10:00:07,VZ,56.75,21,BID
2018-12-17 10:00:07,VZ,56.76,2,ASK
2018-12-17 10:00:07,VZ,56.77,18,BID
2018-12-17 10:00:05,VZ,56.78,16,ASK
2018-12-17 10:00:08,VZ,56.78,12,BID
2018-12-17 10:00:08,VZ,56.79,10,ASK
2018-12-17 10:00:08,VZ,56.76,19,BID
2018-12-17 10:00:08,VZ,56.77,1,ASK
2018-12-17 10:00:09,VZ,56.77,21,BID
2018-12-17 10:00:09,VZ,56.78,13,ASK
2018-12-17 10:00:09,VZ,56.76,14,BID
2018-12-17 10:00:09,VZ,56.77,7,ASK
2018-12-17 10:00:11,VZ,56.76,9,BID
2018-12-17 10:00:11,VZ,56.77,13,ASK
2018-12-17 10:00:12,VZ,56.75,15,BID
2018-12-17 10:00:12,VZ,56.76,21,ASK
2018-12-17 10:00:14,VZ,56.74,23,BID
2018-12-17 10:00:14,VZ,56.75,20,ASK
2018-12-17 10:00:15,VZ,56.74,22,BID
2018-12-17 10:00:14,VZ,56.75,18,ASK
2018-12-17 10:00:15,VZ,56.74,4,BID
2018-12-17 10:00:15,VZ,56.75,17,ASK
2018-12-17 09:59:26,VZ,56.73,30,BID
2018-12-17 10:00:18,VZ,56.74,15,ASK
2018-12-17 09:59:26,VZ,56.73,30,BID
2018-12-17 10:00:18,VZ,56.74,15,ASK
2018-12-17 09:59:26,VZ,56.73,27,BID
2018-12-17 10:00:22,VZ,56.73,5,ASK
2018-12-17 10:00:23,VZ,56.73,11,BID
2018-12-17 10:00:18,VZ,56.74,16,ASK
2018-12-17 09:59:23,VZ,56.72,19,BID
2018-12-17 10:00:24,VZ,56.73,22,ASK
2018-12-17 09:59:23,VZ,56.72,18,BID
2018-12-17 10:00:25,VZ,56.73,13,ASK
2018-12-17 10:00:26,VZ,56.72,14,BID
2018-12-17 10:00:26,VZ,56.72,3,ASK
2018-12-17 10:00:26,VZ,56.72,15,BID
2018-12-17 10:00:25,VZ,56.73,23,ASK
2018-12-17 10:00:27,VZ,56.72,11,BID
2018-12-17 10:00:25,VZ,56.73,20,ASK
2018-12-17 10:00:29,VZ,56.72,1,BID
2018-12-17 10:00:29,VZ,56.73,31,ASK
2018-12-17 10:00:30,VZ,56.72,13,BID
2018-12-17 10:00:29,VZ,56.73,24,ASK
2018-12-17 10:00:31,VZ,56.73,22,BID
2018-12-17 10:00:23,VZ,56.74,25,ASK
2018-12-17 10:00:31,VZ,56.73,14,BID
2018-12-17 10:00:23,VZ,56.74,27,ASK
2018-12-17 10:00:31,VZ,56.73,13,BID
2018-12-17 10:00:23,VZ,56.74,34,ASK
2018-12-17 10:00:31,VZ,56.73,13,BID
2018-12-17 10:00:23,VZ,56.74,29,ASK
2018-12-17 10:00:34,VZ,56.72,7,BID
2018-12-17 10:00:35,VZ,56.73,18,ASK
2018-12-17 10:00:35,VZ,56.71,52,BID
2018-12-17 10:00:35,VZ,56.72,27,ASK
2018-12-17 10:00:35,VZ,56.71,52,BID
2018-12-17 10:00:35,VZ,56.72,27,ASK
2018-12-17 10:00:38,VZ,56.71,52,BID
2018-12-17 10:00:35,VZ,56.72,18,ASK
2018-12-17 10:00:38,VZ,56.72,39,BID
2018-12-17 10:00:38,VZ,56.73,13,ASK
2018-12-17 10:00:38,VZ,56.72,39,BID
2018-12-17 10:00:38,VZ,56.73,13,ASK
2018-12-17 10:00:38,VZ,56.72,39,BID
2018-12-17 10:00:38,VZ,56.73,13,ASK
2018-12-17 10:00:38,VZ,56.72,37,BID
2018-12-17 10:00:38,VZ,56.73,14,ASK
2018-12-17 10:00:43,VZ,56.72,19,BID
2018-12-17 10:00:43,VZ,56.73,20,ASK
2018-12-17 10:00:44,VZ,56.72,18,BID
2018-12-17 10:00:43,VZ,56.73,20,ASK
2018-12-17 10:00:45,VZ,56.71,53,BID
2018-12-17 10:00:45,VZ,56.72,19,ASK
2018-12-17 10:00:46,VZ,56.71,53,BID
2018-12-17 10:00:46,VZ,56.72,16,ASK
2018-12-17 10:00:46,VZ,56.71,54,BID
2018-12-17 10:00:46,VZ,56.72,16,ASK
2018-12-17 10:00:48,VZ,56.72,28,BID
2018-12-17 10:00:43,VZ,56.73,26,ASK
2018-12-17 10:00:48,VZ,56.72,15,BID
2018-12-17 10:00:43,VZ,56.73,26,ASK
2018-12-17 10:00:49,VZ,56.72,15,BID
2018-12-17 10:00:43,VZ,56.73,26,ASK
2018-12-17 10:00:49,VZ,56.72,15,BID
2018-12-17 10:00:43,VZ,56.73,26,ASK
2018-12-17 10:00:52,VZ,56.71,54,BID
2018-12-17 10:00:52,VZ,56.72,10,ASK
2018-12-17 10:00:52,VZ,56.71,54,BID
2018-12-17 10:00:52,VZ,56.72,10,ASK
2018-12-17 10:00:53,VZ,56.72,26,BID
2018-12-17 10:00:53,VZ,56.73,16,ASK
2018-12-17 10:00:54,VZ,56.73,1,BID
2018-12-17 10:00:54,VZ,56.73,15,ASK
2018-12-17 10:00:55,VZ,56.73,5,BID
2018-12-17 10:00:23,VZ,56.74,30,ASK
2018-12-17 10:00:56,VZ,56.74,5,BID
2018-12-17 10:00:23,VZ,56.74,19,ASK
2018-12-17 10:00:58,VZ,56.73,18,BID
2018-12-17 10:00:58,VZ,56.74,4,ASK
2018-12-17 10:00:58,VZ,56.75,6,BID
2018-12-17 10:00:15,VZ,56.76,19,ASK
2018-12-17 10:01:00,VZ,56.75,17,BID
2018-12-17 10:00:15,VZ,56.76,17,ASK
2018-12-17 10:01:00,VZ,56.75,10,BID
2018-12-17 10:00:15,VZ,56.76,18,ASK
2018-12-17 10:01:02,VZ,56.75,12,BID
2018-12-17 10:00:15,VZ,56.76,14,ASK
2018-12-17 10:01:02,VZ,56.75,12,BID
2018-12-17 10:00:15,VZ,56.76,15,ASK
2018-12-17 10:01:02,VZ,56.75,16,BID
2018-12-17 10:00:15,VZ,56.76,14,ASK
2018-12-17 10:01:05,VZ,56.74,20,BID
2018-12-17 10:01:05,VZ,56.75,38,ASK
2018-12-17 10:01:06,VZ,56.73,22,BID
2018-12-17 10:01:05,VZ,56.74,33,ASK
2018-12-17 10:01:07,VZ,56.73,22,BID
2018-12-17 10:01:05,VZ,56.74,33,ASK
2018-12-17 10:01:07,VZ,56.73,22,BID
2018-12-17 10:01:07,VZ,56.74,37,ASK
2018-12-17 10:01:09,VZ,56.73,16,BID
2018-12-17 10:01:09,VZ,56.74,13,ASK
2018-12-17 10:01:10,VZ,56.73,16,BID
2018-12-17 10:01:09,VZ,56.74,15,ASK
2018-12-17 10:01:10,VZ,56.73,11,BID
2018-12-17 10:01:09,VZ,56.74,17,ASK
2018-12-17 10:01:12,VZ,56.73,13,BID
2018-12-17 10:01:09,VZ,56.74,17,ASK
2018-12-17 10:01:12,VZ,56.73,13,BID
2018-12-17 10:01:09,VZ,56.74,17,ASK
2018-12-17 10:01:13,VZ,56.74,20,BID
2018-12-17 10:01:13,VZ,56.75,18,ASK
2018-12-17 10:01:13,VZ,56.74,18,BID
2018-12-17 10:01:15,VZ,56.75,18,ASK
2018-12-17 10:01:13,VZ,56.74,18,BID
2018-12-17 10:01:15,VZ,56.75,18,ASK
2018-12-17 10:01:13,VZ,56.74,17,BID
2018-12-17 10:01:16,VZ,56.75,18,ASK
2018-12-17 10:01:18,VZ,56.73,22,BID
2018-12-17 10:01:18,VZ,56.74,17,ASK
2018-12-17 10:01:18,VZ,56.73,22,BID
2018-12-17 10:01:18,VZ,56.74,20,ASK
2018-12-17 10:01:18,VZ,56.73,25,BID
2018-12-17 10:01:20,VZ,56.74,17,ASK
2018-12-17 10:01:18,VZ,56.73,24,BID
2018-12-17 10:01:21,VZ,56.74,17,ASK
2018-12-17 10:01:18,VZ,56.73,19,BID
2018-12-17 10:01:21,VZ,56.74,17,ASK
2018-12-17 10:01:23,VZ,56.74,33,BID
2018-12-17 10:01:23,VZ,56.75,24,ASK
2018-12-17 10:01:23,VZ,56.74,15,BID
2018-12-17 10:01:23,VZ,56.75,22,ASK
2018-12-17 10:01:23,VZ,56.74,15,BID
2018-12-17 10:01:23,VZ,56.75,22,ASK
2018-12-17 10:01:26,VZ,56.74,13,BID
2018-12-17 10:01:23,VZ,56.75,20,ASK
2018-12-17 10:01:27,VZ,56.74,7,BID
2018-12-17 10:01:23,VZ,56.75,25,ASK
2018-12-17 10:01:28,VZ,56.73,13,BID
2018-12-17 10:01:28,VZ,56.74,16,ASK
2018-12-17 10:01:29,VZ,56.73,12,BID
2018-12-17 10:01:28,VZ,56.74,20,ASK
2018-12-17 10:01:30,VZ,56.73,14,BID
2018-12-17 10:01:29,VZ,56.74,14,ASK
2018-12-17 10:01:30,VZ,56.73,12,BID
2018-12-17 10:01:29,VZ,56.74,14,ASK
2018-12-17 10:01:30,VZ,56.73,12,BID
2018-12-17 10:01:29,VZ,56.74,14,ASK
2018-12-17 10:01:33,VZ,56.73,14,BID
2018-12-17 10:01:29,VZ,56.74,14,ASK
2018-12-17 10:01:33,VZ,56.73,17,BID
2018-12-17 10:01:34,VZ,56.74,16,ASK
2018-12-17 10:01:33,VZ,56.73,17,BID
2018-12-17 10:01:35,VZ,56.74,21,ASK
2018-12-17 10:01:36,VZ,56.71,54,BID
2018-12-17 10:01:36,VZ,56.72,27,ASK
2018-12-17 10:01:37,VZ,56.71,54,BID
2018-12-17 10:01:36,VZ,56.72,17,ASK
2018-12-17 10:01:38,VZ,56.72,14,BID
2018-12-17 10:01:35,VZ,56.73,27,ASK
2018-12-17 10:01:39,VZ,56.72,14,BID
2018-12-17 10:01:38,VZ,56.73,16,ASK
2018-12-17 10:01:40,VZ,56.73,34,BID
2018-12-17 10:01:40,VZ,56.74,18,ASK
2018-12-17 10:01:40,VZ,56.73,23,BID
2018-12-17 10:01:40,VZ,56.74,18,ASK
2018-12-17 10:01:42,VZ,56.72,16,BID
2018-12-17 10:01:42,VZ,56.73,22,ASK
2018-12-17 10:01:42,VZ,56.72,16,BID
2018-12-17 10:01:42,VZ,56.73,22,ASK
2018-12-17 10:01:43,VZ,56.71,52,BID
2018-12-17 10:01:43,VZ,56.72,21,ASK
2018-12-17 10:01:45,VZ,56.71,53,BID
2018-12-17 10:01:43,VZ,56.72,17,ASK
2018-12-17 10:01:46,VZ,56.72,18,BID
2018-12-17 10:01:46,VZ,56.73,19,ASK
2018-12-17 10:01:46,VZ,56.72,10,BID
2018-12-17 10:01:47,VZ,56.73,19,ASK
2018-12-17 10:01:48,VZ,56.71,55,BID
2018-12-17 10:01:48,VZ,56.72,16,ASK
2018-12-17 10:01:49,VZ,56.72,20,BID
2018-12-17 10:01:49,VZ,56.73,19,ASK
2018-12-17 10:01:50,VZ,56.72,12,BID
2018-12-17 10:01:50,VZ,56.73,30,ASK
2018-12-17 10:01:51,VZ,56.71,60,BID
2018-12-17 10:01:51,VZ,56.72,17,ASK
2018-12-17 10:01:52,VZ,56.71,53,BID
2018-12-17 10:01:52,VZ,56.72,12,ASK
2018-12-17 10:01:53,VZ,56.68,7,BID
2018-12-17 10:01:53,VZ,56.69,22,ASK
2018-12-17 10:01:54,VZ,56.66,14,BID
2018-12-17 10:01:54,VZ,56.67,11,ASK
2018-12-17 10:01:55,VZ,56.65,30,BID
2018-12-17 10:01:55,VZ,56.66,7,ASK
2018-12-17 10:01:55,VZ,56.68,13,BID
2018-12-17 10:01:53,VZ,56.69,28,ASK
2018-12-17 10:01:56,VZ,56.68,11,BID
2018-12-17 10:01:53,VZ,56.69,20,ASK
2018-12-17 10:01:56,VZ,56.68,14,BID
2018-12-17 10:01:58,VZ,56.69,14,ASK
2018-12-17 10:01:56,VZ,56.68,12,BID
2018-12-17 10:01:58,VZ,56.69,15,ASK
2018-12-17 10:02:00,VZ,56.66,24,BID
2018-12-17 10:02:00,VZ,56.67,29,ASK
2018-12-17 10:02:01,VZ,56.66,9,BID
2018-12-17 10:02:01,VZ,56.67,29,ASK
2018-12-17 10:02:01,VZ,56.66,9,BID
2018-12-17 10:02:01,VZ,56.67,29,ASK
2018-12-17 10:02:01,VZ,56.66,12,BID
2018-12-17 10:02:03,VZ,56.67,18,ASK
2018-12-17 10:02:01,VZ,56.66,8,BID
2018-12-17 10:02:04,VZ,56.67,24,ASK
2018-12-17 10:02:01,VZ,56.66,9,BID
2018-12-17 10:02:05,VZ,56.67,18,ASK
2018-12-17 10:02:01,VZ,56.66,9,BID
2018-12-17 10:02:05,VZ,56.67,18,ASK
2018-12-17 10:02:07,VZ,56.66,10,BID
2018-12-17 10:02:07,VZ,56.67,15,ASK
2018-12-17 10:02:08,VZ,56.65,27,BID
2018-12-17 10:02:08,VZ,56.66,23,ASK
2018-12-17 10:02:09,VZ,56.65,29,BID
2018-12-17 10:02:09,VZ,56.66,19,ASK
2018-12-17 10:02:09,VZ,56.65,29,BID
2018-12-17 10:02:09,VZ,56.66,13,ASK
2018-12-17 10:02:11,VZ,56.65,26,BID
2018-12-17 10:02:11,VZ,56.66,22,ASK
2018-12-17 10:02:12,VZ,56.65,26,BID
2018-12-17 10:02:11,VZ,56.66,21,ASK
2018-12-17 10:02:13,VZ,56.65,26,BID
2018-12-17 10:02:11,VZ,56.66,20,ASK
2018-12-17 10:02:14,VZ,56.64,7,BID
2018-12-17 10:02:14,VZ,56.65,17,ASK
2018-12-17 10:02:15,VZ,56.64,9,BID
2018-12-17 10:02:15,VZ,56.65,21,ASK
2018-12-17 10:02:15,VZ,56.64,9,BID
2018-12-17 10:02:15,VZ,56.65,21,ASK
2018-12-17 10:02:17,VZ,56.64,17,BID
2018-12-17 10:02:17,VZ,56.65,24,ASK
2018-12-17 10:02:18,VZ,56.64,17,BID
2018-12-17 10:02:18,VZ,56.65,44,ASK
2018-12-17 10:02:19,VZ,56.64,16,BID
2018-12-17 10:02:19,VZ,56.65,44,ASK
2018-12-17 10:02:20,VZ,56.64,10,BID
2018-12-17 10:02:20,VZ,56.65,44,ASK
2018-12-17 10:02:21,VZ,56.64,9,BID
2018-12-17 10:02:21,VZ,56.65,44,ASK
2018-12-17 10:02:21,VZ,56.64,10,BID
2018-12-17 10:02:22,VZ,56.65,44,ASK
2018-12-17 10:02:23,VZ,56.64,13,BID
2018-12-17 10:02:23,VZ,56.65,44,ASK
2018-12-17 10:02:23,VZ,56.64,11,BID
2018-12-17 10:02:23,VZ,56.65,44,ASK
2018-12-17 10:02:23,VZ,56.64,11,BID
2018-12-17 10:02:23,VZ,56.65,44,ASK
2018-12-17 10:02:23,VZ,56.64,11,BID
2018-12-17 10:02:23,VZ,56.65,44,ASK
2018-12-17 10:02:23,VZ,56.64,11,BID
2018-12-17 10:02:23,VZ,56.65,44,ASK
2018-12-17 10:02:23,VZ,56.64,11,BID
2018-12-17 10:02:23,VZ,56.65,44,ASK
2018-12-17 10:02:23,VZ,56.64,11,BID
2018-12-17 10:02:29,VZ,56.65,44,ASK
2018-12-17 10:02:30,VZ,56.63,9,BID
2018-12-17 10:02:30,VZ,56.64,23,ASK
2018-12-17 10:02:31,VZ,56.63,10,BID
2018-12-17 10:02:30,VZ,56.64,22,ASK
2018-12-17 10:02:32,VZ,56.63,10,BID
2018-12-17 10:02:30,VZ,56.64,22,ASK
2018-12-17 10:02:33,VZ,56.63,9,BID
2018-12-17 10:02:30,VZ,56.64,22,ASK
2018-12-17 10:02:33,VZ,56.63,9,BID
2018-12-17 10:02:30,VZ,56.64,22,ASK
2018-12-17 10:02:35,VZ,56.64,32,BID
2018-12-17 10:02:35,VZ,56.65,63,ASK
2018-12-17 10:02:35,VZ,56.64,17,BID
2018-12-17 10:02:36,VZ,56.65,64,ASK
2018-12-17 10:02:35,VZ,56.64,16,BID
2018-12-17 10:02:37,VZ,56.65,64,ASK
2018-12-17 10:02:35,VZ,56.64,16,BID
2018-12-17 10:02:37,VZ,56.65,64,ASK
2018-12-17 10:02:35,VZ,56.64,16,BID
2018-12-17 10:02:39,VZ,56.65,64,ASK
2018-12-17 10:02:35,VZ,56.64,16,BID
2018-12-17 10:02:39,VZ,56.65,64,ASK
2018-12-17 10:02:35,VZ,56.64,16,BID
2018-12-17 10:02:41,VZ,56.65,65,ASK
2018-12-17 10:02:35,VZ,56.64,16,BID
2018-12-17 10:02:41,VZ,56.65,65,ASK
2018-12-17 10:02:35,VZ,56.64,16,BID
2018-12-17 10:02:43,VZ,56.65,65,ASK
2018-12-17 10:02:35,VZ,56.64,15,BID
2018-12-17 10:02:44,VZ,56.65,65,ASK
2018-12-17 10:02:45,VZ,56.64,17,BID
2018-12-17 10:02:45,VZ,56.65,65,ASK
2018-12-17 10:02:45,VZ,56.64,17,BID
2018-12-17 10:02:45,VZ,56.65,65,ASK
2018-12-17 10:02:47,VZ,56.64,14,BID
2018-12-17 10:02:47,VZ,56.65,65,ASK
2018-12-17 10:02:47,VZ,56.64,14,BID
2018-12-17 10:02:48,VZ,56.65,65,ASK
2018-12-17 10:02:47,VZ,56.64,15,BID
2018-12-17 10:02:49,VZ,56.65,65,ASK
2018-12-17 10:02:47,VZ,56.64,15,BID
2018-12-17 10:02:49,VZ,56.65,65,ASK
2018-12-17 10:02:47,VZ,56.64,16,BID
2018-12-17 10:02:51,VZ,56.65,68,ASK
2018-12-17 10:02:52,VZ,56.63,18,BID
2018-12-17 10:02:52,VZ,56.64,24,ASK
2018-12-17 10:02:52,VZ,56.63,16,BID
2018-12-17 10:02:53,VZ,56.64,19,ASK
2018-12-17 10:02:54,VZ,56.63,10,BID
2018-12-17 10:02:54,VZ,56.64,19,ASK
2018-12-17 10:02:55,VZ,56.63,19,BID
2018-12-17 10:02:55,VZ,56.64,18,ASK
2018-12-17 10:02:56,VZ,56.64,17,BID
2018-12-17 10:02:56,VZ,56.65,69,ASK
2018-12-17 10:02:56,VZ,56.64,18,BID
2018-12-17 10:02:57,VZ,56.65,69,ASK
2018-12-17 10:02:56,VZ,56.64,18,BID
2018-12-17 10:02:57,VZ,56.65,69,ASK
2018-12-17 10:02:56,VZ,56.64,18,BID
2018-12-17 10:02:57,VZ,56.65,69,ASK
2018-12-17 10:02:56,VZ,56.64,18,BID
2018-12-17 10:03:00,VZ,56.65,69,ASK
2018-12-17 10:02:56,VZ,56.64,16,BID
2018-12-17 10:03:01,VZ,56.65,69,ASK
2018-12-17 10:02:56,VZ,56.64,12,BID
2018-12-17 10:03:02,VZ,56.65,69,ASK
2018-12-17 10:03:03,VZ,56.63,16,BID
2018-12-17 10:03:03,VZ,56.64,28,ASK
2018-12-17 10:03:03,VZ,56.63,16,BID
2018-12-17 10:03:04,VZ,56.64,32,ASK
2018-12-17 10:03:03,VZ,56.63,13,BID
2018-12-17 10:03:05,VZ,56.64,31,ASK
2018-12-17 10:03:06,VZ,56.64,28,BID
2018-12-17 10:03:06,VZ,56.65,82,ASK
2018-12-17 10:03:06,VZ,56.64,29,BID
2018-12-17 10:03:07,VZ,56.65,82,ASK
2018-12-17 10:03:06,VZ,56.64,28,BID
2018-12-17 10:03:08,VZ,56.65,82,ASK
2018-12-17 10:03:06,VZ,56.64,29,BID
2018-12-17 10:03:09,VZ,56.65,67,ASK
2018-12-17 10:03:10,VZ,56.66,22,BID
2018-12-17 10:03:10,VZ,56.67,23,ASK
2018-12-17 10:03:11,VZ,56.67,15,BID
2018-12-17 10:03:10,VZ,56.68,29,ASK
2018-12-17 10:03:11,VZ,56.67,14,BID
2018-12-17 10:03:10,VZ,56.68,29,ASK
2018-12-17 10:03:11,VZ,56.67,14,BID
2018-12-17 10:03:10,VZ,56.68,29,ASK
2018-12-17 10:03:11,VZ,56.67,14,BID
2018-12-17 10:03:10,VZ,56.68,29,ASK
2018-12-17 10:03:13,VZ,56.67,14,BID
2018-12-17 10:03:10,VZ,56.68,29,ASK
2018-12-17 10:03:16,VZ,56.66,18,BID
2018-12-17 10:03:16,VZ,56.67,15,ASK
2018-12-17 10:03:16,VZ,56.66,18,BID
2018-12-17 10:03:16,VZ,56.67,15,ASK
2018-12-17 10:03:16,VZ,56.66,18,BID
2018-12-17 10:03:16,VZ,56.67,15,ASK
2018-12-17 10:03:19,VZ,56.65,13,BID
2018-12-17 10:03:20,VZ,56.66,21,ASK
2018-12-17 10:03:20,VZ,56.64,3,BID
2018-12-17 10:03:20,VZ,56.65,22,ASK
2018-12-17 10:03:22,VZ,56.63,22,BID
2018-12-17 10:03:21,VZ,56.64,25,ASK
2018-12-17 10:03:22,VZ,56.63,32,BID
2018-12-17 10:03:21,VZ,56.64,22,ASK
2018-12-17 10:03:23,VZ,56.64,43,BID
2018-12-17 10:03:23,VZ,56.65,3,ASK
2018-12-17 10:03:24,VZ,56.64,22,BID
2018-12-17 10:03:24,VZ,56.65,28,ASK
2018-12-17 10:03:26,VZ,56.62,7,BID
2018-12-17 10:03:25,VZ,56.64,25,ASK
2018-12-17 10:03:26,VZ,56.63,6,BID
2018-12-17 10:03:26,VZ,56.64,18,ASK
2018-12-17 10:03:26,VZ,56.63,6,BID
2018-12-17 10:03:27,VZ,56.64,17,ASK
2018-12-17 10:03:26,VZ,56.63,6,BID
2018-12-17 10:03:27,VZ,56.64,17,ASK
2018-12-17 10:03:26,VZ,56.63,6,BID
2018-12-17 10:03:29,VZ,56.64,24,ASK
2018-12-17 10:03:30,VZ,56.63,7,BID
2018-12-17 10:03:29,VZ,56.64,17,ASK
2018-12-17 10:03:30,VZ,56.63,7,BID
2018-12-17 10:03:29,VZ,56.64,17,ASK
2018-12-17 10:03:30,VZ,56.63,7,BID
2018-12-17 10:03:29,VZ,56.64,17,ASK
2018-12-17 10:03:34,VZ,56.63,6,BID
2018-12-17 10:03:29,VZ,56.64,19,ASK
2018-12-17 10:03:34,VZ,56.63,8,BID
2018-12-17 10:03:29,VZ,56.64,19,ASK
2018-12-17 10:03:34,VZ,56.63,8,BID
2018-12-17 10:03:29,VZ,56.64,19,ASK
2018-12-17 10:03:36,VZ,56.63,8,BID
2018-12-17 10:03:29,VZ,56.64,19,ASK
2018-12-17 10:03:37,VZ,56.63,9,BID
2018-12-17 10:03:37,VZ,56.64,18,ASK
2018-12-17 10:03:39,VZ,56.63,8,BID
2018-12-17 10:03:38,VZ,56.64,28,ASK
2018-12-17 10:03:39,VZ,56.63,8,BID
2018-12-17 10:03:38,VZ,56.64,22,ASK
2018-12-17 10:03:39,VZ,56.63,8,BID
2018-12-17 10:03:38,VZ,56.64,22,ASK
2018-12-17 10:03:41,VZ,56.62,20,BID
2018-12-17 10:03:41,VZ,56.63,14,ASK
2018-12-17 10:03:42,VZ,56.62,19,BID
2018-12-17 10:03:42,VZ,56.63,2,ASK
2018-12-17 10:03:44,VZ,56.62,19,BID
2018-12-17 10:03:43,VZ,56.63,12,ASK
2018-12-17 10:03:45,VZ,56.61,8,BID
2018-12-17 10:03:45,VZ,56.62,20,ASK
2018-12-17 10:03:45,VZ,56.61,8,BID
2018-12-17 10:03:45,VZ,56.62,20,ASK
2018-12-17 10:03:47,VZ,56.61,8,BID
2018-12-17 10:03:47,VZ,56.62,21,ASK
2018-12-17 10:03:48,VZ,56.6,8,BID
2018-12-17 10:03:48,VZ,56.61,22,ASK
2018-12-17 10:03:49,VZ,56.6,9,BID
2018-12-17 10:03:49,VZ,56.61,11,ASK
2018-12-17 10:03:49,VZ,56.59,19,BID
2018-12-17 10:03:49,VZ,56.6,26,ASK
2018-12-17 10:03:49,VZ,56.59,40,BID
2018-12-17 10:03:49,VZ,56.6,18,ASK
2018-12-17 10:03:49,VZ,56.58,15,BID
2018-12-17 10:03:52,VZ,56.59,37,ASK
2018-12-17 10:03:52,VZ,56.59,22,BID
2018-12-17 10:03:49,VZ,56.6,23,ASK
2018-12-17 10:03:53,VZ,56.59,18,BID
2018-12-17 10:03:49,VZ,56.6,23,ASK
2018-12-17 10:03:53,VZ,56.59,18,BID
2018-12-17 10:03:49,VZ,56.6,23,ASK
2018-12-17 10:03:55,VZ,56.6,31,BID
2018-12-17 10:03:55,VZ,56.61,10,ASK
2018-12-17 10:03:56,VZ,56.59,28,BID
2018-12-17 10:03:56,VZ,56.6,8,ASK
2018-12-17 10:03:58,VZ,56.6,28,BID
2018-12-17 10:03:58,VZ,56.61,14,ASK
2018-12-17 10:03:58,VZ,56.59,27,BID
