timestamp,ticker,price,volume,bid_ask
2018-12-17 09:40:36,WBA,78.05,2,BID
2018-12-17 09:40:36,WBA,78.07,2,ASK
2018-12-17 09:40:36,WBA,78.06,1,BID
2018-12-17 09:40:36,WBA,78.08,6,ASK
2018-12-17 09:40:38,WBA,78.06,1,BID
2018-12-17 09:40:36,WBA,78.08,7,ASK
2018-12-17 09:40:38,WBA,78.06,2,BID
2018-12-17 09:40:36,WBA,78.08,7,ASK
2018-12-17 09:40:39,WBA,78.06,3,BID
2018-12-17 09:40:36,WBA,78.08,7,ASK
2018-12-17 09:40:39,WBA,78.06,4,BID
2018-12-17 09:40:36,WBA,78.08,7,ASK
2018-12-17 09:40:39,WBA,78.06,4,BID
2018-12-17 09:40:36,WBA,78.08,7,ASK
2018-12-17 09:40:39,WBA,78.06,4,BID
2018-12-17 09:40:36,WBA,78.08,7,ASK
2018-12-17 09:40:39,WBA,78.06,4,BID
2018-12-17 09:40:36,WBA,78.08,7,ASK
2018-12-17 09:40:45,WBA,78.09,5,BID
2018-12-17 09:40:45,WBA,78.1,2,ASK
2018-12-17 09:40:46,WBA,78.08,3,BID
2018-12-17 09:40:46,WBA,78.09,1,ASK
2018-12-17 09:40:47,WBA,78.09,1,BID
2018-12-17 09:40:46,WBA,78.1,3,ASK
2018-12-17 09:40:47,WBA,78.08,6,BID
2018-12-17 09:40:47,WBA,78.09,2,ASK
2018-12-17 09:40:49,WBA,78.07,2,BID
2018-12-17 09:40:49,WBA,78.08,3,ASK
2018-12-17 09:40:49,WBA,78.05,8,BID
2018-12-17 09:40:49,WBA,78.06,5,ASK
2018-12-17 09:40:50,WBA,78.05,11,BID
2018-12-17 09:40:50,WBA,78.08,3,ASK
2018-12-17 09:40:50,WBA,78.05,13,BID
2018-12-17 09:40:50,WBA,78.08,3,ASK
2018-12-17 09:40:50,WBA,78.05,13,BID
2018-12-17 09:40:52,WBA,78.08,3,ASK
2018-12-17 09:40:50,WBA,78.05,13,BID
2018-12-17 09:40:52,WBA,78.08,3,ASK
2018-12-17 09:40:54,WBA,78.04,1,BID
2018-12-17 09:40:54,WBA,78.06,1,ASK
2018-12-17 09:40:55,WBA,78.04,2,BID
2018-12-17 09:40:55,WBA,78.06,1,ASK
2018-12-17 09:40:56,WBA,78.04,2,BID
2018-12-17 09:40:56,WBA,78.06,2,ASK
2018-12-17 09:40:58,WBA,78.03,3,BID
2018-12-17 09:40:58,WBA,78.06,4,ASK
2018-12-17 09:40:58,WBA,78.02,3,BID
2018-12-17 09:40:58,WBA,78.04,5,ASK
2018-12-17 09:41:00,WBA,78.02,4,BID
2018-12-17 09:41:00,WBA,78.04,6,ASK
2018-12-17 09:41:00,WBA,78.02,4,BID
2018-12-17 09:41:00,WBA,78.04,6,ASK
2018-12-17 09:41:00,WBA,78.02,4,BID
2018-12-17 09:41:00,WBA,78.04,6,ASK
2018-12-17 09:41:02,WBA,78.03,5,BID
2018-12-17 09:41:02,WBA,78.06,7,ASK
2018-12-17 09:41:03,WBA,78.03,5,BID
2018-12-17 09:41:02,WBA,78.06,5,ASK
2018-12-17 09:41:04,WBA,78.06,6,BID
2018-12-17 09:41:04,WBA,78.08,2,ASK
2018-12-17 09:41:04,WBA,78.06,6,BID
2018-12-17 09:41:04,WBA,78.08,2,ASK
2018-12-17 09:41:04,WBA,78.06,6,BID
2018-12-17 09:41:04,WBA,78.08,2,ASK
2018-12-17 09:41:04,WBA,78.06,6,BID
2018-12-17 09:41:04,WBA,78.08,2,ASK
2018-12-17 09:41:08,WBA,78.03,2,BID
2018-12-17 09:41:08,WBA,78.06,2,ASK
2018-12-17 09:41:09,WBA,78.03,3,BID
2018-12-17 09:41:09,WBA,78.06,2,ASK
2018-12-17 09:41:09,WBA,78.03,3,BID
2018-12-17 09:41:09,WBA,78.06,2,ASK
2018-12-17 09:41:09,WBA,78.03,2,BID
2018-12-17 09:41:08,WBA,78.06,2,ASK
2018-12-17 09:41:09,WBA,78.03,2,BID
2018-12-17 09:41:08,WBA,78.06,2,ASK
2018-12-17 09:41:13,WBA,78.04,1,BID
2018-12-17 09:41:13,WBA,78.06,2,ASK
2018-12-17 09:41:14,WBA,78.03,4,BID
2018-12-17 09:41:14,WBA,78.06,6,ASK
2018-12-17 09:41:15,WBA,78.03,5,BID
2018-12-17 09:41:15,WBA,78.06,8,ASK
2018-12-17 09:41:15,WBA,78.02,1,BID
2018-12-17 09:41:15,WBA,78.06,10,ASK
2018-12-17 09:41:17,WBA,78.03,2,BID
2018-12-17 09:41:15,WBA,78.06,9,ASK
2018-12-17 09:41:17,WBA,78.02,2,BID
2018-12-17 09:41:15,WBA,78.06,10,ASK
2018-12-17 09:41:19,WBA,78.02,3,BID
2018-12-17 09:41:15,WBA,78.06,12,ASK
2018-12-17 09:41:20,WBA,78.02,5,BID
2018-12-17 09:41:15,WBA,78.06,10,ASK
2018-12-17 09:41:20,WBA,78.02,5,BID
2018-12-17 09:41:15,WBA,78.06,11,ASK
2018-12-17 09:41:22,WBA,78.03,2,BID
2018-12-17 09:41:15,WBA,78.06,9,ASK
2018-12-17 09:41:24,WBA,78.03,4,BID
2018-12-17 09:41:15,WBA,78.06,10,ASK
2018-12-17 09:41:24,WBA,78.03,4,BID
2018-12-17 09:41:15,WBA,78.06,10,ASK
2018-12-17 09:41:24,WBA,78.03,4,BID
2018-12-17 09:41:15,WBA,78.06,10,ASK
2018-12-17 09:41:27,WBA,78.02,2,BID
2018-12-17 09:41:27,WBA,78.03,10,ASK
2018-12-17 09:41:27,WBA,78.01,4,BID
2018-12-17 09:41:27,WBA,78.03,10,ASK
2018-12-17 09:41:29,WBA,78.04,2,BID
2018-12-17 09:41:15,WBA,78.06,10,ASK
2018-12-17 09:41:30,WBA,78.04,3,BID
2018-12-17 09:41:15,WBA,78.06,10,ASK
2018-12-17 09:41:30,WBA,78.07,2,BID
2018-12-17 09:41:30,WBA,78.08,4,ASK
2018-12-17 09:41:31,WBA,78.05,1,BID
2018-12-17 09:41:31,WBA,78.08,3,ASK
2018-12-17 09:41:32,WBA,78.05,2,BID
2018-12-17 09:41:31,WBA,78.09,7,ASK
2018-12-17 09:41:33,WBA,78.04,1,BID
2018-12-17 09:41:33,WBA,78.07,3,ASK
2018-12-17 09:41:34,WBA,78.05,1,BID
2018-12-17 09:41:34,WBA,78.08,5,ASK
2018-12-17 09:41:36,WBA,78.04,1,BID
2018-12-17 09:41:36,WBA,78.07,2,ASK
2018-12-17 09:41:37,WBA,78.05,4,BID
2018-12-17 09:41:37,WBA,78.08,5,ASK
2018-12-17 09:41:38,WBA,78.05,4,BID
2018-12-17 09:41:37,WBA,78.08,7,ASK
2018-12-17 09:41:38,WBA,78.05,4,BID
2018-12-17 09:41:37,WBA,78.08,8,ASK
2018-12-17 09:41:40,WBA,78.06,2,BID
2018-12-17 09:41:37,WBA,78.08,6,ASK
2018-12-17 09:41:40,WBA,78.05,4,BID
2018-12-17 09:41:37,WBA,78.08,6,ASK
2018-12-17 09:41:42,WBA,78.05,7,BID
2018-12-17 09:41:37,WBA,78.08,8,ASK
2018-12-17 09:41:42,WBA,78.05,7,BID
2018-12-17 09:41:43,WBA,78.07,1,ASK
2018-12-17 09:41:43,WBA,78.05,7,BID
2018-12-17 09:41:37,WBA,78.08,8,ASK
2018-12-17 09:41:43,WBA,78.05,7,BID
2018-12-17 09:41:37,WBA,78.08,8,ASK
2018-12-17 09:41:46,WBA,78.05,7,BID
2018-12-17 09:41:45,WBA,78.07,2,ASK
2018-12-17 09:41:46,WBA,78.05,7,BID
2018-12-17 09:41:45,WBA,78.07,2,ASK
2018-12-17 09:41:47,WBA,78.08,3,BID
2018-12-17 09:41:31,WBA,78.09,5,ASK
2018-12-17 09:41:49,WBA,78.09,1,BID
2018-12-17 09:41:49,WBA,78.1,3,ASK
2018-12-17 09:41:49,WBA,78.08,4,BID
2018-12-17 09:41:49,WBA,78.09,1,ASK
2018-12-17 09:41:49,WBA,78.09,9,BID
2018-12-17 09:41:50,WBA,78.1,1,ASK
2018-12-17 09:41:52,WBA,78.09,6,BID
2018-12-17 09:41:52,WBA,78.1,1,ASK
2018-12-17 09:41:52,WBA,78.11,4,BID
2018-12-17 09:41:52,WBA,78.14,5,ASK
2018-12-17 09:41:53,WBA,78.11,5,BID
2018-12-17 09:41:52,WBA,78.14,3,ASK
2018-12-17 09:41:54,WBA,78.1,6,BID
2018-12-17 09:41:52,WBA,78.14,4,ASK
2018-12-17 09:41:54,WBA,78.1,6,BID
2018-12-17 09:41:52,WBA,78.14,4,ASK
2018-12-17 09:41:55,WBA,78.11,5,BID
2018-12-17 09:41:55,WBA,78.13,2,ASK
2018-12-17 09:41:58,WBA,78.09,13,BID
2018-12-17 09:41:58,WBA,78.11,3,ASK
2018-12-17 09:41:58,WBA,78.08,8,BID
2018-12-17 09:41:58,WBA,78.11,6,ASK
2018-12-17 09:41:58,WBA,78.12,3,BID
2018-12-17 09:41:52,WBA,78.14,5,ASK
2018-12-17 09:41:58,WBA,78.12,4,BID
2018-12-17 09:41:52,WBA,78.14,6,ASK
2018-12-17 09:41:58,WBA,78.12,3,BID
2018-12-17 09:41:52,WBA,78.14,7,ASK
2018-12-17 09:42:03,WBA,78.12,4,BID
2018-12-17 09:42:03,WBA,78.13,2,ASK
2018-12-17 09:42:03,WBA,78.09,1,BID
2018-12-17 09:42:03,WBA,78.11,2,ASK
2018-12-17 09:42:03,WBA,78.09,1,BID
2018-12-17 09:42:03,WBA,78.11,2,ASK
2018-12-17 09:42:06,WBA,78.09,1,BID
2018-12-17 09:42:06,WBA,78.11,4,ASK
2018-12-17 09:42:06,WBA,78.09,1,BID
2018-12-17 09:42:06,WBA,78.11,4,ASK
2018-12-17 09:41:58,WBA,78.08,5,BID
2018-12-17 09:42:08,WBA,78.11,5,ASK
2018-12-17 09:41:58,WBA,78.08,5,BID
2018-12-17 09:42:08,WBA,78.11,5,ASK
2018-12-17 09:41:58,WBA,78.08,5,BID
2018-12-17 09:42:10,WBA,78.11,6,ASK
2018-12-17 09:41:58,WBA,78.08,5,BID
2018-12-17 09:42:10,WBA,78.11,6,ASK
2018-12-17 09:42:11,WBA,78.08,6,BID
2018-12-17 09:42:03,WBA,78.11,9,ASK
2018-12-17 09:42:13,WBA,78.05,8,BID
2018-12-17 09:42:13,WBA,78.08,10,ASK
2018-12-17 09:42:13,WBA,78.04,6,BID
2018-12-17 09:42:13,WBA,78.07,7,ASK
2018-12-17 09:42:15,WBA,78.04,4,BID
2018-12-17 09:42:13,WBA,78.07,7,ASK
2018-12-17 09:42:15,WBA,78.04,4,BID
2018-12-17 09:42:13,WBA,78.07,6,ASK
2018-12-17 09:42:16,WBA,78.04,5,BID
2018-12-17 09:42:13,WBA,78.07,7,ASK
2018-12-17 09:42:18,WBA,78.01,6,BID
2018-12-17 09:42:18,WBA,78.05,1,ASK
2018-12-17 09:42:19,WBA,78.0,3,BID
2018-12-17 09:42:19,WBA,78.02,2,ASK
2018-12-17 09:42:19,WBA,78.01,2,BID
2018-12-17 09:42:19,WBA,78.03,6,ASK
2018-12-17 09:42:21,WBA,77.98,6,BID
2018-12-17 09:42:21,WBA,78.02,7,ASK
2018-12-17 09:42:21,WBA,77.98,6,BID
2018-12-17 09:42:21,WBA,78.02,7,ASK
2018-12-17 09:42:21,WBA,77.98,6,BID
2018-12-17 09:42:23,WBA,78.02,7,ASK
2018-12-17 09:42:21,WBA,77.98,6,BID
2018-12-17 09:42:23,WBA,78.02,7,ASK
2018-12-17 09:42:25,WBA,77.99,2,BID
2018-12-17 09:42:25,WBA,78.02,7,ASK
2018-12-17 09:42:26,WBA,77.95,8,BID
2018-12-17 09:42:26,WBA,78.0,7,ASK
2018-12-17 09:42:26,WBA,77.95,8,BID
2018-12-17 09:42:26,WBA,78.0,7,ASK
2018-12-17 09:42:27,WBA,77.96,1,BID
2018-12-17 09:42:27,WBA,78.0,5,ASK
2018-12-17 09:42:29,WBA,77.99,3,BID
2018-12-17 09:42:29,WBA,78.02,7,ASK
2018-12-17 09:42:30,WBA,78.0,1,BID
2018-12-17 09:42:30,WBA,78.02,5,ASK
2018-12-17 09:42:31,WBA,78.02,3,BID
2018-12-17 09:42:31,WBA,78.04,4,ASK
2018-12-17 09:42:31,WBA,78.02,3,BID
2018-12-17 09:42:31,WBA,78.04,5,ASK
2018-12-17 09:42:33,WBA,78.04,13,BID
2018-12-17 09:42:13,WBA,78.07,6,ASK
2018-12-17 09:42:33,WBA,78.04,13,BID
2018-12-17 09:42:13,WBA,78.07,6,ASK
2018-12-17 09:42:35,WBA,78.06,7,BID
2018-12-17 09:42:35,WBA,78.08,5,ASK
2018-12-17 09:42:35,WBA,78.06,9,BID
2018-12-17 09:42:35,WBA,78.08,5,ASK
2018-12-17 09:42:36,WBA,78.04,19,BID
2018-12-17 09:42:37,WBA,78.05,3,ASK
2018-12-17 09:42:36,WBA,78.04,22,BID
2018-12-17 09:42:38,WBA,78.05,3,ASK
2018-12-17 09:42:39,WBA,78.03,5,BID
2018-12-17 09:42:39,WBA,78.04,1,ASK
2018-12-17 09:42:40,WBA,78.03,5,BID
2018-12-17 09:42:40,WBA,78.04,1,ASK
2018-12-17 09:42:40,WBA,78.03,6,BID
2018-12-17 09:42:40,WBA,78.05,9,ASK
2018-12-17 09:42:41,WBA,78.03,6,BID
2018-12-17 09:42:42,WBA,78.04,1,ASK
2018-12-17 09:42:43,WBA,78.02,7,BID
2018-12-17 09:42:43,WBA,78.04,1,ASK
2018-12-17 09:42:43,WBA,78.02,7,BID
2018-12-17 09:42:43,WBA,78.04,2,ASK
2018-12-17 09:42:44,WBA,78.01,4,BID
2018-12-17 09:42:44,WBA,78.02,3,ASK
2018-12-17 09:42:44,WBA,78.01,5,BID
2018-12-17 09:42:46,WBA,78.02,4,ASK
2018-12-17 09:42:47,WBA,78.03,3,BID
2018-12-17 09:42:47,WBA,78.04,4,ASK
2018-12-17 09:42:48,WBA,78.03,3,BID
2018-12-17 09:42:47,WBA,78.04,5,ASK
2018-12-17 09:42:48,WBA,78.01,5,BID
2018-12-17 09:42:49,WBA,78.02,1,ASK
2018-12-17 09:42:48,WBA,78.01,6,BID
2018-12-17 09:42:50,WBA,78.02,1,ASK
2018-12-17 09:42:48,WBA,78.01,5,BID
2018-12-17 09:42:51,WBA,78.02,1,ASK
2018-12-17 09:42:52,WBA,78.01,5,BID
2018-12-17 09:42:52,WBA,78.02,1,ASK
2018-12-17 09:42:53,WBA,78.03,6,BID
2018-12-17 09:42:53,WBA,78.06,6,ASK
2018-12-17 09:42:53,WBA,78.03,9,BID
2018-12-17 09:42:53,WBA,78.06,6,ASK
2018-12-17 09:42:55,WBA,78.08,6,BID
2018-12-17 09:42:55,WBA,78.1,6,ASK
2018-12-17 09:42:56,WBA,78.1,3,BID
2018-12-17 09:42:56,WBA,78.11,4,ASK
2018-12-17 09:42:57,WBA,78.09,2,BID
2018-12-17 09:42:57,WBA,78.1,2,ASK
2018-12-17 09:42:58,WBA,78.1,5,BID
2018-12-17 09:42:58,WBA,78.11,3,ASK
2018-12-17 09:42:59,WBA,78.09,6,BID
2018-12-17 09:42:59,WBA,78.11,8,ASK
2018-12-17 09:42:59,WBA,78.09,6,BID
2018-12-17 09:43:00,WBA,78.11,9,ASK
2018-12-17 09:43:01,WBA,78.09,6,BID
2018-12-17 09:43:01,WBA,78.12,3,ASK
2018-12-17 09:43:02,WBA,78.08,6,BID
2018-12-17 09:43:02,WBA,78.1,4,ASK
2018-12-17 09:43:03,WBA,78.08,6,BID
2018-12-17 09:43:03,WBA,78.1,4,ASK
2018-12-17 09:43:04,WBA,78.08,8,BID
2018-12-17 09:43:04,WBA,78.1,4,ASK
2018-12-17 09:43:04,WBA,78.08,8,BID
2018-12-17 09:43:04,WBA,78.1,4,ASK
2018-12-17 09:43:04,WBA,78.08,8,BID
2018-12-17 09:43:04,WBA,78.1,4,ASK
2018-12-17 09:43:07,WBA,78.08,7,BID
2018-12-17 09:43:07,WBA,78.1,4,ASK
2018-12-17 09:43:08,WBA,78.08,9,BID
2018-12-17 09:43:08,WBA,78.1,4,ASK
2018-12-17 09:42:53,WBA,78.03,7,BID
2018-12-17 09:43:09,WBA,78.08,1,ASK
2018-12-17 09:43:10,WBA,78.03,7,BID
2018-12-17 09:43:10,WBA,78.08,6,ASK
2018-12-17 09:43:10,WBA,78.03,7,BID
2018-12-17 09:43:11,WBA,78.08,4,ASK
2018-12-17 09:43:10,WBA,78.03,7,BID
2018-12-17 09:43:11,WBA,78.07,2,ASK
2018-12-17 09:43:10,WBA,78.03,8,BID
2018-12-17 09:43:12,WBA,78.07,2,ASK
2018-12-17 09:43:10,WBA,78.03,10,BID
2018-12-17 09:43:14,WBA,78.07,3,ASK
2018-12-17 09:43:15,WBA,78.03,13,BID
2018-12-17 09:43:15,WBA,78.07,4,ASK
2018-12-17 09:43:15,WBA,78.03,12,BID
2018-12-17 09:43:16,WBA,78.06,1,ASK
2018-12-17 09:43:15,WBA,78.03,13,BID
2018-12-17 09:43:17,WBA,78.06,5,ASK
2018-12-17 09:43:18,WBA,78.02,3,BID
2018-12-17 09:43:18,WBA,78.04,1,ASK
2018-12-17 09:42:30,WBA,77.99,4,BID
2018-12-17 09:43:19,WBA,78.01,3,ASK
2018-12-17 09:43:19,WBA,77.96,4,BID
2018-12-17 09:43:19,WBA,78.01,6,ASK
2018-12-17 09:43:19,WBA,77.95,9,BID
2018-12-17 09:43:19,WBA,77.97,3,ASK
2018-12-17 09:43:20,WBA,77.91,5,BID
2018-12-17 09:43:20,WBA,77.95,4,ASK
2018-12-17 09:43:20,WBA,77.92,3,BID
2018-12-17 09:43:20,WBA,77.96,8,ASK
2018-12-17 09:43:21,WBA,77.92,3,BID
2018-12-17 09:43:21,WBA,77.96,5,ASK
2018-12-17 09:43:21,WBA,77.92,3,BID
2018-12-17 09:43:21,WBA,77.95,1,ASK
2018-12-17 09:43:22,WBA,77.91,7,BID
2018-12-17 09:43:22,WBA,77.95,1,ASK
2018-12-17 09:43:22,WBA,77.91,5,BID
2018-12-17 09:43:22,WBA,77.95,1,ASK
2018-12-17 09:43:23,WBA,77.92,6,BID
2018-12-17 09:43:23,WBA,77.95,3,ASK
2018-12-17 09:43:23,WBA,77.92,6,BID
2018-12-17 09:43:23,WBA,77.95,3,ASK
2018-12-17 09:43:25,WBA,77.94,4,BID
2018-12-17 09:43:20,WBA,77.97,6,ASK
2018-12-17 09:43:25,WBA,77.94,4,BID
2018-12-17 09:43:20,WBA,77.97,6,ASK
2018-12-17 09:43:23,WBA,77.92,5,BID
2018-12-17 09:43:28,WBA,77.93,2,ASK
2018-12-17 09:43:29,WBA,77.97,3,BID
2018-12-17 09:43:29,WBA,77.99,8,ASK
2018-12-17 09:43:30,WBA,77.97,5,BID
2018-12-17 09:43:30,WBA,78.0,1,ASK
2018-12-17 09:43:31,WBA,77.97,4,BID
2018-12-17 09:43:30,WBA,78.01,11,ASK
2018-12-17 09:43:32,WBA,77.97,5,BID
2018-12-17 09:43:30,WBA,78.01,11,ASK
2018-12-17 09:43:34,WBA,78.0,8,BID
2018-12-17 09:43:34,WBA,78.03,8,ASK
2018-12-17 09:43:36,WBA,78.0,8,BID
2018-12-17 09:43:34,WBA,78.03,7,ASK
2018-12-17 09:43:38,WBA,78.0,6,BID
2018-12-17 09:43:34,WBA,78.03,8,ASK
2018-12-17 09:43:33,WBA,77.97,6,BID
2018-12-17 09:43:38,WBA,77.99,3,ASK
2018-12-17 09:43:38,WBA,77.97,9,BID
2018-12-17 09:43:39,WBA,78.0,3,ASK
2018-12-17 09:43:38,WBA,77.97,9,BID
2018-12-17 09:43:39,WBA,78.0,3,ASK
2018-12-17 09:43:38,WBA,77.97,9,BID
2018-12-17 09:43:39,WBA,78.0,3,ASK
2018-12-17 09:43:38,WBA,77.97,8,BID
2018-12-17 09:43:41,WBA,78.0,3,ASK
2018-12-17 09:43:38,WBA,77.97,9,BID
2018-12-17 09:43:42,WBA,78.0,3,ASK
2018-12-17 09:43:45,WBA,77.97,9,BID
2018-12-17 09:43:46,WBA,78.0,3,ASK
2018-12-17 09:43:45,WBA,77.97,9,BID
2018-12-17 09:43:46,WBA,78.0,3,ASK
2018-12-17 09:43:45,WBA,77.97,11,BID
2018-12-17 09:43:48,WBA,78.0,3,ASK
2018-12-17 09:43:49,WBA,77.99,2,BID
2018-12-17 09:43:49,WBA,78.01,3,ASK
2018-12-17 09:43:49,WBA,77.99,2,BID
2018-12-17 09:43:49,WBA,78.01,3,ASK
2018-12-17 09:43:51,WBA,77.99,2,BID
2018-12-17 09:43:51,WBA,78.01,2,ASK
2018-12-17 09:43:51,WBA,77.99,2,BID
2018-12-17 09:43:52,WBA,78.01,2,ASK
2018-12-17 09:43:53,WBA,78.0,2,BID
2018-12-17 09:43:34,WBA,78.03,8,ASK
2018-12-17 09:43:54,WBA,78.0,3,BID
2018-12-17 09:43:34,WBA,78.03,8,ASK
2018-12-17 09:43:54,WBA,78.0,3,BID
2018-12-17 09:43:34,WBA,78.03,9,ASK
2018-12-17 09:43:54,WBA,78.0,3,BID
2018-12-17 09:43:34,WBA,78.03,9,ASK
2018-12-17 09:43:54,WBA,78.0,4,BID
2018-12-17 09:43:34,WBA,78.03,9,ASK
2018-12-17 09:43:58,WBA,78.01,1,BID
2018-12-17 09:43:34,WBA,78.03,9,ASK
2018-12-17 09:43:54,WBA,78.0,3,BID
2018-12-17 09:43:34,WBA,78.03,9,ASK
2018-12-17 09:43:54,WBA,78.0,3,BID
2018-12-17 09:43:34,WBA,78.03,9,ASK
2018-12-17 09:44:01,WBA,78.03,1,BID
2018-12-17 09:44:01,WBA,78.05,5,ASK
2018-12-17 09:44:01,WBA,78.02,3,BID
2018-12-17 09:44:02,WBA,78.05,5,ASK
2018-12-17 09:44:01,WBA,78.02,3,BID
2018-12-17 09:44:02,WBA,78.05,5,ASK
2018-12-17 09:44:01,WBA,78.02,3,BID
2018-12-17 09:44:02,WBA,78.05,5,ASK
2018-12-17 09:44:01,WBA,78.02,3,BID
2018-12-17 09:44:02,WBA,78.05,5,ASK
2018-12-17 09:44:01,WBA,78.02,3,BID
2018-12-17 09:44:02,WBA,78.05,5,ASK
2018-12-17 09:44:06,WBA,78.03,1,BID
2018-12-17 09:44:06,WBA,78.05,5,ASK
2018-12-17 09:44:07,WBA,78.03,4,BID
2018-12-17 09:44:07,WBA,78.06,5,ASK
2018-12-17 09:44:08,WBA,78.03,2,BID
2018-12-17 09:44:08,WBA,78.06,6,ASK
2018-12-17 09:44:08,WBA,78.03,3,BID
2018-12-17 09:44:09,WBA,78.06,6,ASK
2018-12-17 09:44:08,WBA,78.03,3,BID
2018-12-17 09:44:09,WBA,78.06,6,ASK
2018-12-17 09:44:11,WBA,78.03,7,BID
2018-12-17 09:43:16,WBA,78.06,5,ASK
2018-12-17 09:44:11,WBA,78.03,6,BID
2018-12-17 09:43:16,WBA,78.06,5,ASK
2018-12-17 09:44:14,WBA,78.03,5,BID
2018-12-17 09:43:16,WBA,78.06,5,ASK
2018-12-17 09:44:15,WBA,78.05,4,BID
2018-12-17 09:44:15,WBA,78.08,2,ASK
2018-12-17 09:44:15,WBA,78.05,3,BID
2018-12-17 09:44:16,WBA,78.08,2,ASK
2018-12-17 09:44:17,WBA,78.05,7,BID
2018-12-17 09:44:17,WBA,78.08,3,ASK
2018-12-17 09:44:17,WBA,78.05,7,BID
2018-12-17 09:44:17,WBA,78.08,3,ASK
2018-12-17 09:44:17,WBA,78.05,6,BID
2018-12-17 09:44:17,WBA,78.08,4,ASK
2018-12-17 09:44:20,WBA,78.06,3,BID
2018-12-17 09:44:17,WBA,78.08,4,ASK
2018-12-17 09:44:21,WBA,78.09,5,BID
2018-12-17 09:44:21,WBA,78.1,4,ASK
2018-12-17 09:44:22,WBA,78.1,2,BID
2018-12-17 09:44:22,WBA,78.12,2,ASK
2018-12-17 09:44:24,WBA,78.09,6,BID
2018-12-17 09:44:24,WBA,78.12,4,ASK
2018-12-17 09:44:24,WBA,78.09,6,BID
2018-12-17 09:44:24,WBA,78.12,4,ASK
2018-12-17 09:44:24,WBA,78.09,6,BID
2018-12-17 09:44:24,WBA,78.12,4,ASK
2018-12-17 09:44:26,WBA,78.09,6,BID
2018-12-17 09:44:24,WBA,78.12,4,ASK
2018-12-17 09:44:27,WBA,78.09,8,BID
2018-12-17 09:44:24,WBA,78.12,3,ASK
2018-12-17 09:44:29,WBA,78.09,8,BID
2018-12-17 09:44:29,WBA,78.12,4,ASK
2018-12-17 09:44:29,WBA,78.09,9,BID
2018-12-17 09:44:29,WBA,78.12,4,ASK
2018-12-17 09:44:29,WBA,78.09,9,BID
2018-12-17 09:44:29,WBA,78.12,4,ASK
2018-12-17 09:44:31,WBA,78.09,10,BID
2018-12-17 09:44:29,WBA,78.12,4,ASK
2018-12-17 09:44:32,WBA,78.07,3,BID
2018-12-17 09:44:32,WBA,78.09,7,ASK
2018-12-17 09:44:34,WBA,78.09,1,BID
2018-12-17 09:44:29,WBA,78.12,8,ASK
2018-12-17 09:44:34,WBA,78.09,4,BID
2018-12-17 09:44:34,WBA,78.11,1,ASK
2018-12-17 09:44:35,WBA,78.13,4,BID
2018-12-17 09:37:09,WBA,78.16,6,ASK
2018-12-17 09:44:36,WBA,78.13,7,BID
2018-12-17 09:44:35,WBA,78.16,4,ASK
2018-12-17 09:44:37,WBA,78.15,3,BID
2018-12-17 09:44:37,WBA,78.17,6,ASK
2018-12-17 09:44:38,WBA,78.15,2,BID
2018-12-17 09:44:38,WBA,78.17,1,ASK
2018-12-17 09:44:38,WBA,78.15,2,BID
2018-12-17 09:44:38,WBA,78.17,1,ASK
2018-12-17 09:44:41,WBA,78.16,1,BID
2018-12-17 09:44:41,WBA,78.18,4,ASK
2018-12-17 09:44:41,WBA,78.16,4,BID
2018-12-17 09:44:41,WBA,78.18,5,ASK
2018-12-17 09:44:41,WBA,78.16,4,BID
2018-12-17 09:44:41,WBA,78.18,5,ASK
2018-12-17 09:44:41,WBA,78.16,4,BID
2018-12-17 09:44:41,WBA,78.18,5,ASK
2018-12-17 09:44:41,WBA,78.16,4,BID
2018-12-17 09:44:41,WBA,78.18,5,ASK
2018-12-17 09:44:41,WBA,78.16,4,BID
2018-12-17 09:44:41,WBA,78.18,5,ASK
2018-12-17 09:44:46,WBA,78.16,6,BID
2018-12-17 09:44:46,WBA,78.18,5,ASK
2018-12-17 09:44:46,WBA,78.16,6,BID
2018-12-17 09:44:46,WBA,78.18,5,ASK
2018-12-17 09:44:48,WBA,78.17,5,BID
2018-12-17 09:44:48,WBA,78.19,2,ASK
2018-12-17 09:44:49,WBA,78.19,3,BID
2018-12-17 09:44:49,WBA,78.2,6,ASK
2018-12-17 09:44:50,WBA,78.17,6,BID
2018-12-17 09:44:50,WBA,78.19,3,ASK
2018-12-17 09:44:50,WBA,78.17,7,BID
2018-12-17 09:44:51,WBA,78.19,4,ASK
2018-12-17 09:44:50,WBA,78.17,7,BID
2018-12-17 09:44:51,WBA,78.19,4,ASK
2018-12-17 09:44:50,WBA,78.17,7,BID
2018-12-17 09:44:51,WBA,78.19,4,ASK
2018-12-17 09:44:54,WBA,78.15,5,BID
2018-12-17 09:44:54,WBA,78.16,3,ASK
2018-12-17 09:44:56,WBA,78.14,5,BID
2018-12-17 09:44:56,WBA,78.15,2,ASK
2018-12-17 09:44:56,WBA,78.13,12,BID
2018-12-17 09:44:56,WBA,78.14,4,ASK
2018-12-17 09:44:57,WBA,78.09,6,BID
2018-12-17 09:44:57,WBA,78.12,6,ASK
2018-12-17 09:44:59,WBA,78.09,6,BID
2018-12-17 09:44:59,WBA,78.11,6,ASK
2018-12-17 09:45:00,WBA,78.09,7,BID
2018-12-17 09:45:00,WBA,78.11,4,ASK
2018-12-17 09:45:00,WBA,78.09,7,BID
2018-12-17 09:45:00,WBA,78.11,2,ASK
2018-12-17 09:45:01,WBA,78.08,3,BID
2018-12-17 09:45:01,WBA,78.12,4,ASK
2018-12-17 09:45:02,WBA,78.1,2,BID
2018-12-17 09:45:02,WBA,78.12,1,ASK
2018-12-17 09:45:03,WBA,78.08,2,BID
2018-12-17 09:45:01,WBA,78.13,10,ASK
2018-12-17 09:45:03,WBA,78.08,5,BID
2018-12-17 09:45:01,WBA,78.13,10,ASK
2018-12-17 09:45:05,WBA,78.1,8,BID
2018-12-17 09:45:05,WBA,78.13,13,ASK
2018-12-17 09:45:06,WBA,78.08,4,BID
2018-12-17 09:45:06,WBA,78.12,2,ASK
2018-12-17 09:45:07,WBA,78.08,3,BID
2018-12-17 09:45:07,WBA,78.11,3,ASK
2018-12-17 09:44:33,WBA,78.07,7,BID
2018-12-17 09:45:08,WBA,78.09,4,ASK
2018-12-17 09:44:33,WBA,78.07,7,BID
2018-12-17 09:45:09,WBA,78.1,4,ASK
2018-12-17 09:44:33,WBA,78.07,7,BID
2018-12-17 09:45:11,WBA,78.09,4,ASK
2018-12-17 09:45:11,WBA,78.08,2,BID
2018-12-17 09:45:11,WBA,78.09,6,ASK
2018-12-17 09:44:33,WBA,78.07,6,BID
2018-12-17 09:45:11,WBA,78.09,6,ASK
2018-12-17 09:44:33,WBA,78.07,6,BID
2018-12-17 09:45:11,WBA,78.09,6,ASK
2018-12-17 09:44:33,WBA,78.07,5,BID
2018-12-17 09:45:11,WBA,78.09,6,ASK
2018-12-17 09:44:33,WBA,78.07,5,BID
2018-12-17 09:45:11,WBA,78.09,6,ASK
2018-12-17 09:45:16,WBA,78.09,6,BID
2018-12-17 09:45:16,WBA,78.1,2,ASK
2018-12-17 09:45:16,WBA,78.09,3,BID
2018-12-17 09:45:16,WBA,78.1,3,ASK
2018-12-17 09:45:18,WBA,78.1,2,BID
2018-12-17 09:45:18,WBA,78.13,14,ASK
2018-12-17 09:45:19,WBA,78.11,2,BID
2018-12-17 09:45:19,WBA,78.13,9,ASK
2018-12-17 09:45:19,WBA,78.11,2,BID
2018-12-17 09:45:19,WBA,78.13,9,ASK
2018-12-17 09:45:21,WBA,78.11,7,BID
2018-12-17 09:45:19,WBA,78.13,9,ASK
2018-12-17 09:45:21,WBA,78.1,6,BID
2018-12-17 09:45:21,WBA,78.12,4,ASK
2018-12-17 09:45:22,WBA,78.1,6,BID
2018-12-17 09:45:19,WBA,78.13,9,ASK
2018-12-17 09:45:22,WBA,78.1,6,BID
2018-12-17 09:45:19,WBA,78.13,9,ASK
2018-12-17 09:45:24,WBA,78.13,3,BID
2018-12-17 09:45:24,WBA,78.15,5,ASK
2018-12-17 09:45:25,WBA,78.13,5,BID
2018-12-17 09:45:25,WBA,78.15,1,ASK
2018-12-17 09:45:26,WBA,78.13,6,BID
2018-12-17 09:45:26,WBA,78.15,2,ASK
2018-12-17 09:45:28,WBA,78.13,7,BID
2018-12-17 09:45:28,WBA,78.16,4,ASK
2018-12-17 09:45:30,WBA,78.16,1,BID
2018-12-17 09:45:30,WBA,78.18,5,ASK
2018-12-17 09:45:30,WBA,78.16,2,BID
2018-12-17 09:45:30,WBA,78.18,4,ASK
2018-12-17 09:45:32,WBA,78.16,3,BID
2018-12-17 09:45:32,WBA,78.18,4,ASK
2018-12-17 09:45:32,WBA,78.16,3,BID
2018-12-17 09:45:33,WBA,78.18,4,ASK
2018-12-17 09:45:34,WBA,78.16,1,BID
2018-12-17 09:45:34,WBA,78.18,7,ASK
2018-12-17 09:45:34,WBA,78.16,1,BID
2018-12-17 09:45:34,WBA,78.18,4,ASK
2018-12-17 09:45:34,WBA,78.16,1,BID
2018-12-17 09:45:34,WBA,78.18,4,ASK
2018-12-17 09:45:34,WBA,78.16,1,BID
2018-12-17 09:45:34,WBA,78.18,4,ASK
2018-12-17 09:45:29,WBA,78.14,7,BID
2018-12-17 09:45:38,WBA,78.17,5,ASK
2018-12-17 09:45:29,WBA,78.14,6,BID
2018-12-17 09:45:39,WBA,78.17,5,ASK
2018-12-17 09:45:40,WBA,78.15,1,BID
2018-12-17 09:45:40,WBA,78.17,5,ASK
2018-12-17 09:45:40,WBA,78.14,1,BID
2018-12-17 09:45:40,WBA,78.16,2,ASK
2018-12-17 09:45:42,WBA,78.14,3,BID
2018-12-17 09:45:42,WBA,78.16,5,ASK
2018-12-17 09:45:42,WBA,78.14,3,BID
2018-12-17 09:45:42,WBA,78.15,1,ASK
2018-12-17 09:45:44,WBA,78.14,3,BID
2018-12-17 09:45:44,WBA,78.16,2,ASK
2018-12-17 09:45:44,WBA,78.14,3,BID
2018-12-17 09:45:44,WBA,78.16,2,ASK
2018-12-17 09:45:46,WBA,78.14,3,BID
2018-12-17 09:45:46,WBA,78.16,4,ASK
2018-12-17 09:45:47,WBA,78.16,9,BID
2018-12-17 09:45:47,WBA,78.17,4,ASK
2018-12-17 09:45:47,WBA,78.16,9,BID
2018-12-17 09:45:36,WBA,78.18,3,ASK
2018-12-17 09:45:47,WBA,78.16,7,BID
2018-12-17 09:45:36,WBA,78.18,3,ASK
2018-12-17 09:45:47,WBA,78.16,8,BID
2018-12-17 09:45:36,WBA,78.18,4,ASK
2018-12-17 09:45:51,WBA,78.15,8,BID
2018-12-17 09:45:51,WBA,78.16,10,ASK
2018-12-17 09:45:51,WBA,78.14,4,BID
2018-12-17 09:45:51,WBA,78.15,1,ASK
2018-12-17 09:45:53,WBA,78.14,7,BID
2018-12-17 09:45:53,WBA,78.15,5,ASK
2018-12-17 09:45:53,WBA,78.14,7,BID
2018-12-17 09:45:53,WBA,78.15,5,ASK
2018-12-17 09:45:46,WBA,78.13,12,BID
2018-12-17 09:45:54,WBA,78.15,3,ASK
2018-12-17 09:45:56,WBA,78.13,1,BID
2018-12-17 09:45:55,WBA,78.15,8,ASK
2018-12-17 09:45:57,WBA,78.13,1,BID
2018-12-17 09:45:55,WBA,78.15,9,ASK
2018-12-17 09:45:57,WBA,78.14,2,BID
2018-12-17 09:45:57,WBA,78.16,1,ASK
2018-12-17 09:45:57,WBA,78.14,2,BID
2018-12-17 09:45:57,WBA,78.16,1,ASK
2018-12-17 09:45:57,WBA,78.14,2,BID
2018-12-17 09:45:57,WBA,78.16,1,ASK
2018-12-17 09:46:00,WBA,78.14,3,BID
2018-12-17 09:46:01,WBA,78.15,2,ASK
2018-12-17 09:45:55,WBA,78.12,5,BID
2018-12-17 09:46:02,WBA,78.14,2,ASK
2018-12-17 09:45:55,WBA,78.12,5,BID
2018-12-17 09:46:02,WBA,78.14,2,ASK
2018-12-17 09:45:55,WBA,78.12,5,BID
2018-12-17 09:46:02,WBA,78.14,2,ASK
2018-12-17 09:46:05,WBA,78.14,2,BID
2018-12-17 09:46:05,WBA,78.16,1,ASK
2018-12-17 09:46:06,WBA,78.14,1,BID
2018-12-17 09:46:06,WBA,78.16,1,ASK
2018-12-17 09:46:06,WBA,78.14,1,BID
2018-12-17 09:46:06,WBA,78.16,1,ASK
2018-12-17 09:46:07,WBA,78.14,4,BID
2018-12-17 09:46:07,WBA,78.16,2,ASK
2018-12-17 09:46:07,WBA,78.14,4,BID
2018-12-17 09:46:07,WBA,78.16,2,ASK
2018-12-17 09:46:07,WBA,78.14,4,BID
2018-12-17 09:46:07,WBA,78.16,2,ASK
2018-12-17 09:46:07,WBA,78.14,4,BID
2018-12-17 09:46:11,WBA,78.16,3,ASK
2018-12-17 09:46:12,WBA,78.14,7,BID
2018-12-17 09:46:12,WBA,78.17,4,ASK
2018-12-17 09:46:12,WBA,78.14,8,BID
2018-12-17 09:46:13,WBA,78.17,4,ASK
2018-12-17 09:46:12,WBA,78.14,8,BID
2018-12-17 09:46:13,WBA,78.17,4,ASK
2018-12-17 09:46:12,WBA,78.14,8,BID
2018-12-17 09:46:15,WBA,78.16,6,ASK
2018-12-17 09:46:12,WBA,78.14,7,BID
2018-12-17 09:46:15,WBA,78.16,6,ASK
2018-12-17 09:46:12,WBA,78.14,7,BID
2018-12-17 09:46:15,WBA,78.16,6,ASK
2018-12-17 09:46:18,WBA,78.13,4,BID
2018-12-17 09:46:18,WBA,78.14,8,ASK
2018-12-17 09:46:19,WBA,78.13,3,BID
2018-12-17 09:46:19,WBA,78.15,1,ASK
2018-12-17 09:46:19,WBA,78.13,3,BID
2018-12-17 09:46:19,WBA,78.15,1,ASK
2018-12-17 09:46:21,WBA,78.14,3,BID
2018-12-17 09:46:21,WBA,78.16,1,ASK
2018-12-17 09:46:21,WBA,78.14,3,BID
2018-12-17 09:46:21,WBA,78.16,2,ASK
2018-12-17 09:46:22,WBA,78.14,4,BID
2018-12-17 09:46:23,WBA,78.16,4,ASK
2018-12-17 09:46:22,WBA,78.14,4,BID
2018-12-17 09:46:23,WBA,78.16,4,ASK
2018-12-17 09:46:25,WBA,78.13,1,BID
2018-12-17 09:46:25,WBA,78.16,5,ASK
2018-12-17 09:46:26,WBA,78.13,1,BID
2018-12-17 09:46:26,WBA,78.16,4,ASK
2018-12-17 09:46:27,WBA,78.13,2,BID
2018-12-17 09:46:27,WBA,78.16,3,ASK
2018-12-17 09:46:27,WBA,78.13,3,BID
2018-12-17 09:46:27,WBA,78.16,3,ASK
2018-12-17 09:46:28,WBA,78.13,3,BID
2018-12-17 09:46:29,WBA,78.16,7,ASK
2018-12-17 09:46:28,WBA,78.13,3,BID
2018-12-17 09:46:29,WBA,78.16,5,ASK
2018-12-17 09:46:28,WBA,78.13,3,BID
2018-12-17 09:46:29,WBA,78.16,5,ASK
2018-12-17 09:46:31,WBA,78.16,1,BID
2018-12-17 09:45:36,WBA,78.18,3,ASK
2018-12-17 09:46:32,WBA,78.14,1,BID
2018-12-17 09:46:32,WBA,78.15,2,ASK
2018-12-17 09:46:32,WBA,78.13,7,BID
2018-12-17 09:46:32,WBA,78.15,3,ASK
2018-12-17 09:46:32,WBA,78.13,7,BID
2018-12-17 09:46:32,WBA,78.15,3,ASK
2018-12-17 09:46:32,WBA,78.13,6,BID
2018-12-17 09:46:35,WBA,78.15,8,ASK
2018-12-17 09:46:36,WBA,78.14,4,BID
2018-12-17 09:46:35,WBA,78.15,7,ASK
2018-12-17 09:46:37,WBA,78.14,10,BID
2018-12-17 09:46:38,WBA,78.17,3,ASK
2018-12-17 09:46:37,WBA,78.14,10,BID
2018-12-17 09:46:39,WBA,78.16,3,ASK
2018-12-17 09:46:37,WBA,78.14,10,BID
2018-12-17 09:46:39,WBA,78.16,4,ASK
2018-12-17 09:46:37,WBA,78.14,9,BID
2018-12-17 09:46:39,WBA,78.16,4,ASK
2018-12-17 09:46:37,WBA,78.14,9,BID
2018-12-17 09:46:39,WBA,78.16,4,ASK
2018-12-17 09:46:32,WBA,78.13,9,BID
2018-12-17 09:46:43,WBA,78.15,9,ASK
2018-12-17 09:46:32,WBA,78.13,9,BID
2018-12-17 09:46:43,WBA,78.15,6,ASK
2018-12-17 09:46:32,WBA,78.13,9,BID
2018-12-17 09:46:45,WBA,78.15,6,ASK
2018-12-17 09:46:32,WBA,78.13,9,BID
2018-12-17 09:46:45,WBA,78.15,6,ASK
2018-12-17 09:46:32,WBA,78.13,9,BID
2018-12-17 09:46:45,WBA,78.15,6,ASK
2018-12-17 09:46:48,WBA,78.14,8,BID
2018-12-17 09:46:48,WBA,78.16,5,ASK
2018-12-17 09:46:48,WBA,78.14,7,BID
2018-12-17 09:46:49,WBA,78.16,7,ASK
2018-12-17 09:46:48,WBA,78.14,7,BID
2018-12-17 09:46:50,WBA,78.16,7,ASK
2018-12-17 09:46:32,WBA,78.13,9,BID
2018-12-17 09:46:50,WBA,78.14,1,ASK
2018-12-17 09:46:32,WBA,78.13,9,BID
2018-12-17 09:46:50,WBA,78.14,1,ASK
2018-12-17 09:46:32,WBA,78.13,9,BID
2018-12-17 09:46:50,WBA,78.14,1,ASK
2018-12-17 09:46:32,WBA,78.13,9,BID
2018-12-17 09:46:54,WBA,78.16,8,ASK
2018-12-17 09:46:32,WBA,78.13,10,BID
2018-12-17 09:46:55,WBA,78.15,5,ASK
2018-12-17 09:46:32,WBA,78.13,10,BID
2018-12-17 09:46:55,WBA,78.15,5,ASK
2018-12-17 09:46:32,WBA,78.13,11,BID
2018-12-17 09:46:54,WBA,78.16,8,ASK
2018-12-17 09:46:58,WBA,78.14,6,BID
2018-12-17 09:46:58,WBA,78.16,7,ASK
2018-12-17 09:46:59,WBA,78.14,7,BID
2018-12-17 09:46:59,WBA,78.16,7,ASK
2018-12-17 09:46:32,WBA,78.13,12,BID
2018-12-17 09:47:00,WBA,78.15,5,ASK
2018-12-17 09:46:32,WBA,78.13,10,BID
2018-12-17 09:47:00,WBA,78.16,8,ASK
2018-12-17 09:46:32,WBA,78.13,11,BID
2018-12-17 09:47:00,WBA,78.16,11,ASK
2018-12-17 09:47:03,WBA,78.15,5,BID
2018-12-17 09:46:39,WBA,78.17,4,ASK
2018-12-17 09:47:03,WBA,78.15,5,BID
2018-12-17 09:46:39,WBA,78.17,4,ASK
2018-12-17 09:47:04,WBA,78.15,7,BID
2018-12-17 09:46:39,WBA,78.17,4,ASK
2018-12-17 09:47:04,WBA,78.15,7,BID
2018-12-17 09:46:39,WBA,78.17,4,ASK
2018-12-17 09:47:04,WBA,78.15,7,BID
2018-12-17 09:46:39,WBA,78.17,4,ASK
2018-12-17 09:47:04,WBA,78.15,7,BID
2018-12-17 09:46:39,WBA,78.17,4,ASK
2018-12-17 09:47:09,WBA,78.12,8,BID
2018-12-17 09:47:09,WBA,78.14,6,ASK
2018-12-17 09:47:09,WBA,78.12,9,BID
2018-12-17 09:47:10,WBA,78.14,6,ASK
2018-12-17 09:47:09,WBA,78.12,9,BID
2018-12-17 09:47:10,WBA,78.14,6,ASK
2018-12-17 09:47:12,WBA,78.12,7,BID
2018-12-17 09:47:12,WBA,78.14,6,ASK
2018-12-17 09:47:12,WBA,78.12,7,BID
2018-12-17 09:47:09,WBA,78.14,6,ASK
2018-12-17 09:47:14,WBA,78.14,2,BID
2018-12-17 09:46:38,WBA,78.17,5,ASK
2018-12-17 09:47:15,WBA,78.14,1,BID
2018-12-17 09:46:38,WBA,78.17,5,ASK
2018-12-17 09:47:16,WBA,78.14,2,BID
2018-12-17 09:46:38,WBA,78.17,5,ASK
2018-12-17 09:47:17,WBA,78.15,4,BID
2018-12-17 09:46:38,WBA,78.17,5,ASK
2018-12-17 09:47:18,WBA,78.13,2,BID
2018-12-17 09:47:18,WBA,78.15,1,ASK
2018-12-17 09:47:18,WBA,78.12,8,BID
2018-12-17 09:47:18,WBA,78.15,2,ASK
2018-12-17 09:47:18,WBA,78.12,7,BID
2018-12-17 09:47:20,WBA,78.15,4,ASK
2018-12-17 09:47:21,WBA,78.13,2,BID
2018-12-17 09:47:21,WBA,78.15,4,ASK
2018-12-17 09:47:22,WBA,78.15,10,BID
2018-12-17 09:46:38,WBA,78.17,6,ASK
2018-12-17 09:47:22,WBA,78.15,7,BID
2018-12-17 09:46:38,WBA,78.17,6,ASK
2018-12-17 09:47:22,WBA,78.15,9,BID
2018-12-17 09:46:38,WBA,78.17,7,ASK
2018-12-17 09:47:22,WBA,78.15,9,BID
2018-12-17 09:46:38,WBA,78.17,7,ASK
2018-12-17 09:47:26,WBA,78.14,4,BID
2018-12-17 09:47:26,WBA,78.15,5,ASK
2018-12-17 09:47:27,WBA,78.13,2,BID
2018-12-17 09:47:27,WBA,78.15,1,ASK
2018-12-17 09:47:28,WBA,78.13,2,BID
2018-12-17 09:47:28,WBA,78.15,3,ASK
2018-12-17 09:47:28,WBA,78.13,2,BID
2018-12-17 09:47:28,WBA,78.15,3,ASK
2018-12-17 09:47:28,WBA,78.13,2,BID
2018-12-17 09:47:28,WBA,78.15,3,ASK
2018-12-17 09:47:31,WBA,78.13,4,BID
2018-12-17 09:47:31,WBA,78.15,3,ASK
2018-12-17 09:47:32,WBA,78.13,3,BID
2018-12-17 09:47:32,WBA,78.16,3,ASK
2018-12-17 09:47:33,WBA,78.13,4,BID
2018-12-17 09:47:33,WBA,78.16,4,ASK
2018-12-17 09:47:34,WBA,78.15,2,BID
2018-12-17 09:46:38,WBA,78.17,6,ASK
2018-12-17 09:47:34,WBA,78.15,3,BID
2018-12-17 09:46:38,WBA,78.17,6,ASK
2018-12-17 09:47:34,WBA,78.15,3,BID
2018-12-17 09:46:38,WBA,78.17,6,ASK
2018-12-17 09:47:37,WBA,78.15,5,BID
2018-12-17 09:47:37,WBA,78.16,1,ASK
2018-12-17 09:47:38,WBA,78.15,5,BID
2018-12-17 09:46:38,WBA,78.17,6,ASK
2018-12-17 09:47:39,WBA,78.15,5,BID
2018-12-17 09:46:38,WBA,78.17,6,ASK
2018-12-17 09:47:39,WBA,78.15,4,BID
2018-12-17 09:47:40,WBA,78.16,8,ASK
2018-12-17 09:47:39,WBA,78.15,4,BID
2018-12-17 09:46:38,WBA,78.17,7,ASK
2018-12-17 09:47:39,WBA,78.15,4,BID
2018-12-17 09:46:38,WBA,78.17,6,ASK
2018-12-17 09:47:43,WBA,78.15,4,BID
2018-12-17 09:46:38,WBA,78.17,6,ASK
2018-12-17 09:47:43,WBA,78.15,4,BID
2018-12-17 09:46:38,WBA,78.17,7,ASK
2018-12-17 09:47:43,WBA,78.15,4,BID
2018-12-17 09:46:38,WBA,78.17,7,ASK
2018-12-17 09:47:46,WBA,78.15,5,BID
2018-12-17 09:46:38,WBA,78.17,5,ASK
2018-12-17 09:47:46,WBA,78.15,5,BID
2018-12-17 09:46:38,WBA,78.17,5,ASK
2018-12-17 09:47:46,WBA,78.15,5,BID
2018-12-17 09:46:38,WBA,78.17,5,ASK
2018-12-17 09:47:46,WBA,78.15,5,BID
2018-12-17 09:46:38,WBA,78.17,5,ASK
2018-12-17 09:47:50,WBA,78.15,2,BID
2018-12-17 09:46:38,WBA,78.17,5,ASK
2018-12-17 09:47:51,WBA,78.15,2,BID
2018-12-17 09:46:38,WBA,78.17,7,ASK
2018-12-17 09:47:52,WBA,78.17,6,BID
2018-12-17 09:47:52,WBA,78.18,2,ASK
2018-12-17 09:47:53,WBA,78.16,3,BID
2018-12-17 09:47:53,WBA,78.18,6,ASK
2018-12-17 09:47:55,WBA,78.16,2,BID
2018-12-17 09:47:55,WBA,78.18,2,ASK
2018-12-17 09:47:55,WBA,78.16,3,BID
2018-12-17 09:47:55,WBA,78.18,2,ASK
2018-12-17 09:47:55,WBA,78.16,3,BID
2018-12-17 09:47:55,WBA,78.18,2,ASK
2018-12-17 09:47:57,WBA,78.17,4,BID
2018-12-17 09:47:57,WBA,78.19,2,ASK
2018-12-17 09:47:57,WBA,78.17,3,BID
2018-12-17 09:47:58,WBA,78.19,2,ASK
2018-12-17 09:47:58,WBA,78.18,3,BID
2018-12-17 09:47:59,WBA,78.2,10,ASK
2018-12-17 09:48:00,WBA,78.17,5,BID
2018-12-17 09:48:00,WBA,78.19,9,ASK
2018-12-17 09:48:00,WBA,78.17,10,BID
2018-12-17 09:48:00,WBA,78.2,11,ASK
2018-12-17 09:48:00,WBA,78.17,10,BID
2018-12-17 09:48:00,WBA,78.2,12,ASK
2018-12-17 09:48:04,WBA,78.25,1,BID
2018-12-17 09:48:04,WBA,78.26,6,ASK
2018-12-17 09:48:03,WBA,78.24,9,BID
2018-12-17 09:48:04,WBA,78.26,1,ASK
2018-12-17 09:48:05,WBA,78.25,7,BID
2018-12-17 09:48:06,WBA,78.28,6,ASK
2018-12-17 09:48:07,WBA,78.25,8,BID
2018-12-17 09:48:07,WBA,78.28,1,ASK
2018-12-17 09:48:08,WBA,78.25,7,BID
2018-12-17 09:48:08,WBA,78.28,2,ASK
2018-12-17 09:48:08,WBA,78.25,10,BID
2018-12-17 09:48:08,WBA,78.28,2,ASK
2018-12-17 09:48:09,WBA,78.25,10,BID
2018-12-17 09:48:09,WBA,78.28,2,ASK
2018-12-17 09:48:09,WBA,78.25,10,BID
2018-12-17 09:48:09,WBA,78.28,2,ASK
2018-12-17 09:48:12,WBA,78.29,3,BID
2018-12-17 09:48:12,WBA,78.32,1,ASK
2018-12-17 09:48:13,WBA,78.29,4,BID
2018-12-17 09:48:13,WBA,78.32,2,ASK
2018-12-17 09:48:11,WBA,78.29,4,BID
2018-12-17 09:48:13,WBA,78.32,3,ASK
2018-12-17 09:48:11,WBA,78.29,4,BID
2018-12-17 09:48:13,WBA,78.32,3,ASK
2018-12-17 09:48:11,WBA,78.29,4,BID
2018-12-17 09:48:13,WBA,78.32,3,ASK
2018-12-17 09:48:11,WBA,78.29,4,BID
2018-12-17 09:48:13,WBA,78.32,4,ASK
2018-12-17 09:48:11,WBA,78.29,4,BID
2018-12-17 09:48:13,WBA,78.32,4,ASK
2018-12-17 09:48:11,WBA,78.29,4,BID
2018-12-17 09:48:13,WBA,78.32,4,ASK
2018-12-17 09:48:20,WBA,78.3,6,BID
2018-12-17 09:48:20,WBA,78.34,2,ASK
2018-12-17 09:48:20,WBA,78.3,7,BID
2018-12-17 09:48:20,WBA,78.34,2,ASK
2018-12-17 09:48:21,WBA,78.31,2,BID
2018-12-17 09:48:20,WBA,78.34,4,ASK
2018-12-17 09:48:22,WBA,78.32,3,BID
2018-12-17 09:48:20,WBA,78.34,3,ASK
2018-12-17 09:48:23,WBA,78.32,2,BID
2018-12-17 09:48:23,WBA,78.34,5,ASK
2018-12-17 09:48:25,WBA,78.33,1,BID
2018-12-17 09:48:24,WBA,78.34,7,ASK
2018-12-17 09:48:25,WBA,78.32,3,BID
2018-12-17 09:48:25,WBA,78.33,5,ASK
2018-12-17 09:48:27,WBA,78.31,5,BID
2018-12-17 09:48:27,WBA,78.32,1,ASK
2018-12-17 09:48:27,WBA,78.32,1,BID
2018-12-17 09:48:25,WBA,78.33,7,ASK
2018-12-17 09:48:11,WBA,78.29,5,BID
2018-12-17 09:48:28,WBA,78.31,7,ASK
2018-12-17 09:48:29,WBA,78.29,7,BID
2018-12-17 09:48:28,WBA,78.31,6,ASK
2018-12-17 09:48:31,WBA,78.28,3,BID
2018-12-17 09:48:30,WBA,78.29,6,ASK
2018-12-17 09:48:32,WBA,78.26,5,BID
2018-12-17 09:48:32,WBA,78.28,11,ASK
2018-12-17 09:48:32,WBA,78.26,5,BID
2018-12-17 09:48:32,WBA,78.28,11,ASK
2018-12-17 09:48:05,WBA,78.24,12,BID
2018-12-17 09:48:34,WBA,78.26,4,ASK
2018-12-17 09:48:05,WBA,78.24,12,BID
2018-12-17 09:48:34,WBA,78.26,4,ASK
2018-12-17 09:48:35,WBA,78.25,7,BID
2018-12-17 09:48:35,WBA,78.28,10,ASK
2018-12-17 09:48:35,WBA,78.25,7,BID
2018-12-17 09:48:37,WBA,78.28,10,ASK
2018-12-17 09:48:37,WBA,78.27,2,BID
2018-12-17 09:48:37,WBA,78.3,3,ASK
2018-12-17 09:48:38,WBA,78.27,2,BID
2018-12-17 09:48:37,WBA,78.3,5,ASK
2018-12-17 09:48:39,WBA,78.27,2,BID
2018-12-17 09:48:37,WBA,78.3,3,ASK
2018-12-17 09:48:39,WBA,78.27,3,BID
2018-12-17 09:48:37,WBA,78.3,4,ASK
2018-12-17 09:48:39,WBA,78.27,8,BID
2018-12-17 09:48:37,WBA,78.3,5,ASK
2018-12-17 09:48:39,WBA,78.27,8,BID
2018-12-17 09:48:37,WBA,78.3,5,ASK
2018-12-17 09:48:39,WBA,78.27,9,BID
2018-12-17 09:48:37,WBA,78.3,5,ASK
2018-12-17 09:48:44,WBA,78.29,8,BID
2018-12-17 09:48:44,WBA,78.31,1,ASK
2018-12-17 09:48:45,WBA,78.28,3,BID
2018-12-17 09:48:45,WBA,78.31,3,ASK
2018-12-17 09:48:46,WBA,78.28,4,BID
2018-12-17 09:48:46,WBA,78.31,3,ASK
2018-12-17 09:48:47,WBA,78.28,4,BID
2018-12-17 09:48:47,WBA,78.31,5,ASK
2018-12-17 09:48:47,WBA,78.28,4,BID
2018-12-17 09:48:48,WBA,78.31,5,ASK
2018-12-17 09:48:47,WBA,78.28,6,BID
2018-12-17 09:48:50,WBA,78.31,5,ASK
2018-12-17 09:48:50,WBA,78.25,6,BID
2018-12-17 09:48:50,WBA,78.26,3,ASK
2018-12-17 09:48:51,WBA,78.25,6,BID
2018-12-17 09:48:50,WBA,78.26,3,ASK
2018-12-17 09:48:53,WBA,78.25,5,BID
2018-12-17 09:48:53,WBA,78.26,3,ASK
2018-12-17 09:48:53,WBA,78.25,4,BID
2018-12-17 09:48:53,WBA,78.26,4,ASK
2018-12-17 09:48:54,WBA,78.24,6,BID
2018-12-17 09:48:55,WBA,78.25,4,ASK
2018-12-17 09:48:55,WBA,78.24,4,BID
2018-12-17 09:48:55,WBA,78.25,4,ASK
2018-12-17 09:48:56,WBA,78.25,4,BID
2018-12-17 09:48:53,WBA,78.26,6,ASK
2018-12-17 09:48:57,WBA,78.24,4,BID
2018-12-17 09:48:57,WBA,78.26,9,ASK
2018-12-17 09:48:57,WBA,78.24,4,BID
2018-12-17 09:48:57,WBA,78.26,9,ASK
2018-12-17 09:49:00,WBA,78.24,6,BID
2018-12-17 09:49:00,WBA,78.25,11,ASK
2018-12-17 09:49:00,WBA,78.24,5,BID
2018-12-17 09:49:00,WBA,78.25,11,ASK
2018-12-17 09:49:01,WBA,78.25,7,BID
2018-12-17 09:49:01,WBA,78.26,1,ASK
2018-12-17 09:49:02,WBA,78.26,2,BID
2018-12-17 09:49:02,WBA,78.28,1,ASK
2018-12-17 09:49:02,WBA,78.26,2,BID
2018-12-17 09:49:02,WBA,78.28,3,ASK
2018-12-17 09:49:03,WBA,78.26,4,BID
2018-12-17 09:49:02,WBA,78.28,3,ASK
2018-12-17 09:49:04,WBA,78.28,10,BID
2018-12-17 09:49:04,WBA,78.31,4,ASK
2018-12-17 09:49:04,WBA,78.28,11,BID
2018-12-17 09:49:04,WBA,78.31,5,ASK
2018-12-17 09:49:05,WBA,78.3,4,BID
2018-12-17 09:49:05,WBA,78.33,8,ASK
2018-12-17 09:49:05,WBA,78.3,2,BID
2018-12-17 09:49:05,WBA,78.33,9,ASK
2018-12-17 09:49:05,WBA,78.3,4,BID
2018-12-17 09:49:05,WBA,78.33,9,ASK
2018-12-17 09:49:05,WBA,78.3,4,BID
2018-12-17 09:49:05,WBA,78.33,9,ASK
2018-12-17 09:49:09,WBA,78.28,16,BID
2018-12-17 09:49:09,WBA,78.31,4,ASK
2018-12-17 09:49:10,WBA,78.3,2,BID
2018-12-17 09:49:09,WBA,78.33,12,ASK
2018-12-17 09:49:12,WBA,78.3,5,BID
2018-12-17 09:49:12,WBA,78.33,9,ASK
2018-12-17 09:49:12,WBA,78.3,4,BID
2018-12-17 09:49:12,WBA,78.33,8,ASK
2018-12-17 09:49:12,WBA,78.3,4,BID
2018-12-17 09:49:12,WBA,78.33,8,ASK
2018-12-17 09:49:16,WBA,78.28,18,BID
2018-12-17 09:49:16,WBA,78.3,8,ASK
2018-12-17 09:49:16,WBA,78.28,18,BID
2018-12-17 09:49:18,WBA,78.3,7,ASK
2018-12-17 09:49:16,WBA,78.28,18,BID
2018-12-17 09:49:18,WBA,78.3,7,ASK
2018-12-17 09:49:16,WBA,78.28,13,BID
2018-12-17 09:49:19,WBA,78.29,8,ASK
2018-12-17 09:49:16,WBA,78.28,12,BID
2018-12-17 09:49:19,WBA,78.29,14,ASK
2018-12-17 09:49:20,WBA,78.25,5,BID
2018-12-17 09:49:20,WBA,78.28,6,ASK
2018-12-17 09:49:21,WBA,78.24,8,BID
2018-12-17 09:49:21,WBA,78.26,6,ASK
2018-12-17 09:49:21,WBA,78.24,8,BID
2018-12-17 09:49:21,WBA,78.26,6,ASK
2018-12-17 09:49:22,WBA,78.23,3,BID
2018-12-17 09:49:22,WBA,78.24,6,ASK
2018-12-17 09:49:23,WBA,78.22,8,BID
2018-12-17 09:49:23,WBA,78.24,10,ASK
2018-12-17 09:49:23,WBA,78.22,8,BID
2018-12-17 09:49:23,WBA,78.24,10,ASK
2018-12-17 09:49:23,WBA,78.22,7,BID
2018-12-17 09:49:24,WBA,78.24,10,ASK
2018-12-17 09:49:25,WBA,78.21,1,BID
2018-12-17 09:49:25,WBA,78.23,6,ASK
2018-12-17 09:49:26,WBA,78.23,7,BID
2018-12-17 09:49:26,WBA,78.24,11,ASK
2018-12-17 09:49:26,WBA,78.23,4,BID
2018-12-17 09:49:26,WBA,78.26,5,ASK
2018-12-17 09:49:27,WBA,78.23,6,BID
2018-12-17 09:49:27,WBA,78.26,6,ASK
2018-12-17 09:49:27,WBA,78.24,8,BID
2018-12-17 09:49:19,WBA,78.29,8,ASK
2018-12-17 09:49:28,WBA,78.23,5,BID
2018-12-17 09:49:19,WBA,78.29,9,ASK
2018-12-17 09:49:28,WBA,78.21,3,BID
2018-12-17 09:49:28,WBA,78.24,3,ASK
2018-12-17 09:49:28,WBA,78.21,3,BID
2018-12-17 09:49:28,WBA,78.24,3,ASK
2018-12-17 09:49:28,WBA,78.21,3,BID
2018-12-17 09:49:28,WBA,78.24,4,ASK
2018-12-17 09:47:58,WBA,78.17,5,BID
2018-12-17 09:49:30,WBA,78.2,2,ASK
2018-12-17 09:47:58,WBA,78.17,5,BID
2018-12-17 09:49:31,WBA,78.2,1,ASK
2018-12-17 09:47:58,WBA,78.17,7,BID
2018-12-17 09:49:33,WBA,78.22,1,ASK
2018-12-17 09:49:33,WBA,78.18,5,BID
2018-12-17 09:49:33,WBA,78.23,2,ASK
2018-12-17 09:49:35,WBA,78.19,3,BID
2018-12-17 09:49:33,WBA,78.23,2,ASK
2018-12-17 09:49:35,WBA,78.2,4,BID
2018-12-17 09:49:33,WBA,78.23,2,ASK
2018-12-17 09:49:37,WBA,78.23,3,BID
2018-12-17 09:49:36,WBA,78.26,4,ASK
2018-12-17 09:49:37,WBA,78.23,2,BID
2018-12-17 09:49:37,WBA,78.26,5,ASK
2018-12-17 09:49:40,WBA,78.24,1,BID
2018-12-17 09:49:37,WBA,78.26,5,ASK
2018-12-17 09:49:42,WBA,78.24,5,BID
2018-12-17 09:49:42,WBA,78.26,8,ASK
2018-12-17 09:49:45,WBA,78.24,3,BID
2018-12-17 09:49:44,WBA,78.25,8,ASK
2018-12-17 09:49:45,WBA,78.24,5,BID
2018-12-17 09:49:44,WBA,78.25,8,ASK
2018-12-17 09:49:47,WBA,78.24,3,BID
2018-12-17 09:49:47,WBA,78.26,8,ASK
2018-12-17 09:49:44,WBA,78.23,5,BID
2018-12-17 09:49:49,WBA,78.25,6,ASK
2018-12-17 09:49:44,WBA,78.23,8,BID
2018-12-17 09:49:49,WBA,78.25,6,ASK
2018-12-17 09:49:44,WBA,78.23,8,BID
2018-12-17 09:49:49,WBA,78.25,6,ASK
2018-12-17 09:49:44,WBA,78.23,8,BID
2018-12-17 09:49:49,WBA,78.25,6,ASK
2018-12-17 09:49:44,WBA,78.23,8,BID
2018-12-17 09:49:49,WBA,78.25,6,ASK
2018-12-17 09:49:44,WBA,78.23,8,BID
2018-12-17 09:49:49,WBA,78.25,6,ASK
2018-12-17 09:49:44,WBA,78.23,8,BID
2018-12-17 09:49:49,WBA,78.25,6,ASK
2018-12-17 09:49:44,WBA,78.23,8,BID
2018-12-17 09:49:49,WBA,78.25,6,ASK
2018-12-17 09:49:59,WBA,78.24,2,BID
2018-12-17 09:49:59,WBA,78.25,7,ASK
2018-12-17 09:49:59,WBA,78.24,2,BID
2018-12-17 09:49:59,WBA,78.25,7,ASK
2018-12-17 09:50:00,WBA,78.21,5,BID
2018-12-17 09:50:00,WBA,78.23,4,ASK
2018-12-17 09:50:00,WBA,78.21,5,BID
2018-12-17 09:50:00,WBA,78.23,4,ASK
2018-12-17 09:50:03,WBA,78.2,2,BID
2018-12-17 09:50:03,WBA,78.22,4,ASK
2018-12-17 09:50:03,WBA,78.2,2,BID
2018-12-17 09:50:03,WBA,78.22,4,ASK
2018-12-17 09:50:03,WBA,78.2,2,BID
2018-12-17 09:50:03,WBA,78.22,4,ASK
2018-12-17 09:50:06,WBA,78.2,2,BID
2018-12-17 09:50:06,WBA,78.22,5,ASK
2018-12-17 09:50:06,WBA,78.17,5,BID
2018-12-17 09:50:06,WBA,78.2,10,ASK
2018-12-17 09:50:06,WBA,78.17,5,BID
2018-12-17 09:50:06,WBA,78.2,10,ASK
2018-12-17 09:50:06,WBA,78.17,6,BID
2018-12-17 09:50:09,WBA,78.2,10,ASK
2018-12-17 09:50:10,WBA,78.17,1,BID
2018-12-17 09:50:10,WBA,78.18,4,ASK
2018-12-17 09:50:11,WBA,78.17,1,BID
2018-12-17 09:50:11,WBA,78.2,11,ASK
2018-12-17 09:50:12,WBA,78.17,2,BID
2018-12-17 09:50:12,WBA,78.2,11,ASK
2018-12-17 09:50:12,WBA,78.17,2,BID
2018-12-17 09:50:10,WBA,78.2,11,ASK
2018-12-17 09:50:13,WBA,78.18,1,BID
2018-12-17 09:50:10,WBA,78.2,11,ASK
2018-12-17 09:50:14,WBA,78.18,3,BID
2018-12-17 09:50:10,WBA,78.2,11,ASK
2018-12-17 09:50:14,WBA,78.18,3,BID
2018-12-17 09:50:10,WBA,78.2,11,ASK
2018-12-17 09:50:14,WBA,78.18,3,BID
2018-12-17 09:50:10,WBA,78.2,11,ASK
2018-12-17 09:50:17,WBA,78.18,3,BID
2018-12-17 09:50:17,WBA,78.2,12,ASK
2018-12-17 09:50:19,WBA,78.17,2,BID
2018-12-17 09:50:19,WBA,78.19,8,ASK
2018-12-17 09:50:20,WBA,78.17,3,BID
2018-12-17 09:50:20,WBA,78.19,9,ASK
2018-12-17 09:50:21,WBA,78.17,3,BID
2018-12-17 09:50:21,WBA,78.19,10,ASK
2018-12-17 09:50:21,WBA,78.19,4,BID
2018-12-17 09:50:22,WBA,78.21,10,ASK
2018-12-17 09:50:21,WBA,78.19,4,BID
2018-12-17 09:50:22,WBA,78.21,10,ASK
2018-12-17 09:50:24,WBA,78.18,1,BID
2018-12-17 09:50:24,WBA,78.21,10,ASK
2018-12-17 09:50:25,WBA,78.18,4,BID
2018-12-17 09:50:24,WBA,78.21,11,ASK
2018-12-17 09:50:25,WBA,78.18,4,BID
2018-12-17 09:50:24,WBA,78.21,11,ASK
2018-12-17 09:50:27,WBA,78.18,3,BID
2018-12-17 09:50:24,WBA,78.21,11,ASK
2018-12-17 09:50:27,WBA,78.18,3,BID
2018-12-17 09:50:24,WBA,78.21,11,ASK
2018-12-17 09:50:28,WBA,78.18,4,BID
2018-12-17 09:50:24,WBA,78.21,11,ASK
2018-12-17 09:50:30,WBA,78.18,5,BID
2018-12-17 09:50:24,WBA,78.21,7,ASK
2018-12-17 09:50:30,WBA,78.18,5,BID
2018-12-17 09:50:24,WBA,78.21,7,ASK
2018-12-17 09:50:31,WBA,78.18,3,BID
2018-12-17 09:50:24,WBA,78.21,7,ASK
2018-12-17 09:50:33,WBA,78.18,4,BID
2018-12-17 09:50:24,WBA,78.21,8,ASK
2018-12-17 09:50:34,WBA,78.18,5,BID
2018-12-17 09:50:24,WBA,78.21,10,ASK
2018-12-17 09:50:35,WBA,78.19,2,BID
2018-12-17 09:50:24,WBA,78.21,10,ASK
2018-12-17 09:50:36,WBA,78.21,7,BID
2018-12-17 09:50:36,WBA,78.22,6,ASK
2018-12-17 09:50:37,WBA,78.19,6,BID
2018-12-17 09:50:37,WBA,78.22,7,ASK
2018-12-17 09:50:38,WBA,78.19,4,BID
2018-12-17 09:50:38,WBA,78.22,8,ASK
2018-12-17 09:50:39,WBA,78.19,5,BID
2018-12-17 09:50:38,WBA,78.22,8,ASK
2018-12-17 09:50:40,WBA,78.19,6,BID
2018-12-17 09:50:40,WBA,78.21,3,ASK
2018-12-17 09:50:41,WBA,78.19,6,BID
2018-12-17 09:50:38,WBA,78.22,9,ASK
2018-12-17 09:50:42,WBA,78.19,5,BID
2018-12-17 09:50:38,WBA,78.22,8,ASK
2018-12-17 09:50:43,WBA,78.19,8,BID
2018-12-17 09:50:38,WBA,78.22,8,ASK
2018-12-17 09:50:43,WBA,78.19,8,BID
2018-12-17 09:50:38,WBA,78.22,7,ASK
2018-12-17 09:50:43,WBA,78.19,8,BID
2018-12-17 09:50:38,WBA,78.22,7,ASK
2018-12-17 09:50:43,WBA,78.19,8,BID
2018-12-17 09:50:38,WBA,78.22,7,ASK
2018-12-17 09:50:46,WBA,78.2,3,BID
2018-12-17 09:50:38,WBA,78.22,7,ASK
2018-12-17 09:50:47,WBA,78.2,3,BID
2018-12-17 09:50:38,WBA,78.22,7,ASK
2018-12-17 09:50:47,WBA,78.2,4,BID
2018-12-17 09:50:38,WBA,78.22,7,ASK
2018-12-17 09:50:50,WBA,78.23,1,BID
2018-12-17 09:50:50,WBA,78.24,5,ASK
2018-12-17 09:50:51,WBA,78.23,6,BID
2018-12-17 09:50:51,WBA,78.25,8,ASK
2018-12-17 09:50:51,WBA,78.23,7,BID
2018-12-17 09:50:52,WBA,78.25,7,ASK
2018-12-17 09:50:53,WBA,78.24,1,BID
2018-12-17 09:50:53,WBA,78.26,9,ASK
2018-12-17 09:50:51,WBA,78.23,8,BID
2018-12-17 09:50:54,WBA,78.25,1,ASK
2018-12-17 09:50:51,WBA,78.23,8,BID
2018-12-17 09:50:54,WBA,78.25,1,ASK
2018-12-17 09:50:51,WBA,78.23,8,BID
2018-12-17 09:50:54,WBA,78.25,1,ASK
2018-12-17 09:50:51,WBA,78.23,7,BID
2018-12-17 09:50:55,WBA,78.25,4,ASK
2018-12-17 09:50:57,WBA,78.23,7,BID
2018-12-17 09:50:58,WBA,78.26,12,ASK
2018-12-17 09:50:57,WBA,78.23,7,BID
2018-12-17 09:50:58,WBA,78.26,12,ASK
2018-12-17 09:50:57,WBA,78.23,8,BID
2018-12-17 09:50:58,WBA,78.26,12,ASK
2018-12-17 09:50:57,WBA,78.23,8,BID
2018-12-17 09:51:00,WBA,78.26,10,ASK
2018-12-17 09:50:57,WBA,78.23,7,BID
2018-12-17 09:51:02,WBA,78.26,12,ASK
2018-12-17 09:50:57,WBA,78.23,7,BID
2018-12-17 09:51:03,WBA,78.25,2,ASK
2018-12-17 09:50:57,WBA,78.23,6,BID
2018-12-17 09:51:02,WBA,78.26,12,ASK
2018-12-17 09:50:57,WBA,78.23,6,BID
2018-12-17 09:51:02,WBA,78.26,12,ASK
2018-12-17 09:51:06,WBA,78.21,2,BID
2018-12-17 09:51:06,WBA,78.23,3,ASK
2018-12-17 09:51:07,WBA,78.21,1,BID
2018-12-17 09:51:07,WBA,78.23,4,ASK
2018-12-17 09:51:07,WBA,78.2,5,BID
2018-12-17 09:51:07,WBA,78.22,1,ASK
2018-12-17 09:51:09,WBA,78.2,4,BID
2018-12-17 09:51:09,WBA,78.22,3,ASK
2018-12-17 09:50:34,WBA,78.18,5,BID
2018-12-17 09:51:10,WBA,78.19,2,ASK
2018-12-17 09:50:34,WBA,78.18,9,BID
2018-12-17 09:51:10,WBA,78.2,6,ASK
2018-12-17 09:50:34,WBA,78.18,7,BID
2018-12-17 09:51:10,WBA,78.2,7,ASK
2018-12-17 09:51:13,WBA,78.18,8,BID
2018-12-17 09:51:10,WBA,78.2,7,ASK
2018-12-17 09:51:13,WBA,78.18,8,BID
2018-12-17 09:51:10,WBA,78.2,7,ASK
2018-12-17 09:51:13,WBA,78.18,8,BID
2018-12-17 09:51:10,WBA,78.2,7,ASK
2018-12-17 09:50:21,WBA,78.17,5,BID
2018-12-17 09:51:15,WBA,78.18,2,ASK
2018-12-17 09:50:21,WBA,78.17,6,BID
2018-12-17 09:51:16,WBA,78.19,3,ASK
2018-12-17 09:50:21,WBA,78.17,6,BID
2018-12-17 09:51:16,WBA,78.19,10,ASK
2018-12-17 09:50:21,WBA,78.17,6,BID
2018-12-17 09:51:17,WBA,78.19,12,ASK
2018-12-17 09:51:19,WBA,78.18,8,BID
2018-12-17 09:51:19,WBA,78.2,8,ASK
2018-12-17 09:51:20,WBA,78.18,5,BID
2018-12-17 09:51:19,WBA,78.2,6,ASK
2018-12-17 09:51:21,WBA,78.21,5,BID
2018-12-17 09:51:21,WBA,78.22,6,ASK
2018-12-17 09:51:23,WBA,78.2,1,BID
2018-12-17 09:51:23,WBA,78.22,4,ASK
2018-12-17 09:51:24,WBA,78.2,1,BID
2018-12-17 09:51:23,WBA,78.22,5,ASK
2018-12-17 09:51:25,WBA,78.2,2,BID
2018-12-17 09:51:23,WBA,78.22,5,ASK
2018-12-17 09:51:26,WBA,78.2,6,BID
2018-12-17 09:51:23,WBA,78.22,5,ASK
2018-12-17 09:51:27,WBA,78.2,7,BID
2018-12-17 09:51:23,WBA,78.22,6,ASK
2018-12-17 09:51:27,WBA,78.2,7,BID
2018-12-17 09:51:23,WBA,78.22,6,ASK
2018-12-17 09:51:29,WBA,78.22,6,BID
2018-12-17 09:51:29,WBA,78.25,3,ASK
2018-12-17 09:51:29,WBA,78.22,6,BID
2018-12-17 09:51:30,WBA,78.25,4,ASK
2018-12-17 09:51:31,WBA,78.24,1,BID
2018-12-17 09:51:31,WBA,78.25,2,ASK
2018-12-17 09:51:31,WBA,78.26,6,BID
2018-12-17 09:51:31,WBA,78.27,6,ASK
2018-12-17 09:51:31,WBA,78.24,5,BID
2018-12-17 09:51:31,WBA,78.25,1,ASK
2018-12-17 09:51:33,WBA,78.23,4,BID
2018-12-17 09:51:33,WBA,78.25,2,ASK
2018-12-17 09:51:33,WBA,78.23,4,BID
2018-12-17 09:51:33,WBA,78.24,5,ASK
2018-12-17 09:51:35,WBA,78.22,9,BID
2018-12-17 09:51:36,WBA,78.23,4,ASK
2018-12-17 09:51:37,WBA,78.21,4,BID
2018-12-17 09:51:37,WBA,78.23,8,ASK
2018-12-17 09:51:37,WBA,78.21,4,BID
2018-12-17 09:51:37,WBA,78.23,8,ASK
2018-12-17 09:51:39,WBA,78.2,8,BID
2018-12-17 09:51:39,WBA,78.22,8,ASK
2018-12-17 09:51:40,WBA,78.2,8,BID
2018-12-17 09:51:40,WBA,78.22,10,ASK
2018-12-17 09:51:40,WBA,78.2,8,BID
2018-12-17 09:51:40,WBA,78.22,10,ASK
2018-12-17 09:51:42,WBA,78.22,3,BID
2018-12-17 09:51:37,WBA,78.23,6,ASK
2018-12-17 09:51:42,WBA,78.22,3,BID
2018-12-17 09:51:37,WBA,78.23,6,ASK
2018-12-17 09:51:44,WBA,78.22,2,BID
2018-12-17 09:51:44,WBA,78.23,4,ASK
2018-12-17 09:51:45,WBA,78.22,6,BID
2018-12-17 09:51:45,WBA,78.24,3,ASK
2018-12-17 09:51:45,WBA,78.22,6,BID
2018-12-17 09:51:46,WBA,78.23,2,ASK
2018-12-17 09:51:47,WBA,78.22,1,BID
2018-12-17 09:51:47,WBA,78.23,3,ASK
2018-12-17 09:51:48,WBA,78.22,6,BID
2018-12-17 09:51:48,WBA,78.25,7,ASK
2018-12-17 09:51:49,WBA,78.23,2,BID
2018-12-17 09:51:49,WBA,78.24,6,ASK
2018-12-17 09:51:50,WBA,78.22,6,BID
2018-12-17 09:51:49,WBA,78.24,6,ASK
2018-12-17 09:51:50,WBA,78.22,7,BID
2018-12-17 09:51:49,WBA,78.24,6,ASK
2018-12-17 09:51:50,WBA,78.22,7,BID
2018-12-17 09:51:49,WBA,78.24,6,ASK
2018-12-17 09:51:50,WBA,78.22,6,BID
2018-12-17 09:51:49,WBA,78.24,6,ASK
2018-12-17 09:51:50,WBA,78.22,6,BID
2018-12-17 09:51:49,WBA,78.24,6,ASK
2018-12-17 09:51:50,WBA,78.22,6,BID
2018-12-17 09:51:49,WBA,78.24,6,ASK
2018-12-17 09:51:50,WBA,78.22,6,BID
2018-12-17 09:51:49,WBA,78.24,6,ASK
2018-12-17 09:51:57,WBA,78.24,3,BID
2018-12-17 09:51:57,WBA,78.26,5,ASK
2018-12-17 09:51:58,WBA,78.24,4,BID
2018-12-17 09:51:57,WBA,78.26,5,ASK
2018-12-17 09:51:59,WBA,78.24,4,BID
2018-12-17 09:51:59,WBA,78.27,6,ASK
2018-12-17 09:51:59,WBA,78.24,4,BID
2018-12-17 09:52:00,WBA,78.27,6,ASK
2018-12-17 09:52:00,WBA,78.24,7,BID
2018-12-17 09:52:00,WBA,78.27,6,ASK
2018-12-17 09:52:01,WBA,78.25,2,BID
2018-12-17 09:52:00,WBA,78.27,6,ASK
2018-12-17 09:52:02,WBA,78.25,4,BID
2018-12-17 09:52:02,WBA,78.27,7,ASK
2018-12-17 09:52:02,WBA,78.25,3,BID
2018-12-17 09:52:02,WBA,78.27,7,ASK
2018-12-17 09:52:00,WBA,78.24,6,BID
2018-12-17 09:52:05,WBA,78.25,3,ASK
2018-12-17 09:52:00,WBA,78.24,7,BID
2018-12-17 09:52:06,WBA,78.25,3,ASK
2018-12-17 09:52:07,WBA,78.23,5,BID
2018-12-17 09:52:07,WBA,78.24,8,ASK
2018-12-17 09:51:50,WBA,78.22,7,BID
2018-12-17 09:52:07,WBA,78.24,10,ASK
2018-12-17 09:51:50,WBA,78.22,7,BID
2018-12-17 09:52:07,WBA,78.24,10,ASK
2018-12-17 09:52:10,WBA,78.2,6,BID
2018-12-17 09:52:10,WBA,78.21,7,ASK
2018-12-17 09:52:11,WBA,78.18,3,BID
2018-12-17 09:52:11,WBA,78.2,2,ASK
2018-12-17 09:52:12,WBA,78.18,1,BID
2018-12-17 09:52:12,WBA,78.2,3,ASK
2018-12-17 09:52:13,WBA,78.18,2,BID
2018-12-17 09:52:13,WBA,78.2,3,ASK
2018-12-17 09:52:13,WBA,78.18,2,BID
2018-12-17 09:52:13,WBA,78.2,3,ASK
2018-12-17 09:52:13,WBA,78.18,2,BID
2018-12-17 09:52:13,WBA,78.2,3,ASK
2018-12-17 09:52:13,WBA,78.18,2,BID
2018-12-17 09:52:13,WBA,78.2,3,ASK
2018-12-17 09:52:17,WBA,78.17,2,BID
2018-12-17 09:52:17,WBA,78.18,8,ASK
2018-12-17 09:52:18,WBA,78.16,5,BID
2018-12-17 09:52:18,WBA,78.17,2,ASK
2018-12-17 09:52:19,WBA,78.12,1,BID
2018-12-17 09:52:19,WBA,78.15,2,ASK
2018-12-17 09:52:20,WBA,78.12,1,BID
2018-12-17 09:52:20,WBA,78.15,5,ASK
2018-12-17 09:52:21,WBA,78.12,1,BID
2018-12-17 09:52:21,WBA,78.15,5,ASK
2018-12-17 09:52:22,WBA,78.12,4,BID
2018-12-17 09:52:22,WBA,78.15,5,ASK
2018-12-17 09:52:22,WBA,78.12,5,BID
2018-12-17 09:52:23,WBA,78.15,5,ASK
2018-12-17 09:52:22,WBA,78.12,5,BID
2018-12-17 09:52:24,WBA,78.15,6,ASK
2018-12-17 09:52:22,WBA,78.12,5,BID
2018-12-17 09:52:24,WBA,78.15,6,ASK
2018-12-17 09:52:22,WBA,78.12,10,BID
2018-12-17 09:52:26,WBA,78.15,6,ASK
2018-12-17 09:52:22,WBA,78.12,9,BID
2018-12-17 09:52:27,WBA,78.13,1,ASK
2018-12-17 09:52:28,WBA,78.13,2,BID
2018-12-17 09:52:28,WBA,78.15,6,ASK
2018-12-17 09:52:29,WBA,78.13,4,BID
2018-12-17 09:52:29,WBA,78.15,1,ASK
2018-12-17 09:52:30,WBA,78.13,4,BID
2018-12-17 09:52:30,WBA,78.15,2,ASK
2018-12-17 09:52:30,WBA,78.13,4,BID
2018-12-17 09:52:30,WBA,78.15,2,ASK
2018-12-17 09:52:32,WBA,78.13,7,BID
2018-12-17 09:52:32,WBA,78.15,2,ASK
2018-12-17 09:52:33,WBA,78.1,1,BID
2018-12-17 09:52:33,WBA,78.13,7,ASK
2018-12-17 09:52:34,WBA,78.1,3,BID
2018-12-17 09:52:33,WBA,78.13,5,ASK
2018-12-17 09:52:34,WBA,78.1,3,BID
2018-12-17 09:52:33,WBA,78.13,5,ASK
2018-12-17 09:52:34,WBA,78.1,3,BID
2018-12-17 09:52:33,WBA,78.13,5,ASK
2018-12-17 09:52:37,WBA,78.1,5,BID
2018-12-17 09:52:37,WBA,78.13,7,ASK
2018-12-17 09:52:39,WBA,78.1,5,BID
2018-12-17 09:52:39,WBA,78.13,7,ASK
2018-12-17 09:52:39,WBA,78.1,5,BID
2018-12-17 09:52:40,WBA,78.13,7,ASK
2018-12-17 09:52:41,WBA,78.06,1,BID
2018-12-17 09:52:41,WBA,78.08,2,ASK
2018-12-17 09:52:41,WBA,78.06,1,BID
2018-12-17 09:52:41,WBA,78.08,3,ASK
2018-12-17 09:52:42,WBA,78.06,2,BID
2018-12-17 09:52:41,WBA,78.08,3,ASK
2018-12-17 09:52:43,WBA,78.05,8,BID
2018-12-17 09:52:43,WBA,78.08,6,ASK
2018-12-17 09:52:45,WBA,78.05,6,BID
2018-12-17 09:52:45,WBA,78.08,6,ASK
2018-12-17 09:52:45,WBA,78.05,6,BID
2018-12-17 09:52:45,WBA,78.08,7,ASK
2018-12-17 09:52:45,WBA,78.05,6,BID
2018-12-17 09:52:45,WBA,78.08,7,ASK
2018-12-17 09:52:47,WBA,78.05,6,BID
2018-12-17 09:52:48,WBA,78.08,6,ASK
2018-12-17 09:52:47,WBA,78.05,6,BID
2018-12-17 09:52:48,WBA,78.08,6,ASK
2018-12-17 09:52:47,WBA,78.05,6,BID
2018-12-17 09:52:48,WBA,78.08,6,ASK
2018-12-17 09:52:50,WBA,78.06,3,BID
2018-12-17 09:52:50,WBA,78.07,5,ASK
2018-12-17 09:52:50,WBA,78.06,3,BID
2018-12-17 09:52:50,WBA,78.07,5,ASK
2018-12-17 09:52:52,WBA,78.05,2,BID
2018-12-17 09:52:52,WBA,78.06,3,ASK
2018-12-17 09:52:53,WBA,78.06,1,BID
2018-12-17 09:52:52,WBA,78.07,5,ASK
2018-12-17 09:52:53,WBA,78.06,1,BID
2018-12-17 09:52:52,WBA,78.07,5,ASK
2018-12-17 09:52:55,WBA,78.06,1,BID
2018-12-17 09:52:52,WBA,78.07,5,ASK
2018-12-17 09:44:01,WBA,78.02,4,BID
2018-12-17 09:52:56,WBA,78.04,1,ASK
2018-12-17 09:52:56,WBA,78.02,5,BID
2018-12-17 09:52:56,WBA,78.04,3,ASK
2018-12-17 09:52:58,WBA,78.01,2,BID
2018-12-17 09:52:58,WBA,78.02,2,ASK
2018-12-17 09:53:00,WBA,78.01,2,BID
2018-12-17 09:52:59,WBA,78.04,3,ASK
2018-12-17 09:53:00,WBA,78.02,3,BID
2018-12-17 09:53:00,WBA,78.03,4,ASK
2018-12-17 09:53:02,WBA,78.0,3,BID
2018-12-17 09:53:02,WBA,78.01,3,ASK
2018-12-17 09:53:03,WBA,77.99,4,BID
2018-12-17 09:53:03,WBA,78.01,2,ASK
2018-12-17 09:53:04,WBA,78.0,3,BID
2018-12-17 09:53:03,WBA,78.03,9,ASK
2018-12-17 09:53:05,WBA,78.0,6,BID
2018-12-17 09:53:03,WBA,78.03,4,ASK
2018-12-17 09:53:06,WBA,78.0,6,BID
2018-12-17 09:53:06,WBA,78.03,6,ASK
2018-12-17 09:53:06,WBA,78.0,7,BID
2018-12-17 09:53:06,WBA,78.03,6,ASK
2018-12-17 09:53:06,WBA,78.0,7,BID
2018-12-17 09:53:06,WBA,78.03,6,ASK
2018-12-17 09:53:08,WBA,77.98,5,BID
2018-12-17 09:53:08,WBA,78.01,3,ASK
2018-12-17 09:53:08,WBA,77.98,5,BID
2018-12-17 09:53:09,WBA,78.01,4,ASK
2018-12-17 09:53:08,WBA,77.98,5,BID
2018-12-17 09:53:09,WBA,78.01,4,ASK
2018-12-17 09:53:11,WBA,77.97,6,BID
2018-12-17 09:53:11,WBA,77.99,1,ASK
2018-12-17 09:53:13,WBA,77.97,9,BID
2018-12-17 09:53:13,WBA,78.0,3,ASK
2018-12-17 09:53:13,WBA,77.97,6,BID
2018-12-17 09:53:14,WBA,77.99,1,ASK
2018-12-17 09:53:13,WBA,77.97,7,BID
2018-12-17 09:53:13,WBA,78.0,3,ASK
2018-12-17 09:53:13,WBA,77.97,6,BID
2018-12-17 09:53:16,WBA,77.99,1,ASK
2018-12-17 09:53:13,WBA,77.97,8,BID
2018-12-17 09:53:17,WBA,78.0,5,ASK
2018-12-17 09:53:17,WBA,78.01,5,BID
2018-12-17 09:53:17,WBA,78.01,2,ASK
2018-12-17 09:53:18,WBA,78.01,1,BID
2018-12-17 09:53:18,WBA,78.01,1,ASK
2018-12-17 09:53:18,WBA,78.04,1,BID
2018-12-17 09:53:18,WBA,78.04,1,ASK
2018-12-17 09:53:18,WBA,78.02,10,BID
2018-12-17 09:53:18,WBA,78.06,2,ASK
2018-12-17 09:53:18,WBA,78.02,12,BID
2018-12-17 09:53:19,WBA,78.06,3,ASK
2018-12-17 09:53:20,WBA,78.0,4,BID
2018-12-17 09:53:20,WBA,78.02,3,ASK
2018-12-17 09:53:20,WBA,78.0,5,BID
2018-12-17 09:53:22,WBA,78.02,5,ASK
2018-12-17 09:53:20,WBA,78.0,5,BID
2018-12-17 09:53:22,WBA,78.02,6,ASK
2018-12-17 09:53:13,WBA,77.97,6,BID
2018-12-17 09:53:25,WBA,77.99,2,ASK
2018-12-17 09:53:26,WBA,77.97,5,BID
2018-12-17 09:53:27,WBA,77.98,4,ASK
2018-12-17 09:53:27,WBA,77.93,3,BID
2018-12-17 09:53:27,WBA,77.95,3,ASK
2018-12-17 09:53:29,WBA,77.91,7,BID
2018-12-17 09:53:29,WBA,77.94,2,ASK
2018-12-17 09:53:29,WBA,77.9,5,BID
2018-12-17 09:53:29,WBA,77.94,5,ASK
2018-12-17 09:53:30,WBA,77.9,2,BID
2018-12-17 09:53:30,WBA,77.92,4,ASK
2018-12-17 09:53:31,WBA,77.9,4,BID
2018-12-17 09:53:31,WBA,77.92,4,ASK
2018-12-17 09:53:32,WBA,77.88,8,BID
2018-12-17 09:53:32,WBA,77.9,1,ASK
2018-12-17 09:53:32,WBA,77.88,8,BID
2018-12-17 09:53:32,WBA,77.89,3,ASK
2018-12-17 09:53:34,WBA,77.85,5,BID
2018-12-17 09:53:34,WBA,77.87,3,ASK
2018-12-17 09:38:27,WBA,77.83,4,BID
2018-12-17 09:53:35,WBA,77.85,1,ASK
2018-12-17 09:38:27,WBA,77.83,4,BID
2018-12-17 09:53:35,WBA,77.85,1,ASK
2018-12-17 09:53:36,WBA,77.83,5,BID
2018-12-17 09:53:36,WBA,77.85,3,ASK
2018-12-17 09:53:36,WBA,77.83,5,BID
2018-12-17 09:53:36,WBA,77.85,3,ASK
2018-12-17 09:53:36,WBA,77.83,5,BID
2018-12-17 09:53:36,WBA,77.85,3,ASK
2018-12-17 09:53:40,WBA,77.87,3,BID
2018-12-17 09:53:34,WBA,77.89,8,ASK
2018-12-17 09:53:42,WBA,77.87,5,BID
2018-12-17 09:53:34,WBA,77.89,8,ASK
2018-12-17 09:53:42,WBA,77.87,5,BID
2018-12-17 09:53:34,WBA,77.89,8,ASK
2018-12-17 09:53:44,WBA,77.87,6,BID
2018-12-17 09:53:44,WBA,77.9,6,ASK
2018-12-17 09:53:44,WBA,77.89,2,BID
2018-12-17 09:53:44,WBA,77.92,5,ASK
2018-12-17 09:53:46,WBA,77.91,1,BID
2018-12-17 09:53:46,WBA,77.93,3,ASK
2018-12-17 09:53:46,WBA,77.91,1,BID
2018-12-17 09:53:46,WBA,77.93,3,ASK
2018-12-17 09:53:48,WBA,77.91,7,BID
2018-12-17 09:53:48,WBA,77.93,3,ASK
2018-12-17 09:53:49,WBA,77.93,1,BID
2018-12-17 09:53:47,WBA,77.95,5,ASK
2018-12-17 09:53:49,WBA,77.92,9,BID
2018-12-17 09:53:47,WBA,77.95,6,ASK
2018-12-17 09:53:51,WBA,77.89,7,BID
2018-12-17 09:53:51,WBA,77.91,6,ASK
2018-12-17 09:53:52,WBA,77.91,8,BID
2018-12-17 09:53:52,WBA,77.93,3,ASK
2018-12-17 09:53:52,WBA,77.93,3,BID
2018-12-17 09:53:52,WBA,77.94,2,ASK
2018-12-17 09:53:53,WBA,77.92,1,BID
2018-12-17 09:53:53,WBA,77.94,11,ASK
2018-12-17 09:53:54,WBA,77.93,2,BID
2018-12-17 09:53:47,WBA,77.95,8,ASK
2018-12-17 09:53:55,WBA,77.9,4,BID
2018-12-17 09:53:56,WBA,77.91,1,ASK
2018-12-17 09:53:57,WBA,77.89,1,BID
2018-12-17 09:53:56,WBA,77.91,4,ASK
2018-12-17 09:53:57,WBA,77.87,8,BID
2018-12-17 09:53:57,WBA,77.89,1,ASK
2018-12-17 09:53:57,WBA,77.87,8,BID
2018-12-17 09:53:58,WBA,77.9,4,ASK
2018-12-17 09:54:00,WBA,77.85,3,BID
2018-12-17 09:54:00,WBA,77.86,1,ASK
2018-12-17 09:54:01,WBA,77.86,2,BID
2018-12-17 09:54:01,WBA,77.87,1,ASK
2018-12-17 09:54:01,WBA,77.86,2,BID
2018-12-17 09:54:00,WBA,77.89,4,ASK
2018-12-17 09:54:03,WBA,77.88,3,BID
2018-12-17 09:54:03,WBA,77.9,1,ASK
2018-12-17 09:54:04,WBA,77.89,1,BID
2018-12-17 09:53:55,WBA,77.92,9,ASK
2018-12-17 09:54:04,WBA,77.89,1,BID
2018-12-17 09:54:04,WBA,77.91,3,ASK
2018-12-17 09:54:06,WBA,77.88,4,BID
2018-12-17 09:54:06,WBA,77.91,7,ASK
2018-12-17 09:54:06,WBA,77.88,4,BID
2018-12-17 09:54:06,WBA,77.91,7,ASK
2018-12-17 09:54:07,WBA,77.88,4,BID
2018-12-17 09:54:06,WBA,77.91,7,ASK
2018-12-17 09:54:08,WBA,77.89,5,BID
2018-12-17 09:54:08,WBA,77.92,6,ASK
2018-12-17 09:54:09,WBA,77.9,6,BID
2018-12-17 09:54:09,WBA,77.93,6,ASK
2018-12-17 09:54:09,WBA,77.9,6,BID
2018-12-17 09:54:09,WBA,77.93,6,ASK
2018-12-17 09:54:10,WBA,77.89,1,BID
2018-12-17 09:54:10,WBA,77.91,5,ASK
2018-12-17 09:54:10,WBA,77.88,6,BID
2018-12-17 09:54:10,WBA,77.9,1,ASK
2018-12-17 09:54:13,WBA,77.89,3,BID
2018-12-17 09:54:10,WBA,77.91,10,ASK
2018-12-17 09:54:14,WBA,77.89,1,BID
2018-12-17 09:54:10,WBA,77.91,9,ASK
2018-12-17 09:54:15,WBA,77.93,1,BID
2018-12-17 09:54:15,WBA,77.94,6,ASK
2018-12-17 09:54:15,WBA,77.9,6,BID
2018-12-17 09:54:15,WBA,77.92,1,ASK
2018-12-17 09:54:16,WBA,77.9,6,BID
2018-12-17 09:54:16,WBA,77.92,2,ASK
2018-12-17 09:54:18,WBA,77.92,2,BID
2018-12-17 09:54:18,WBA,77.94,4,ASK
2018-12-17 09:54:18,WBA,77.92,2,BID
2018-12-17 09:54:18,WBA,77.94,4,ASK
2018-12-17 09:54:17,WBA,77.9,9,BID
2018-12-17 09:54:21,WBA,77.92,3,ASK
2018-12-17 09:54:17,WBA,77.9,7,BID
2018-12-17 09:54:21,WBA,77.92,3,ASK
2018-12-17 09:54:17,WBA,77.9,7,BID
2018-12-17 09:54:23,WBA,77.92,3,ASK
2018-12-17 09:54:17,WBA,77.9,7,BID
2018-12-17 09:54:24,WBA,77.94,6,ASK
2018-12-17 09:54:25,WBA,77.92,1,BID
2018-12-17 09:54:24,WBA,77.94,5,ASK
2018-12-17 09:54:26,WBA,77.92,1,BID
2018-12-17 09:54:24,WBA,77.94,5,ASK
2018-12-17 09:54:27,WBA,77.92,7,BID
2018-12-17 09:54:27,WBA,77.94,5,ASK
2018-12-17 09:54:27,WBA,77.92,7,BID
2018-12-17 09:54:27,WBA,77.94,5,ASK
2018-12-17 09:54:28,WBA,77.92,8,BID
2018-12-17 09:54:27,WBA,77.94,5,ASK
2018-12-17 09:54:28,WBA,77.92,11,BID
2018-12-17 09:54:30,WBA,77.94,7,ASK
2018-12-17 09:54:28,WBA,77.92,11,BID
2018-12-17 09:54:30,WBA,77.94,7,ASK
2018-12-17 09:54:28,WBA,77.92,11,BID
2018-12-17 09:54:32,WBA,77.94,8,ASK
2018-12-17 09:54:28,WBA,77.92,10,BID
2018-12-17 09:54:32,WBA,77.94,8,ASK
2018-12-17 09:54:28,WBA,77.92,10,BID
2018-12-17 09:54:32,WBA,77.94,8,ASK
2018-12-17 09:54:35,WBA,77.93,1,BID
2018-12-17 09:54:32,WBA,77.94,5,ASK
2018-12-17 09:54:28,WBA,77.92,11,BID
2018-12-17 09:54:32,WBA,77.94,6,ASK
2018-12-17 09:54:37,WBA,77.93,2,BID
2018-12-17 09:54:37,WBA,77.95,2,ASK
2018-12-17 09:54:38,WBA,77.94,1,BID
2018-12-17 09:54:38,WBA,77.96,4,ASK
2018-12-17 09:54:39,WBA,77.94,2,BID
2018-12-17 09:54:38,WBA,77.96,5,ASK
2018-12-17 09:54:40,WBA,77.94,4,BID
2018-12-17 09:54:38,WBA,77.96,5,ASK
2018-12-17 09:54:40,WBA,77.94,4,BID
2018-12-17 09:54:38,WBA,77.96,5,ASK
2018-12-17 09:54:40,WBA,77.94,4,BID
2018-12-17 09:54:42,WBA,77.97,2,ASK
2018-12-17 09:54:43,WBA,77.94,6,BID
2018-12-17 09:54:43,WBA,77.97,5,ASK
2018-12-17 09:54:43,WBA,77.95,1,BID
2018-12-17 09:54:43,WBA,77.97,4,ASK
2018-12-17 09:54:45,WBA,77.95,5,BID
2018-12-17 09:54:45,WBA,77.97,5,ASK
2018-12-17 09:54:46,WBA,77.96,4,BID
2018-12-17 09:54:46,WBA,77.99,5,ASK
2018-12-17 09:54:47,WBA,77.98,4,BID
2018-12-17 09:54:47,WBA,78.0,8,ASK
2018-12-17 09:54:47,WBA,77.97,6,BID
2018-12-17 09:54:47,WBA,77.99,4,ASK
2018-12-17 09:54:49,WBA,77.97,5,BID
2018-12-17 09:54:47,WBA,77.99,4,ASK
2018-12-17 09:54:50,WBA,77.96,5,BID
2018-12-17 09:54:50,WBA,77.98,4,ASK
2018-12-17 09:54:50,WBA,77.96,7,BID
2018-12-17 09:54:51,WBA,77.98,5,ASK
2018-12-17 09:54:50,WBA,77.96,4,BID
2018-12-17 09:54:52,WBA,77.98,5,ASK
2018-12-17 09:54:50,WBA,77.96,4,BID
2018-12-17 09:54:52,WBA,77.98,5,ASK
2018-12-17 09:54:53,WBA,77.98,2,BID
2018-12-17 09:54:53,WBA,77.99,1,ASK
2018-12-17 09:54:54,WBA,77.98,5,BID
2018-12-17 09:54:47,WBA,78.0,7,ASK
2018-12-17 09:54:56,WBA,77.98,7,BID
2018-12-17 09:54:47,WBA,78.0,7,ASK
2018-12-17 09:54:57,WBA,77.98,6,BID
2018-12-17 09:54:47,WBA,78.0,7,ASK
2018-12-17 09:54:57,WBA,77.99,6,BID
2018-12-17 09:54:58,WBA,78.0,1,ASK
2018-12-17 09:54:59,WBA,77.99,9,BID
2018-12-17 09:54:59,WBA,78.01,3,ASK
2018-12-17 09:54:59,WBA,77.99,9,BID
2018-12-17 09:54:59,WBA,78.01,3,ASK
2018-12-17 09:55:01,WBA,77.99,11,BID
2018-12-17 09:55:00,WBA,78.02,5,ASK
2018-12-17 09:55:01,WBA,77.99,11,BID
2018-12-17 09:55:00,WBA,78.02,5,ASK
2018-12-17 09:55:01,WBA,77.99,11,BID
2018-12-17 09:55:00,WBA,78.02,5,ASK
2018-12-17 09:55:02,WBA,77.99,11,BID
2018-12-17 09:55:02,WBA,78.02,5,ASK
2018-12-17 09:55:02,WBA,77.99,11,BID
2018-12-17 09:55:02,WBA,78.02,5,ASK
2018-12-17 09:55:04,WBA,78.01,2,BID
2018-12-17 09:55:04,WBA,78.03,7,ASK
2018-12-17 09:55:04,WBA,78.01,2,BID
2018-12-17 09:55:04,WBA,78.03,7,ASK
2018-12-17 09:55:04,WBA,78.01,2,BID
2018-12-17 09:55:04,WBA,78.03,7,ASK
2018-12-17 09:55:04,WBA,78.01,2,BID
2018-12-17 09:55:04,WBA,78.03,7,ASK
2018-12-17 09:55:07,WBA,78.01,4,BID
2018-12-17 09:55:07,WBA,78.03,8,ASK
2018-12-17 09:55:09,WBA,77.97,6,BID
2018-12-17 09:55:09,WBA,77.98,6,ASK
2018-12-17 09:55:11,WBA,77.96,4,BID
2018-12-17 09:55:10,WBA,77.98,4,ASK
2018-12-17 09:55:11,WBA,77.96,11,BID
2018-12-17 09:55:12,WBA,78.0,2,ASK
2018-12-17 09:55:14,WBA,77.99,3,BID
2018-12-17 09:55:14,WBA,78.02,12,ASK
2018-12-17 09:55:15,WBA,77.99,6,BID
2018-12-17 09:55:15,WBA,78.01,6,ASK
2018-12-17 09:55:16,WBA,77.99,7,BID
2018-12-17 09:55:16,WBA,78.01,6,ASK
2018-12-17 09:55:16,WBA,77.99,8,BID
2018-12-17 09:55:17,WBA,78.01,6,ASK
2018-12-17 09:55:18,WBA,77.99,10,BID
2018-12-17 09:55:18,WBA,78.01,6,ASK
2018-12-17 09:55:18,WBA,77.99,10,BID
2018-12-17 09:55:18,WBA,78.01,6,ASK
2018-12-17 09:55:18,WBA,77.99,10,BID
2018-12-17 09:55:18,WBA,78.01,6,ASK
2018-12-17 09:55:18,WBA,77.99,10,BID
2018-12-17 09:55:18,WBA,78.01,6,ASK
2018-12-17 09:55:18,WBA,77.99,10,BID
2018-12-17 09:55:22,WBA,78.01,6,ASK
2018-12-17 09:55:18,WBA,77.99,10,BID
2018-12-17 09:55:22,WBA,78.01,6,ASK
2018-12-17 09:55:24,WBA,77.97,1,BID
2018-12-17 09:55:24,WBA,77.98,6,ASK
2018-12-17 09:55:10,WBA,77.95,10,BID
2018-12-17 09:55:25,WBA,77.97,13,ASK
2018-12-17 09:55:10,WBA,77.95,10,BID
2018-12-17 09:55:25,WBA,77.96,5,ASK
2018-12-17 09:54:38,WBA,77.93,7,BID
2018-12-17 09:55:27,WBA,77.95,7,ASK
2018-12-17 09:55:28,WBA,77.96,4,BID
2018-12-17 09:55:28,WBA,77.97,1,ASK
2018-12-17 09:55:29,WBA,77.96,5,BID
2018-12-17 09:55:28,WBA,77.98,5,ASK
2018-12-17 09:55:30,WBA,77.94,7,BID
2018-12-17 09:55:30,WBA,77.95,1,ASK
2018-12-17 09:55:31,WBA,77.97,3,BID
2018-12-17 09:55:31,WBA,77.99,4,ASK
2018-12-17 09:55:32,WBA,77.97,10,BID
2018-12-17 09:55:31,WBA,77.99,3,ASK
2018-12-17 09:55:32,WBA,77.97,8,BID
2018-12-17 09:55:31,WBA,77.99,3,ASK
2018-12-17 09:55:32,WBA,77.97,8,BID
2018-12-17 09:55:31,WBA,77.99,3,ASK
2018-12-17 09:55:32,WBA,77.97,8,BID
2018-12-17 09:55:31,WBA,77.99,3,ASK
2018-12-17 09:55:32,WBA,77.97,10,BID
2018-12-17 09:55:31,WBA,77.99,3,ASK
2018-12-17 09:55:32,WBA,77.97,10,BID
2018-12-17 09:55:31,WBA,77.99,4,ASK
2018-12-17 09:55:32,WBA,77.97,10,BID
2018-12-17 09:55:31,WBA,77.99,6,ASK
2018-12-17 09:55:32,WBA,77.97,10,BID
2018-12-17 09:55:31,WBA,77.99,5,ASK
2018-12-17 09:55:32,WBA,77.97,10,BID
2018-12-17 09:55:31,WBA,77.99,5,ASK
2018-12-17 09:55:32,WBA,77.97,10,BID
2018-12-17 09:55:31,WBA,77.99,5,ASK
2018-12-17 09:55:32,WBA,77.97,10,BID
2018-12-17 09:55:31,WBA,77.99,5,ASK
2018-12-17 09:55:30,WBA,77.94,6,BID
2018-12-17 09:55:43,WBA,77.97,6,ASK
2018-12-17 09:55:44,WBA,77.95,1,BID
2018-12-17 09:55:44,WBA,77.97,5,ASK
2018-12-17 09:55:45,WBA,77.96,2,BID
2018-12-17 09:55:45,WBA,77.97,5,ASK
2018-12-17 09:55:46,WBA,77.96,2,BID
2018-12-17 09:55:46,WBA,77.97,1,ASK
2018-12-17 09:55:46,WBA,77.96,2,BID
2018-12-17 09:55:46,WBA,77.97,1,ASK
2018-12-17 09:55:46,WBA,77.96,2,BID
2018-12-17 09:55:46,WBA,77.97,1,ASK
2018-12-17 09:55:49,WBA,77.97,11,BID
2018-12-17 09:55:49,WBA,77.98,5,ASK
2018-12-17 09:55:49,WBA,77.97,11,BID
2018-12-17 09:55:49,WBA,77.98,5,ASK
2018-12-17 09:55:49,WBA,77.97,11,BID
2018-12-17 09:55:49,WBA,77.98,5,ASK
2018-12-17 09:55:49,WBA,77.97,9,BID
2018-12-17 09:55:49,WBA,77.99,7,ASK
2018-12-17 09:55:49,WBA,77.97,9,BID
2018-12-17 09:55:49,WBA,77.99,7,ASK
2018-12-17 09:55:49,WBA,77.97,9,BID
2018-12-17 09:55:54,WBA,77.99,7,ASK
2018-12-17 09:55:49,WBA,77.97,9,BID
2018-12-17 09:55:54,WBA,77.99,7,ASK
2018-12-17 09:55:49,WBA,77.97,6,BID
2018-12-17 09:55:56,WBA,77.99,8,ASK
2018-12-17 09:55:49,WBA,77.97,8,BID
2018-12-17 09:55:57,WBA,77.99,8,ASK
2018-12-17 09:55:49,WBA,77.97,8,BID
2018-12-17 09:55:57,WBA,77.99,8,ASK
2018-12-17 09:55:49,WBA,77.97,8,BID
2018-12-17 09:55:57,WBA,77.99,8,ASK
2018-12-17 09:55:49,WBA,77.97,8,BID
2018-12-17 09:55:57,WBA,77.99,8,ASK
2018-12-17 09:55:49,WBA,77.97,9,BID
2018-12-17 09:55:57,WBA,77.99,8,ASK
2018-12-17 09:56:02,WBA,77.95,4,BID
2018-12-17 09:56:02,WBA,77.96,4,ASK
2018-12-17 09:56:04,WBA,77.95,3,BID
2018-12-17 09:56:03,WBA,77.96,11,ASK
2018-12-17 09:56:05,WBA,77.9,7,BID
2018-12-17 09:56:05,WBA,77.92,1,ASK
2018-12-17 09:56:05,WBA,77.9,7,BID
2018-12-17 09:56:05,WBA,77.93,7,ASK
2018-12-17 09:56:05,WBA,77.9,7,BID
2018-12-17 09:56:05,WBA,77.93,8,ASK
2018-12-17 09:56:07,WBA,77.9,7,BID
2018-12-17 09:56:07,WBA,77.93,10,ASK
2018-12-17 09:56:07,WBA,77.9,7,BID
2018-12-17 09:56:07,WBA,77.93,10,ASK
2018-12-17 09:56:07,WBA,77.9,9,BID
2018-12-17 09:56:07,WBA,77.93,11,ASK
2018-12-17 09:56:07,WBA,77.9,8,BID
2018-12-17 09:56:07,WBA,77.93,11,ASK
2018-12-17 09:56:11,WBA,77.92,2,BID
2018-12-17 09:56:11,WBA,77.94,1,ASK
2018-12-17 09:56:11,WBA,77.92,2,BID
2018-12-17 09:56:11,WBA,77.94,1,ASK
2018-12-17 09:56:11,WBA,77.92,2,BID
2018-12-17 09:56:11,WBA,77.94,1,ASK
2018-12-17 09:56:11,WBA,77.92,3,BID
2018-12-17 09:56:15,WBA,77.93,2,ASK
2018-12-17 09:54:22,WBA,77.9,10,BID
2018-12-17 09:56:16,WBA,77.93,5,ASK
2018-12-17 09:54:22,WBA,77.9,10,BID
2018-12-17 09:56:16,WBA,77.93,5,ASK
2018-12-17 09:54:22,WBA,77.9,10,BID
2018-12-17 09:56:16,WBA,77.93,5,ASK
2018-12-17 09:54:22,WBA,77.9,10,BID
2018-12-17 09:56:16,WBA,77.93,5,ASK
2018-12-17 09:54:22,WBA,77.9,12,BID
2018-12-17 09:56:19,WBA,77.92,4,ASK
2018-12-17 09:54:22,WBA,77.9,12,BID
2018-12-17 09:56:20,WBA,77.92,4,ASK
2018-12-17 09:54:22,WBA,77.9,13,BID
2018-12-17 09:56:20,WBA,77.92,4,ASK
2018-12-17 09:54:22,WBA,77.9,13,BID
2018-12-17 09:56:20,WBA,77.92,4,ASK
2018-12-17 09:54:22,WBA,77.9,12,BID
2018-12-17 09:56:20,WBA,77.92,4,ASK
2018-12-17 09:56:24,WBA,77.91,1,BID
2018-12-17 09:56:20,WBA,77.92,4,ASK
2018-12-17 09:56:25,WBA,77.92,1,BID
2018-12-17 09:56:25,WBA,77.93,7,ASK
2018-12-17 09:54:22,WBA,77.9,11,BID
2018-12-17 09:56:26,WBA,77.92,3,ASK
2018-12-17 09:56:27,WBA,77.92,3,BID
2018-12-17 09:56:27,WBA,77.95,10,ASK
2018-12-17 09:56:27,WBA,77.92,3,BID
2018-12-17 09:56:28,WBA,77.95,11,ASK
2018-12-17 09:56:29,WBA,77.91,5,BID
2018-12-17 09:56:29,WBA,77.93,2,ASK
2018-12-17 09:54:22,WBA,77.9,11,BID
2018-12-17 09:56:31,WBA,77.93,7,ASK
2018-12-17 09:54:22,WBA,77.9,12,BID
2018-12-17 09:56:31,WBA,77.93,8,ASK
2018-12-17 09:54:22,WBA,77.9,12,BID
2018-12-17 09:56:31,WBA,77.93,5,ASK
2018-12-17 09:54:22,WBA,77.9,12,BID
2018-12-17 09:56:33,WBA,77.93,5,ASK
2018-12-17 09:54:22,WBA,77.9,11,BID
2018-12-17 09:56:35,WBA,77.92,5,ASK
2018-12-17 09:54:22,WBA,77.9,11,BID
2018-12-17 09:56:35,WBA,77.92,5,ASK
2018-12-17 09:54:22,WBA,77.9,11,BID
2018-12-17 09:56:35,WBA,77.92,6,ASK
2018-12-17 09:54:22,WBA,77.9,11,BID
2018-12-17 09:56:37,WBA,77.91,1,ASK
2018-12-17 09:54:22,WBA,77.9,12,BID
2018-12-17 09:56:39,WBA,77.92,7,ASK
2018-12-17 09:56:39,WBA,77.88,2,BID
2018-12-17 09:56:39,WBA,77.9,10,ASK
2018-12-17 09:56:39,WBA,77.88,2,BID
2018-12-17 09:56:39,WBA,77.9,10,ASK
2018-12-17 09:56:41,WBA,77.88,2,BID
2018-12-17 09:56:41,WBA,77.9,10,ASK
2018-12-17 09:56:42,WBA,77.88,3,BID
2018-12-17 09:56:42,WBA,77.89,6,ASK
2018-12-17 09:56:42,WBA,77.88,3,BID
2018-12-17 09:56:42,WBA,77.89,6,ASK
2018-12-17 09:56:44,WBA,77.89,7,BID
2018-12-17 09:56:44,WBA,77.9,1,ASK
2018-12-17 09:56:45,WBA,77.89,13,BID
2018-12-17 09:56:45,WBA,77.92,8,ASK
2018-12-17 09:56:46,WBA,77.89,8,BID
2018-12-17 09:56:47,WBA,77.91,2,ASK
2018-12-17 09:56:46,WBA,77.89,8,BID
2018-12-17 09:56:47,WBA,77.91,2,ASK
2018-12-17 09:56:46,WBA,77.89,10,BID
2018-12-17 09:56:49,WBA,77.9,2,ASK
2018-12-17 09:56:50,WBA,77.9,4,BID
2018-12-17 09:56:50,WBA,77.92,8,ASK
2018-12-17 09:56:50,WBA,77.9,7,BID
2018-12-17 09:56:50,WBA,77.92,9,ASK
2018-12-17 09:56:50,WBA,77.9,8,BID
2018-12-17 09:56:50,WBA,77.92,9,ASK
2018-12-17 09:56:50,WBA,77.9,8,BID
2018-12-17 09:56:50,WBA,77.92,9,ASK
2018-12-17 09:56:50,WBA,77.9,8,BID
2018-12-17 09:56:50,WBA,77.92,9,ASK
2018-12-17 09:56:50,WBA,77.9,8,BID
2018-12-17 09:56:54,WBA,77.91,3,ASK
2018-12-17 09:56:50,WBA,77.9,8,BID
2018-12-17 09:56:54,WBA,77.91,3,ASK
2018-12-17 09:56:50,WBA,77.9,9,BID
2018-12-17 09:56:50,WBA,77.92,9,ASK
2018-12-17 09:56:58,WBA,77.9,8,BID
2018-12-17 09:56:58,WBA,77.91,2,ASK
2018-12-17 09:56:59,WBA,77.9,8,BID
2018-12-17 09:56:59,WBA,77.91,6,ASK
2018-12-17 09:56:59,WBA,77.91,5,BID
2018-12-17 09:56:59,WBA,77.93,1,ASK
2018-12-17 09:57:01,WBA,77.92,1,BID
2018-12-17 09:57:01,WBA,77.93,2,ASK
2018-12-17 09:57:01,WBA,77.92,1,BID
2018-12-17 09:57:01,WBA,77.93,2,ASK
2018-12-17 09:57:02,WBA,77.9,8,BID
2018-12-17 09:57:02,WBA,77.91,6,ASK
2018-12-17 09:56:46,WBA,77.89,13,BID
2018-12-17 09:57:04,WBA,77.91,6,ASK
2018-12-17 09:56:44,WBA,77.88,7,BID
2018-12-17 09:57:04,WBA,77.9,5,ASK
2018-12-17 09:56:44,WBA,77.88,7,BID
2018-12-17 09:57:04,WBA,77.9,4,ASK
2018-12-17 09:56:44,WBA,77.88,7,BID
2018-12-17 09:57:04,WBA,77.9,4,ASK
2018-12-17 09:56:44,WBA,77.88,8,BID
2018-12-17 09:57:08,WBA,77.9,2,ASK
2018-12-17 09:56:44,WBA,77.88,8,BID
2018-12-17 09:57:08,WBA,77.9,2,ASK
2018-12-17 09:57:09,WBA,77.88,7,BID
2018-12-17 09:57:09,WBA,77.9,6,ASK
2018-12-17 09:57:09,WBA,77.88,7,BID
2018-12-17 09:57:11,WBA,77.9,6,ASK
2018-12-17 09:57:12,WBA,77.88,7,BID
2018-12-17 09:57:11,WBA,77.9,3,ASK
2018-12-17 09:57:13,WBA,77.85,5,BID
2018-12-17 09:57:13,WBA,77.87,6,ASK
2018-12-17 09:57:13,WBA,77.85,5,BID
2018-12-17 09:57:13,WBA,77.87,6,ASK
2018-12-17 09:57:13,WBA,77.85,5,BID
2018-12-17 09:57:13,WBA,77.87,6,ASK
2018-12-17 09:57:15,WBA,77.85,6,BID
2018-12-17 09:57:15,WBA,77.87,7,ASK
2018-12-17 09:57:17,WBA,77.87,2,BID
2018-12-17 09:57:17,WBA,77.88,5,ASK
2018-12-17 09:57:17,WBA,77.87,2,BID
2018-12-17 09:57:17,WBA,77.88,7,ASK
2018-12-17 09:57:19,WBA,77.88,5,BID
2018-12-17 09:57:19,WBA,77.9,10,ASK
2018-12-17 09:57:19,WBA,77.88,6,BID
2018-12-17 09:57:19,WBA,77.9,10,ASK
2018-12-17 09:57:19,WBA,77.88,8,BID
2018-12-17 09:57:19,WBA,77.9,10,ASK
2018-12-17 09:57:19,WBA,77.88,8,BID
2018-12-17 09:57:19,WBA,77.9,10,ASK
2018-12-17 09:57:19,WBA,77.88,9,BID
2018-12-17 09:57:19,WBA,77.9,10,ASK
2018-12-17 09:57:19,WBA,77.88,9,BID
2018-12-17 09:57:19,WBA,77.9,11,ASK
2018-12-17 09:57:19,WBA,77.88,9,BID
2018-12-17 09:57:19,WBA,77.9,9,ASK
2018-12-17 09:57:19,WBA,77.88,9,BID
2018-12-17 09:57:19,WBA,77.9,7,ASK
2018-12-17 09:57:27,WBA,77.9,2,BID
2018-12-17 09:57:27,WBA,77.92,2,ASK
2018-12-17 09:57:27,WBA,77.9,2,BID
2018-12-17 09:57:27,WBA,77.92,1,ASK
2018-12-17 09:57:27,WBA,77.9,2,BID
2018-12-17 09:57:28,WBA,77.92,2,ASK
2018-12-17 09:57:30,WBA,77.92,5,BID
2018-12-17 09:57:30,WBA,77.95,10,ASK
2018-12-17 09:57:31,WBA,77.92,5,BID
2018-12-17 09:57:31,WBA,77.95,11,ASK
2018-12-17 09:57:32,WBA,77.92,5,BID
2018-12-17 09:57:32,WBA,77.95,12,ASK
2018-12-17 09:57:32,WBA,77.92,5,BID
2018-12-17 09:57:32,WBA,77.95,11,ASK
2018-12-17 09:57:32,WBA,77.92,5,BID
2018-12-17 09:57:32,WBA,77.95,11,ASK
2018-12-17 09:57:35,WBA,77.92,7,BID
2018-12-17 09:57:35,WBA,77.95,12,ASK
2018-12-17 09:57:35,WBA,77.92,7,BID
2018-12-17 09:57:35,WBA,77.95,12,ASK
2018-12-17 09:57:35,WBA,77.92,7,BID
2018-12-17 09:57:36,WBA,77.94,1,ASK
2018-12-17 09:57:35,WBA,77.92,7,BID
2018-12-17 09:57:38,WBA,77.95,12,ASK
2018-12-17 09:57:39,WBA,77.92,9,BID
2018-12-17 09:57:39,WBA,77.95,12,ASK
2018-12-17 09:57:39,WBA,77.92,9,BID
2018-12-17 09:57:39,WBA,77.95,12,ASK
2018-12-17 09:57:39,WBA,77.92,9,BID
2018-12-17 09:57:39,WBA,77.95,12,ASK
2018-12-17 09:57:39,WBA,77.92,10,BID
2018-12-17 09:57:42,WBA,77.95,11,ASK
2018-12-17 09:57:43,WBA,77.94,6,BID
2018-12-17 09:57:43,WBA,77.98,6,ASK
2018-12-17 09:57:44,WBA,77.96,2,BID
2018-12-17 09:57:44,WBA,77.99,6,ASK
2018-12-17 09:57:44,WBA,77.95,4,BID
2018-12-17 09:57:44,WBA,77.99,8,ASK
2018-12-17 09:57:46,WBA,77.96,3,BID
2018-12-17 09:57:44,WBA,77.99,8,ASK
2018-12-17 09:57:47,WBA,77.96,4,BID
2018-12-17 09:57:44,WBA,77.99,11,ASK
2018-12-17 09:57:47,WBA,77.96,6,BID
2018-12-17 09:57:44,WBA,77.99,10,ASK
2018-12-17 09:57:48,WBA,77.93,5,BID
2018-12-17 09:57:49,WBA,77.94,1,ASK
2018-12-17 09:57:50,WBA,77.94,5,BID
2018-12-17 09:57:50,WBA,77.95,14,ASK
2018-12-17 09:57:51,WBA,77.94,3,BID
2018-12-17 09:57:51,WBA,77.96,8,ASK
2018-12-17 09:57:51,WBA,77.94,3,BID
2018-12-17 09:57:51,WBA,77.96,8,ASK
2018-12-17 09:57:51,WBA,77.94,3,BID
2018-12-17 09:57:51,WBA,77.96,8,ASK
2018-12-17 09:57:54,WBA,77.93,4,BID
2018-12-17 09:57:54,WBA,77.94,3,ASK
2018-12-17 09:57:54,WBA,77.93,6,BID
2018-12-17 09:57:55,WBA,77.95,9,ASK
2018-12-17 09:57:54,WBA,77.93,6,BID
2018-12-17 09:57:55,WBA,77.95,9,ASK
2018-12-17 09:57:54,WBA,77.93,6,BID
2018-12-17 09:57:55,WBA,77.95,9,ASK
2018-12-17 09:57:54,WBA,77.93,6,BID
2018-12-17 09:57:55,WBA,77.95,9,ASK
2018-12-17 09:57:54,WBA,77.93,6,BID
2018-12-17 09:57:55,WBA,77.95,9,ASK
2018-12-17 09:58:00,WBA,77.94,4,BID
2018-12-17 09:58:00,WBA,77.97,11,ASK
2018-12-17 09:58:01,WBA,77.94,5,BID
2018-12-17 09:58:01,WBA,77.97,11,ASK
2018-12-17 09:58:01,WBA,77.94,5,BID
2018-12-17 09:58:01,WBA,77.97,11,ASK
2018-12-17 09:58:01,WBA,77.94,5,BID
2018-12-17 09:58:01,WBA,77.97,11,ASK
2018-12-17 09:58:04,WBA,77.94,3,BID
2018-12-17 09:58:04,WBA,77.96,5,ASK
2018-12-17 09:58:04,WBA,77.94,4,BID
2018-12-17 09:58:05,WBA,77.96,5,ASK
2018-12-17 09:58:06,WBA,77.94,4,BID
2018-12-17 09:58:06,WBA,77.96,5,ASK
2018-12-17 09:58:06,WBA,77.94,4,BID
2018-12-17 09:58:06,WBA,77.96,5,ASK
2018-12-17 09:58:06,WBA,77.94,4,BID
2018-12-17 09:58:06,WBA,77.96,5,ASK
2018-12-17 09:58:06,WBA,77.94,4,BID
2018-12-17 09:58:06,WBA,77.96,5,ASK
2018-12-17 09:57:39,WBA,77.92,8,BID
2018-12-17 09:58:10,WBA,77.93,1,ASK
2018-12-17 09:57:39,WBA,77.92,8,BID
2018-12-17 09:58:10,WBA,77.93,1,ASK
2018-12-17 09:57:39,WBA,77.92,8,BID
2018-12-17 09:58:10,WBA,77.93,1,ASK
2018-12-17 09:57:39,WBA,77.92,8,BID
2018-12-17 09:58:10,WBA,77.93,1,ASK
2018-12-17 09:57:39,WBA,77.92,8,BID
2018-12-17 09:58:10,WBA,77.93,1,ASK
2018-12-17 09:58:10,WBA,77.92,8,BID
2018-12-17 09:58:10,WBA,77.93,1,ASK
2018-12-17 09:58:10,WBA,77.92,9,BID
2018-12-17 09:58:16,WBA,77.94,5,ASK
2018-12-17 09:58:10,WBA,77.92,10,BID
2018-12-17 09:58:17,WBA,77.94,2,ASK
2018-12-17 09:58:10,WBA,77.92,10,BID
2018-12-17 09:58:17,WBA,77.94,3,ASK
2018-12-17 09:58:10,WBA,77.92,10,BID
2018-12-17 09:58:17,WBA,77.94,4,ASK
2018-12-17 09:58:10,WBA,77.92,10,BID
2018-12-17 09:58:17,WBA,77.94,4,ASK
2018-12-17 09:58:21,WBA,77.93,6,BID
2018-12-17 09:58:21,WBA,77.96,10,ASK
2018-12-17 09:58:22,WBA,77.95,1,BID
2018-12-17 09:58:22,WBA,77.97,1,ASK
2018-12-17 09:58:23,WBA,77.97,3,BID
2018-12-17 09:58:23,WBA,77.99,7,ASK
2018-12-17 09:58:24,WBA,77.97,5,BID
2018-12-17 09:58:24,WBA,77.99,7,ASK
2018-12-17 09:58:25,WBA,77.98,7,BID
2018-12-17 09:58:25,WBA,78.0,3,ASK
2018-12-17 09:58:25,WBA,77.98,7,BID
2018-12-17 09:58:25,WBA,78.0,4,ASK
2018-12-17 09:58:27,WBA,77.98,1,BID
2018-12-17 09:58:27,WBA,78.0,9,ASK
2018-12-17 09:58:28,WBA,77.98,2,BID
2018-12-17 09:58:28,WBA,78.0,6,ASK
2018-12-17 09:58:29,WBA,77.98,5,BID
2018-12-17 09:58:29,WBA,78.0,3,ASK
2018-12-17 09:58:29,WBA,77.98,5,BID
2018-12-17 09:58:29,WBA,78.0,3,ASK
2018-12-17 09:58:31,WBA,77.98,7,BID
2018-12-17 09:58:31,WBA,78.0,7,ASK
2018-12-17 09:58:32,WBA,77.98,7,BID
2018-12-17 09:58:32,WBA,78.0,1,ASK
2018-12-17 09:58:32,WBA,77.98,7,BID
2018-12-17 09:58:33,WBA,78.01,14,ASK
2018-12-17 09:58:34,WBA,77.98,7,BID
2018-12-17 09:58:34,WBA,78.0,2,ASK
2018-12-17 09:58:34,WBA,77.98,7,BID
2018-12-17 09:58:34,WBA,78.01,15,ASK
2018-12-17 09:58:36,WBA,77.98,9,BID
2018-12-17 09:58:34,WBA,78.01,15,ASK
2018-12-17 09:58:37,WBA,77.98,9,BID
2018-12-17 09:58:37,WBA,78.0,3,ASK
2018-12-17 09:58:37,WBA,77.98,9,BID
2018-12-17 09:58:37,WBA,78.0,3,ASK
2018-12-17 09:58:39,WBA,77.99,4,BID
2018-12-17 09:58:39,WBA,78.01,14,ASK
2018-12-17 09:58:40,WBA,77.99,4,BID
2018-12-17 09:58:40,WBA,78.01,14,ASK
2018-12-17 09:58:41,WBA,78.0,2,BID
2018-12-17 09:58:41,WBA,78.01,15,ASK
2018-12-17 09:58:42,WBA,77.99,2,BID
2018-12-17 09:58:42,WBA,78.01,15,ASK
2018-12-17 09:58:43,WBA,77.99,2,BID
2018-12-17 09:58:43,WBA,78.01,14,ASK
2018-12-17 09:58:44,WBA,77.98,9,BID
2018-12-17 09:58:44,WBA,77.99,5,ASK
2018-12-17 09:58:45,WBA,77.98,8,BID
2018-12-17 09:58:45,WBA,78.01,15,ASK
2018-12-17 09:58:45,WBA,77.98,8,BID
2018-12-17 09:58:45,WBA,78.01,15,ASK
2018-12-17 09:58:47,WBA,77.98,9,BID
2018-12-17 09:58:47,WBA,78.01,12,ASK
2018-12-17 09:58:48,WBA,77.98,9,BID
2018-12-17 09:58:48,WBA,78.01,15,ASK
2018-12-17 09:58:49,WBA,77.98,9,BID
2018-12-17 09:58:49,WBA,78.01,14,ASK
2018-12-17 09:58:50,WBA,77.98,9,BID
2018-12-17 09:58:50,WBA,78.01,15,ASK
2018-12-17 09:58:51,WBA,77.98,8,BID
2018-12-17 09:58:51,WBA,78.01,14,ASK
2018-12-17 09:58:51,WBA,77.98,8,BID
2018-12-17 09:58:51,WBA,78.01,14,ASK
2018-12-17 09:58:53,WBA,77.98,8,BID
2018-12-17 09:58:52,WBA,78.01,13,ASK
2018-12-17 09:58:54,WBA,77.96,3,BID
2018-12-17 09:58:54,WBA,77.97,3,ASK
2018-12-17 09:58:55,WBA,77.97,3,BID
2018-12-17 09:58:55,WBA,77.98,3,ASK
2018-12-17 09:58:55,WBA,77.97,3,BID
2018-12-17 09:58:55,WBA,77.98,3,ASK
2018-12-17 09:58:55,WBA,77.97,5,BID
2018-12-17 09:58:55,WBA,77.98,3,ASK
2018-12-17 09:58:55,WBA,77.97,5,BID
2018-12-17 09:58:58,WBA,78.0,3,ASK
2018-12-17 09:58:55,WBA,77.97,5,BID
2018-12-17 09:58:58,WBA,78.0,4,ASK
2018-12-17 09:58:55,WBA,77.97,5,BID
2018-12-17 09:58:58,WBA,78.0,4,ASK
2018-12-17 09:58:55,WBA,77.97,5,BID
2018-12-17 09:58:58,WBA,78.0,4,ASK
2018-12-17 09:59:02,WBA,77.98,2,BID
2018-12-17 09:58:58,WBA,78.0,5,ASK
2018-12-17 09:58:55,WBA,77.97,4,BID
2018-12-17 09:59:03,WBA,77.99,6,ASK
2018-12-17 09:58:55,WBA,77.97,5,BID
2018-12-17 09:59:04,WBA,77.99,3,ASK
2018-12-17 09:58:55,WBA,77.97,5,BID
2018-12-17 09:59:04,WBA,77.99,3,ASK
2018-12-17 09:59:06,WBA,77.95,2,BID
2018-12-17 09:59:06,WBA,77.97,7,ASK
2018-12-17 09:59:07,WBA,77.94,1,BID
2018-12-17 09:59:07,WBA,77.96,1,ASK
2018-12-17 09:59:08,WBA,77.94,2,BID
2018-12-17 09:59:08,WBA,77.96,1,ASK
2018-12-17 09:59:08,WBA,77.94,4,BID
2018-12-17 09:59:09,WBA,77.96,6,ASK
2018-12-17 09:59:08,WBA,77.94,4,BID
2018-12-17 09:59:10,WBA,77.96,6,ASK
2018-12-17 09:59:08,WBA,77.94,4,BID
2018-12-17 09:59:10,WBA,77.96,6,ASK
2018-12-17 09:59:08,WBA,77.94,4,BID
2018-12-17 09:59:10,WBA,77.96,6,ASK
2018-12-17 09:59:13,WBA,77.94,7,BID
2018-12-17 09:59:13,WBA,77.96,1,ASK
2018-12-17 09:59:13,WBA,77.94,7,BID
2018-12-17 09:59:14,WBA,77.96,3,ASK
2018-12-17 09:59:13,WBA,77.94,7,BID
2018-12-17 09:59:14,WBA,77.96,2,ASK
2018-12-17 09:59:15,WBA,77.96,2,BID
2018-12-17 09:59:13,WBA,77.97,7,ASK
2018-12-17 09:59:15,WBA,77.96,2,BID
2018-12-17 09:59:13,WBA,77.97,7,ASK
2018-12-17 09:59:18,WBA,77.94,6,BID
2018-12-17 09:59:18,WBA,77.96,1,ASK
2018-12-17 09:59:19,WBA,77.96,4,BID
2018-12-17 09:59:19,WBA,77.97,8,ASK
2018-12-17 09:59:19,WBA,77.96,5,BID
2018-12-17 09:59:19,WBA,77.97,8,ASK
2018-12-17 09:59:19,WBA,77.96,5,BID
2018-12-17 09:59:21,WBA,77.97,7,ASK
2018-12-17 09:59:22,WBA,77.95,5,BID
2018-12-17 09:59:22,WBA,77.97,7,ASK
2018-12-17 09:59:22,WBA,77.95,5,BID
2018-12-17 09:59:22,WBA,77.97,7,ASK
2018-12-17 09:59:22,WBA,77.95,5,BID
2018-12-17 09:59:22,WBA,77.97,7,ASK
2018-12-17 09:59:25,WBA,77.97,3,BID
2018-12-17 09:59:25,WBA,77.99,6,ASK
2018-12-17 09:59:25,WBA,77.97,3,BID
2018-12-17 09:59:25,WBA,77.99,6,ASK
2018-12-17 09:59:27,WBA,77.97,3,BID
2018-12-17 09:59:25,WBA,77.99,6,ASK
2018-12-17 09:59:28,WBA,77.97,5,BID
2018-12-17 09:59:28,WBA,77.99,3,ASK
2018-12-17 09:59:28,WBA,77.97,5,BID
2018-12-17 09:59:28,WBA,77.99,3,ASK
2018-12-17 09:59:30,WBA,77.94,4,BID
2018-12-17 09:59:30,WBA,77.95,4,ASK
2018-12-17 09:59:30,WBA,77.94,7,BID
2018-12-17 09:59:31,WBA,77.96,3,ASK
2018-12-17 09:59:30,WBA,77.94,7,BID
2018-12-17 09:59:31,WBA,77.96,3,ASK
2018-12-17 09:59:30,WBA,77.94,7,BID
2018-12-17 09:59:31,WBA,77.96,3,ASK
2018-12-17 09:59:34,WBA,77.98,6,BID
2018-12-17 09:58:31,WBA,78.01,13,ASK
2018-12-17 09:59:35,WBA,78.0,8,BID
2018-12-17 09:58:31,WBA,78.01,13,ASK
2018-12-17 09:59:36,WBA,78.01,4,BID
2018-12-17 09:59:36,WBA,78.03,6,ASK
2018-12-17 09:59:36,WBA,78.01,4,BID
2018-12-17 09:59:36,WBA,78.03,6,ASK
2018-12-17 09:59:36,WBA,78.01,4,BID
2018-12-17 09:59:37,WBA,78.03,7,ASK
2018-12-17 09:59:38,WBA,78.02,4,BID
2018-12-17 09:59:37,WBA,78.03,3,ASK
2018-12-17 09:59:38,WBA,78.02,4,BID
2018-12-17 09:59:38,WBA,78.04,6,ASK
2018-12-17 09:59:41,WBA,78.02,3,BID
2018-12-17 09:59:38,WBA,78.04,6,ASK
2018-12-17 09:59:42,WBA,78.01,4,BID
2018-12-17 09:59:42,WBA,78.03,5,ASK
2018-12-17 09:59:42,WBA,78.01,10,BID
2018-12-17 09:59:38,WBA,78.04,5,ASK
2018-12-17 09:59:42,WBA,78.01,7,BID
2018-12-17 09:59:38,WBA,78.04,5,ASK
2018-12-17 09:59:42,WBA,78.01,7,BID
2018-12-17 09:59:45,WBA,78.04,6,ASK
2018-12-17 09:59:46,WBA,78.02,2,BID
2018-12-17 09:59:46,WBA,78.04,3,ASK
2018-12-17 09:59:47,WBA,78.02,1,BID
2018-12-17 09:59:46,WBA,78.04,3,ASK
2018-12-17 09:59:48,WBA,78.02,1,BID
2018-12-17 09:59:48,WBA,78.04,4,ASK
2018-12-17 09:59:49,WBA,78.02,2,BID
2018-12-17 09:59:49,WBA,78.04,5,ASK
2018-12-17 09:59:50,WBA,78.04,3,BID
2018-12-17 09:52:53,WBA,78.07,7,ASK
2018-12-17 09:59:51,WBA,78.04,8,BID
2018-12-17 09:59:51,WBA,78.07,10,ASK
2018-12-17 09:59:52,WBA,78.06,5,BID
2018-12-17 09:59:52,WBA,78.11,6,ASK
2018-12-17 09:59:53,WBA,78.06,3,BID
2018-12-17 09:59:53,WBA,78.09,3,ASK
2018-12-17 09:59:54,WBA,78.08,4,BID
2018-12-17 09:59:54,WBA,78.09,1,ASK
2018-12-17 09:59:54,WBA,78.06,10,BID
2018-12-17 09:59:54,WBA,78.08,2,ASK
2018-12-17 09:59:55,WBA,78.06,9,BID
2018-12-17 09:59:55,WBA,78.08,2,ASK
2018-12-17 09:59:57,WBA,78.06,3,BID
2018-12-17 09:59:57,WBA,78.09,1,ASK
2018-12-17 09:59:57,WBA,78.06,3,BID
2018-12-17 09:59:57,WBA,78.09,2,ASK
2018-12-17 09:59:59,WBA,78.05,2,BID
2018-12-17 09:59:59,WBA,78.07,2,ASK
2018-12-17 10:00:00,WBA,78.05,3,BID
2018-12-17 10:00:00,WBA,78.07,4,ASK
2018-12-17 10:00:00,WBA,78.01,6,BID
2018-12-17 10:00:00,WBA,78.04,4,ASK
2018-12-17 10:00:01,WBA,78.02,2,BID
2018-12-17 10:00:01,WBA,78.04,3,ASK
2018-12-17 10:00:01,WBA,78.02,4,BID
2018-12-17 10:00:01,WBA,78.04,3,ASK
2018-12-17 10:00:02,WBA,78.03,5,BID
2018-12-17 10:00:02,WBA,78.05,5,ASK
2018-12-17 10:00:02,WBA,78.03,5,BID
2018-12-17 10:00:02,WBA,78.05,5,ASK
2018-12-17 10:00:03,WBA,78.02,5,BID
2018-12-17 10:00:03,WBA,78.05,5,ASK
2018-12-17 10:00:05,WBA,78.02,6,BID
2018-12-17 10:00:05,WBA,78.05,5,ASK
2018-12-17 10:00:07,WBA,78.02,5,BID
2018-12-17 10:00:07,WBA,78.05,5,ASK
2018-12-17 10:00:07,WBA,78.03,1,BID
2018-12-17 10:00:07,WBA,78.04,1,ASK
2018-12-17 10:00:07,WBA,78.05,2,BID
2018-12-17 10:00:07,WBA,78.06,3,ASK
2018-12-17 10:00:08,WBA,78.02,8,BID
2018-12-17 10:00:08,WBA,78.05,3,ASK
2018-12-17 10:00:09,WBA,78.03,1,BID
2018-12-17 10:00:09,WBA,78.06,3,ASK
2018-12-17 10:00:09,WBA,78.02,8,BID
2018-12-17 10:00:09,WBA,78.06,3,ASK
2018-12-17 10:00:07,WBA,78.02,8,BID
2018-12-17 10:00:10,WBA,78.05,4,ASK
2018-12-17 10:00:07,WBA,78.02,8,BID
2018-12-17 10:00:12,WBA,78.05,4,ASK
2018-12-17 10:00:07,WBA,78.02,9,BID
2018-12-17 10:00:12,WBA,78.05,3,ASK
2018-12-17 10:00:15,WBA,78.03,1,BID
2018-12-17 10:00:14,WBA,78.05,2,ASK
2018-12-17 10:00:15,WBA,78.03,1,BID
2018-12-17 10:00:14,WBA,78.05,2,ASK
2018-12-17 10:00:17,WBA,78.05,4,BID
2018-12-17 10:00:00,WBA,78.06,3,ASK
2018-12-17 10:00:17,WBA,78.05,4,BID
2018-12-17 10:00:00,WBA,78.06,3,ASK
2018-12-17 10:00:22,WBA,78.05,2,BID
2018-12-17 10:00:22,WBA,78.06,1,ASK
2018-12-17 10:00:22,WBA,78.04,3,BID
2018-12-17 10:00:22,WBA,78.06,1,ASK
2018-12-17 10:00:23,WBA,78.04,4,BID
2018-12-17 10:00:23,WBA,78.06,1,ASK
2018-12-17 10:00:25,WBA,78.04,5,BID
2018-12-17 10:00:25,WBA,78.06,2,ASK
2018-12-17 10:00:25,WBA,78.04,5,BID
2018-12-17 10:00:25,WBA,78.06,2,ASK
2018-12-17 10:00:26,WBA,78.03,3,BID
2018-12-17 10:00:26,WBA,78.06,2,ASK
2018-12-17 10:00:27,WBA,78.03,1,BID
2018-12-17 10:00:27,WBA,78.06,5,ASK
2018-12-17 10:00:27,WBA,78.03,1,BID
2018-12-17 10:00:27,WBA,78.06,5,ASK
2018-12-17 10:00:29,WBA,78.03,1,BID
2018-12-17 10:00:27,WBA,78.06,5,ASK
2018-12-17 10:00:30,WBA,78.03,4,BID
2018-12-17 10:00:27,WBA,78.06,6,ASK
2018-12-17 10:00:31,WBA,78.03,3,BID
2018-12-17 10:00:27,WBA,78.06,5,ASK
2018-12-17 10:00:31,WBA,78.03,3,BID
2018-12-17 10:00:27,WBA,78.06,5,ASK
2018-12-17 10:00:33,WBA,78.03,5,BID
2018-12-17 10:00:27,WBA,78.06,5,ASK
2018-12-17 10:00:35,WBA,78.04,2,BID
2018-12-17 10:00:27,WBA,78.06,6,ASK
2018-12-17 10:00:35,WBA,78.04,2,BID
2018-12-17 10:00:27,WBA,78.06,7,ASK
2018-12-17 10:00:36,WBA,78.04,3,BID
2018-12-17 10:00:27,WBA,78.06,7,ASK
2018-12-17 10:00:38,WBA,78.03,7,BID
2018-12-17 10:00:38,WBA,78.04,4,ASK
2018-12-17 10:00:39,WBA,78.03,7,BID
2018-12-17 10:00:27,WBA,78.06,4,ASK
2018-12-17 10:00:39,WBA,78.03,9,BID
2018-12-17 10:00:27,WBA,78.06,5,ASK
2018-12-17 10:00:40,WBA,78.03,5,BID
2018-12-17 10:00:40,WBA,78.04,34,ASK
2018-12-17 10:00:37,WBA,78.02,12,BID
2018-12-17 10:00:41,WBA,78.04,34,ASK
2018-12-17 10:00:37,WBA,78.02,11,BID
2018-12-17 10:00:42,WBA,78.04,34,ASK
2018-12-17 10:00:44,WBA,78.01,10,BID
2018-12-17 10:00:44,WBA,78.03,11,ASK
2018-12-17 10:00:45,WBA,78.02,1,BID
2018-12-17 10:00:45,WBA,78.04,35,ASK
2018-12-17 10:00:45,WBA,78.02,1,BID
2018-12-17 10:00:45,WBA,78.04,35,ASK
2018-12-17 10:00:47,WBA,78.02,3,BID
2018-12-17 10:00:47,WBA,78.04,35,ASK
2018-12-17 10:00:47,WBA,78.02,3,BID
2018-12-17 10:00:47,WBA,78.04,35,ASK
2018-12-17 10:00:49,WBA,78.02,3,BID
2018-12-17 10:00:49,WBA,78.04,35,ASK
2018-12-17 10:00:49,WBA,78.02,3,BID
2018-12-17 10:00:49,WBA,78.04,35,ASK
2018-12-17 10:00:51,WBA,78.02,5,BID
2018-12-17 10:00:51,WBA,78.04,36,ASK
2018-12-17 10:00:51,WBA,78.02,5,BID
2018-12-17 10:00:51,WBA,78.04,36,ASK
2018-12-17 10:00:51,WBA,78.02,5,BID
2018-12-17 10:00:51,WBA,78.04,36,ASK
2018-12-17 10:00:51,WBA,78.02,7,BID
2018-12-17 10:00:53,WBA,78.04,35,ASK
2018-12-17 10:00:54,WBA,78.03,11,BID
2018-12-17 10:00:54,WBA,78.04,36,ASK
2018-12-17 10:00:55,WBA,78.05,7,BID
2018-12-17 10:00:22,WBA,78.07,7,ASK
2018-12-17 10:00:55,WBA,78.05,9,BID
2018-12-17 10:00:22,WBA,78.07,8,ASK
2018-12-17 10:00:55,WBA,78.05,9,BID
2018-12-17 10:00:57,WBA,78.07,9,ASK
2018-12-17 10:00:55,WBA,78.05,10,BID
2018-12-17 10:00:58,WBA,78.07,9,ASK
2018-12-17 10:00:55,WBA,78.05,8,BID
2018-12-17 10:01:00,WBA,78.07,13,ASK
2018-12-17 10:00:55,WBA,78.05,7,BID
2018-12-17 10:01:00,WBA,78.07,11,ASK
2018-12-17 10:00:55,WBA,78.05,8,BID
2018-12-17 10:01:00,WBA,78.07,11,ASK
2018-12-17 10:00:51,WBA,78.02,8,BID
2018-12-17 10:01:02,WBA,78.04,3,ASK
2018-12-17 10:00:51,WBA,78.02,8,BID
2018-12-17 10:01:02,WBA,78.04,3,ASK
2018-12-17 10:00:51,WBA,78.02,7,BID
2018-12-17 10:01:04,WBA,78.04,3,ASK
2018-12-17 10:00:51,WBA,78.02,7,BID
2018-12-17 10:01:04,WBA,78.04,4,ASK
2018-12-17 10:00:51,WBA,78.02,8,BID
2018-12-17 10:01:04,WBA,78.04,4,ASK
2018-12-17 10:01:07,WBA,78.03,3,BID
2018-12-17 10:01:04,WBA,78.04,4,ASK
2018-12-17 10:01:09,WBA,78.04,8,BID
2018-12-17 10:01:00,WBA,78.07,14,ASK
2018-12-17 10:01:09,WBA,78.04,4,BID
2018-12-17 10:01:00,WBA,78.07,14,ASK
2018-12-17 10:01:10,WBA,78.04,6,BID
2018-12-17 10:01:00,WBA,78.07,12,ASK
2018-12-17 10:01:10,WBA,78.04,6,BID
2018-12-17 10:01:00,WBA,78.07,12,ASK
2018-12-17 10:01:10,WBA,78.04,6,BID
2018-12-17 10:01:00,WBA,78.07,12,ASK
2018-12-17 10:01:09,WBA,78.03,10,BID
2018-12-17 10:01:14,WBA,78.05,5,ASK
2018-12-17 10:01:09,WBA,78.03,9,BID
2018-12-17 10:01:14,WBA,78.05,6,ASK
2018-12-17 10:01:09,WBA,78.03,9,BID
2018-12-17 10:01:14,WBA,78.05,6,ASK
2018-12-17 10:01:09,WBA,78.03,9,BID
2018-12-17 10:01:14,WBA,78.05,6,ASK
2018-12-17 10:01:09,WBA,78.03,9,BID
2018-12-17 10:01:14,WBA,78.05,6,ASK
2018-12-17 10:01:18,WBA,78.04,8,BID
2018-12-17 10:00:22,WBA,78.07,12,ASK
2018-12-17 10:01:20,WBA,78.04,12,BID
2018-12-17 10:00:22,WBA,78.07,12,ASK
2018-12-17 10:01:20,WBA,78.04,9,BID
2018-12-17 10:00:22,WBA,78.07,14,ASK
2018-12-17 10:01:20,WBA,78.04,6,BID
2018-12-17 10:01:21,WBA,78.06,1,ASK
2018-12-17 10:01:23,WBA,78.06,10,BID
2018-12-17 10:01:23,WBA,78.08,4,ASK
2018-12-17 10:01:23,WBA,78.06,4,BID
2018-12-17 10:01:23,WBA,78.07,3,ASK
2018-12-17 10:01:25,WBA,78.05,3,BID
2018-12-17 10:01:25,WBA,78.07,4,ASK
2018-12-17 10:01:25,WBA,78.05,1,BID
2018-12-17 10:01:25,WBA,78.07,4,ASK
2018-12-17 10:01:25,WBA,78.05,1,BID
2018-12-17 10:01:25,WBA,78.07,4,ASK
2018-12-17 10:01:24,WBA,78.04,7,BID
2018-12-17 10:01:28,WBA,78.05,1,ASK
2018-12-17 10:01:24,WBA,78.04,7,BID
2018-12-17 10:01:29,WBA,78.07,4,ASK
2018-12-17 10:01:24,WBA,78.04,7,BID
2018-12-17 10:01:30,WBA,78.07,5,ASK
2018-12-17 10:01:24,WBA,78.04,8,BID
2018-12-17 10:01:31,WBA,78.07,5,ASK
2018-12-17 10:01:24,WBA,78.04,8,BID
2018-12-17 10:01:31,WBA,78.07,5,ASK
2018-12-17 10:01:24,WBA,78.04,8,BID
2018-12-17 10:01:31,WBA,78.07,5,ASK
2018-12-17 10:01:34,WBA,78.05,2,BID
2018-12-17 10:01:34,WBA,78.07,4,ASK
2018-12-17 10:01:34,WBA,78.06,1,BID
2018-12-17 10:01:34,WBA,78.07,4,ASK
2018-12-17 10:01:36,WBA,78.06,6,BID
2018-12-17 10:01:36,WBA,78.07,4,ASK
2018-12-17 10:01:37,WBA,78.05,1,BID
2018-12-17 10:01:37,WBA,78.06,5,ASK
2018-12-17 10:01:37,WBA,78.05,3,BID
2018-12-17 10:01:37,WBA,78.07,5,ASK
2018-12-17 10:01:37,WBA,78.05,4,BID
2018-12-17 10:01:38,WBA,78.06,2,ASK
2018-12-17 10:01:39,WBA,78.05,6,BID
2018-12-17 10:01:40,WBA,78.06,1,ASK
2018-12-17 10:01:41,WBA,78.06,3,BID
2018-12-17 10:01:41,WBA,78.07,5,ASK
2018-12-17 10:01:41,WBA,78.06,3,BID
2018-12-17 10:01:41,WBA,78.07,5,ASK
2018-12-17 10:01:43,WBA,78.05,7,BID
2018-12-17 10:01:43,WBA,78.07,5,ASK
2018-12-17 10:01:43,WBA,78.05,7,BID
2018-12-17 10:01:43,WBA,78.07,5,ASK
2018-12-17 10:01:43,WBA,78.05,7,BID
2018-12-17 10:01:43,WBA,78.07,5,ASK
2018-12-17 10:01:43,WBA,78.05,7,BID
2018-12-17 10:01:43,WBA,78.07,5,ASK
2018-12-17 10:01:43,WBA,78.05,6,BID
2018-12-17 10:01:46,WBA,78.07,5,ASK
2018-12-17 10:01:47,WBA,78.05,10,BID
2018-12-17 10:01:47,WBA,78.07,5,ASK
2018-12-17 10:01:48,WBA,78.07,7,BID
2018-12-17 10:01:49,WBA,78.09,7,ASK
2018-12-17 10:01:50,WBA,78.07,8,BID
2018-12-17 10:01:50,WBA,78.08,3,ASK
2018-12-17 10:01:47,WBA,78.05,12,BID
2018-12-17 10:01:51,WBA,78.06,3,ASK
2018-12-17 10:01:24,WBA,78.04,8,BID
2018-12-17 10:01:51,WBA,78.06,3,ASK
2018-12-17 10:01:24,WBA,78.04,8,BID
2018-12-17 10:01:53,WBA,78.06,3,ASK
2018-12-17 10:01:18,WBA,78.03,9,BID
2018-12-17 10:01:54,WBA,78.04,5,ASK
2018-12-17 10:01:54,WBA,78.01,10,BID
2018-12-17 10:01:54,WBA,78.03,2,ASK
2018-12-17 10:01:55,WBA,78.03,7,BID
2018-12-17 10:01:55,WBA,78.05,5,ASK
2018-12-17 10:01:55,WBA,78.03,7,BID
2018-12-17 10:01:55,WBA,78.05,5,ASK
2018-12-17 10:01:58,WBA,78.05,5,BID
2018-12-17 10:01:58,WBA,78.06,2,ASK
2018-12-17 10:01:58,WBA,78.05,5,BID
2018-12-17 10:01:58,WBA,78.06,2,ASK
2018-12-17 10:02:00,WBA,78.04,7,BID
2018-12-17 10:02:00,WBA,78.06,3,ASK
2018-12-17 10:01:55,WBA,78.03,7,BID
2018-12-17 10:02:01,WBA,78.05,2,ASK
2018-12-17 10:01:55,WBA,78.03,9,BID
2018-12-17 10:02:02,WBA,78.06,3,ASK
2018-12-17 10:01:55,WBA,78.03,9,BID
2018-12-17 10:02:02,WBA,78.06,3,ASK
2018-12-17 10:01:55,WBA,78.03,9,BID
2018-12-17 10:02:02,WBA,78.06,3,ASK
2018-12-17 10:02:04,WBA,78.05,3,BID
2018-12-17 10:02:04,WBA,78.06,3,ASK
2018-12-17 10:01:55,WBA,78.03,8,BID
2018-12-17 10:02:04,WBA,78.06,5,ASK
2018-12-17 10:02:07,WBA,78.04,6,BID
2018-12-17 10:02:07,WBA,78.06,4,ASK
2018-12-17 10:02:08,WBA,78.05,4,BID
2018-12-17 10:02:07,WBA,78.06,4,ASK
2018-12-17 10:01:55,WBA,78.03,8,BID
2018-12-17 10:02:08,WBA,78.05,3,ASK
2018-12-17 10:01:55,WBA,78.03,8,BID
2018-12-17 10:02:08,WBA,78.05,3,ASK
2018-12-17 10:01:55,WBA,78.03,8,BID
2018-12-17 10:02:08,WBA,78.05,3,ASK
2018-12-17 10:01:55,WBA,78.03,8,BID
2018-12-17 10:02:08,WBA,78.05,3,ASK
2018-12-17 10:01:55,WBA,78.03,7,BID
2018-12-17 10:02:08,WBA,78.05,4,ASK
2018-12-17 10:02:14,WBA,78.03,10,BID
2018-12-17 10:02:08,WBA,78.05,6,ASK
2018-12-17 10:01:55,WBA,78.03,12,BID
2018-12-17 10:02:08,WBA,78.05,4,ASK
2018-12-17 10:02:16,WBA,78.02,6,BID
2018-12-17 10:02:16,WBA,78.04,4,ASK
2018-12-17 10:02:17,WBA,78.04,5,BID
2018-12-17 10:02:17,WBA,78.06,5,ASK
2018-12-17 10:02:17,WBA,78.04,5,BID
2018-12-17 10:02:17,WBA,78.06,6,ASK
2018-12-17 10:02:18,WBA,78.04,4,BID
2018-12-17 10:02:18,WBA,78.06,6,ASK
2018-12-17 10:02:18,WBA,78.04,4,BID
2018-12-17 10:02:20,WBA,78.06,6,ASK
2018-12-17 10:02:20,WBA,78.04,7,BID
2018-12-17 10:02:20,WBA,78.06,6,ASK
2018-12-17 10:02:20,WBA,78.04,7,BID
2018-12-17 10:02:20,WBA,78.06,6,ASK
2018-12-17 10:02:20,WBA,78.04,7,BID
2018-12-17 10:02:20,WBA,78.06,6,ASK
2018-12-17 10:02:20,WBA,78.04,7,BID
2018-12-17 10:02:20,WBA,78.06,6,ASK
2018-12-17 10:02:20,WBA,78.04,7,BID
2018-12-17 10:02:24,WBA,78.06,6,ASK
2018-12-17 10:02:20,WBA,78.04,10,BID
2018-12-17 10:02:26,WBA,78.06,6,ASK
2018-12-17 10:02:20,WBA,78.04,9,BID
2018-12-17 10:02:26,WBA,78.06,6,ASK
2018-12-17 10:02:20,WBA,78.04,8,BID
2018-12-17 10:02:28,WBA,78.06,9,ASK
2018-12-17 10:02:28,WBA,78.04,8,BID
2018-12-17 10:02:28,WBA,78.06,9,ASK
2018-12-17 10:02:28,WBA,78.04,8,BID
2018-12-17 10:02:28,WBA,78.06,9,ASK
2018-12-17 10:02:28,WBA,78.04,8,BID
2018-12-17 10:02:28,WBA,78.06,9,ASK
2018-12-17 10:02:28,WBA,78.04,11,BID
2018-12-17 10:02:28,WBA,78.06,9,ASK
2018-12-17 10:02:28,WBA,78.04,11,BID
2018-12-17 10:02:28,WBA,78.06,9,ASK
2018-12-17 10:02:28,WBA,78.04,11,BID
2018-12-17 10:02:28,WBA,78.06,9,ASK
2018-12-17 10:02:35,WBA,78.06,10,BID
2018-12-17 10:01:49,WBA,78.09,7,ASK
2018-12-17 10:02:28,WBA,78.04,11,BID
2018-12-17 10:02:35,WBA,78.07,6,ASK
2018-12-17 10:02:28,WBA,78.04,10,BID
2018-12-17 10:02:35,WBA,78.07,5,ASK
2018-12-17 10:02:28,WBA,78.04,10,BID
2018-12-17 10:02:35,WBA,78.07,5,ASK
2018-12-17 10:02:28,WBA,78.04,10,BID
2018-12-17 10:02:35,WBA,78.07,5,ASK
2018-12-17 10:02:40,WBA,78.05,1,BID
2018-12-17 10:02:35,WBA,78.07,5,ASK
2018-12-17 10:02:41,WBA,78.05,3,BID
2018-12-17 10:02:41,WBA,78.07,7,ASK
2018-12-17 10:02:42,WBA,78.05,6,BID
2018-12-17 10:02:41,WBA,78.07,7,ASK
2018-12-17 10:02:42,WBA,78.05,6,BID
2018-12-17 10:02:41,WBA,78.07,7,ASK
2018-12-17 10:02:44,WBA,78.03,7,BID
2018-12-17 10:02:44,WBA,78.04,1,ASK
2018-12-17 10:02:45,WBA,78.04,4,BID
2018-12-17 10:02:45,WBA,78.06,4,ASK
2018-12-17 10:02:45,WBA,78.05,8,BID
2018-12-17 10:02:41,WBA,78.07,6,ASK
2018-12-17 10:02:47,WBA,78.05,5,BID
2018-12-17 10:02:41,WBA,78.07,6,ASK
2018-12-17 10:02:47,WBA,78.05,6,BID
2018-12-17 10:02:41,WBA,78.07,8,ASK
2018-12-17 10:02:49,WBA,78.05,5,BID
2018-12-17 10:02:41,WBA,78.07,9,ASK
2018-12-17 10:02:49,WBA,78.05,5,BID
2018-12-17 10:02:41,WBA,78.07,9,ASK
2018-12-17 10:02:49,WBA,78.05,4,BID
2018-12-17 10:02:41,WBA,78.07,9,ASK
2018-12-17 10:02:49,WBA,78.05,4,BID
2018-12-17 10:02:41,WBA,78.07,9,ASK
2018-12-17 10:02:53,WBA,78.03,11,BID
2018-12-17 10:02:53,WBA,78.05,1,ASK
2018-12-17 10:02:53,WBA,78.03,10,BID
2018-12-17 10:02:53,WBA,78.05,1,ASK
2018-12-17 10:02:53,WBA,78.03,9,BID
2018-12-17 10:02:54,WBA,78.05,1,ASK
2018-12-17 10:02:53,WBA,78.03,10,BID
2018-12-17 10:02:56,WBA,78.05,1,ASK
2018-12-17 10:02:53,WBA,78.03,10,BID
2018-12-17 10:02:56,WBA,78.05,1,ASK
2018-12-17 10:02:53,WBA,78.03,10,BID
2018-12-17 10:02:56,WBA,78.05,1,ASK
2018-12-17 10:02:53,WBA,78.03,9,BID
2018-12-17 10:02:53,WBA,78.06,5,ASK
2018-12-17 10:02:53,WBA,78.03,11,BID
2018-12-17 10:02:59,WBA,78.06,7,ASK
2018-12-17 10:03:01,WBA,78.05,1,BID
2018-12-17 10:02:41,WBA,78.07,10,ASK
2018-12-17 10:03:02,WBA,78.04,6,BID
2018-12-17 10:03:02,WBA,78.06,2,ASK
2018-12-17 10:02:53,WBA,78.03,8,BID
2018-12-17 10:03:03,WBA,78.04,3,ASK
2018-12-17 10:03:04,WBA,78.02,7,BID
2018-12-17 10:03:04,WBA,78.03,3,ASK
2018-12-17 10:03:04,WBA,78.02,7,BID
2018-12-17 10:03:05,WBA,78.04,5,ASK
2018-12-17 10:03:04,WBA,78.02,8,BID
2018-12-17 10:03:06,WBA,78.04,6,ASK
2018-12-17 10:03:04,WBA,78.02,8,BID
2018-12-17 10:03:07,WBA,78.04,6,ASK
2018-12-17 10:03:04,WBA,78.02,8,BID
2018-12-17 10:03:08,WBA,78.04,9,ASK
2018-12-17 10:03:04,WBA,78.02,8,BID
2018-12-17 10:03:08,WBA,78.04,9,ASK
2018-12-17 10:03:10,WBA,78.04,3,BID
2018-12-17 10:03:10,WBA,78.05,2,ASK
2018-12-17 10:03:10,WBA,78.04,5,BID
2018-12-17 10:03:10,WBA,78.06,6,ASK
2018-12-17 10:03:11,WBA,78.04,8,BID
2018-12-17 10:03:10,WBA,78.06,6,ASK
2018-12-17 10:03:13,WBA,78.05,5,BID
2018-12-17 10:03:13,WBA,78.06,5,ASK
2018-12-17 10:03:14,WBA,78.05,6,BID
2018-12-17 10:03:14,WBA,78.06,5,ASK
2018-12-17 10:03:15,WBA,78.05,6,BID
2018-12-17 10:03:10,WBA,78.06,5,ASK
2018-12-17 10:03:15,WBA,78.05,5,BID
2018-12-17 10:03:10,WBA,78.06,5,ASK
2018-12-17 10:03:17,WBA,78.06,9,BID
2018-12-17 10:03:17,WBA,78.07,8,ASK
2018-12-17 10:03:18,WBA,78.07,2,BID
2018-12-17 10:03:18,WBA,78.08,5,ASK
2018-12-17 10:03:19,WBA,78.07,5,BID
2018-12-17 10:03:18,WBA,78.08,6,ASK
2018-12-17 10:03:20,WBA,78.07,8,BID
2018-12-17 10:03:20,WBA,78.09,9,ASK
2018-12-17 10:03:20,WBA,78.07,8,BID
2018-12-17 10:03:20,WBA,78.09,7,ASK
2018-12-17 10:03:20,WBA,78.07,8,BID
2018-12-17 10:03:20,WBA,78.09,7,ASK
2018-12-17 10:03:23,WBA,78.09,2,BID
2018-12-17 09:59:52,WBA,78.1,5,ASK
2018-12-17 10:03:23,WBA,78.09,5,BID
2018-12-17 09:59:52,WBA,78.1,5,ASK
2018-12-17 10:03:25,WBA,78.09,3,BID
2018-12-17 09:59:52,WBA,78.1,6,ASK
2018-12-17 10:03:25,WBA,78.08,5,BID
2018-12-17 10:03:26,WBA,78.09,3,ASK
2018-12-17 10:03:27,WBA,78.08,7,BID
2018-12-17 09:59:52,WBA,78.1,5,ASK
2018-12-17 10:03:28,WBA,78.08,8,BID
2018-12-17 09:59:52,WBA,78.1,6,ASK
2018-12-17 10:03:29,WBA,78.08,6,BID
2018-12-17 09:59:52,WBA,78.1,6,ASK
2018-12-17 10:03:29,WBA,78.08,6,BID
2018-12-17 09:59:52,WBA,78.1,6,ASK
2018-12-17 10:03:31,WBA,78.08,7,BID
2018-12-17 09:59:52,WBA,78.1,6,ASK
2018-12-17 10:03:32,WBA,78.08,7,BID
2018-12-17 09:59:52,WBA,78.1,6,ASK
2018-12-17 10:03:32,WBA,78.08,7,BID
2018-12-17 09:59:52,WBA,78.1,6,ASK
2018-12-17 10:03:32,WBA,78.08,7,BID
2018-12-17 09:59:52,WBA,78.1,6,ASK
2018-12-17 10:03:32,WBA,78.08,7,BID
2018-12-17 09:59:52,WBA,78.1,6,ASK
2018-12-17 10:03:36,WBA,78.08,4,BID
2018-12-17 10:03:36,WBA,78.09,4,ASK
2018-12-17 10:03:37,WBA,78.09,4,BID
2018-12-17 09:59:52,WBA,78.1,6,ASK
2018-12-17 10:03:37,WBA,78.09,3,BID
2018-12-17 09:59:52,WBA,78.1,6,ASK
2018-12-17 10:03:38,WBA,78.09,2,BID
2018-12-17 09:59:52,WBA,78.1,6,ASK
2018-12-17 10:03:40,WBA,78.09,4,BID
2018-12-17 09:59:52,WBA,78.1,6,ASK
2018-12-17 10:03:40,WBA,78.09,6,BID
2018-12-17 09:59:52,WBA,78.1,6,ASK
2018-12-17 10:03:42,WBA,78.09,7,BID
2018-12-17 09:59:52,WBA,78.1,5,ASK
2018-12-17 10:03:43,WBA,78.09,6,BID
2018-12-17 09:59:52,WBA,78.1,5,ASK
2018-12-17 10:03:43,WBA,78.09,7,BID
2018-12-17 09:59:52,WBA,78.1,5,ASK
2018-12-17 10:03:45,WBA,78.09,8,BID
2018-12-17 10:03:45,WBA,78.1,9,ASK
2018-12-17 10:03:46,WBA,78.09,8,BID
2018-12-17 10:03:46,WBA,78.1,10,ASK
2018-12-17 10:03:47,WBA,78.08,5,BID
2018-12-17 10:03:47,WBA,78.09,5,ASK
2018-12-17 10:03:48,WBA,78.08,8,BID
2018-12-17 10:03:46,WBA,78.1,10,ASK
