timestamp,ticker,price,volume,bid_ask
2018-12-17 09:40:36,WMT,91.12,2,BID
2018-12-17 09:40:31,WMT,91.15,14,ASK
2018-12-17 09:40:37,WMT,91.13,1,BID
2018-12-17 09:40:31,WMT,91.15,14,ASK
2018-12-17 09:40:31,WMT,91.1,3,BID
2018-12-17 09:40:37,WMT,91.14,5,ASK
2018-12-17 09:40:38,WMT,91.1,6,BID
2018-12-17 09:40:38,WMT,91.14,8,ASK
2018-12-17 09:40:39,WMT,91.1,8,BID
2018-12-17 09:40:39,WMT,91.12,3,ASK
2018-12-17 09:40:39,WMT,91.1,8,BID
2018-12-17 09:40:40,WMT,91.12,8,ASK
2018-12-17 09:40:39,WMT,91.1,8,BID
2018-12-17 09:40:40,WMT,91.12,8,ASK
2018-12-17 09:40:39,WMT,91.1,8,BID
2018-12-17 09:40:40,WMT,91.12,8,ASK
2018-12-17 09:40:39,WMT,91.1,8,BID
2018-12-17 09:40:40,WMT,91.12,8,ASK
2018-12-17 09:40:39,WMT,91.1,8,BID
2018-12-17 09:40:45,WMT,91.12,1,ASK
2018-12-17 09:40:45,WMT,91.12,1,BID
2018-12-17 09:40:45,WMT,91.14,10,ASK
2018-12-17 09:40:47,WMT,91.12,1,BID
2018-12-17 09:40:45,WMT,91.14,9,ASK
2018-12-17 09:40:47,WMT,91.12,5,BID
2018-12-17 09:40:47,WMT,91.14,9,ASK
2018-12-17 09:40:48,WMT,91.12,4,BID
2018-12-17 09:40:47,WMT,91.14,9,ASK
2018-12-17 09:40:49,WMT,91.11,6,BID
2018-12-17 09:40:49,WMT,91.13,3,ASK
2018-12-17 09:40:49,WMT,91.11,8,BID
2018-12-17 09:40:51,WMT,91.13,5,ASK
2018-12-17 09:40:49,WMT,91.11,7,BID
2018-12-17 09:40:51,WMT,91.13,5,ASK
2018-12-17 09:40:52,WMT,91.06,3,BID
2018-12-17 09:40:52,WMT,91.1,6,ASK
2018-12-17 09:40:53,WMT,91.06,4,BID
2018-12-17 09:40:53,WMT,91.1,7,ASK
2018-12-17 09:40:53,WMT,91.06,4,BID
2018-12-17 09:40:53,WMT,91.1,7,ASK
2018-12-17 09:40:56,WMT,91.02,4,BID
2018-12-17 09:40:56,WMT,91.06,2,ASK
2018-12-17 09:40:57,WMT,91.02,7,BID
2018-12-17 09:40:56,WMT,91.06,4,ASK
2018-12-17 09:40:58,WMT,91.06,6,BID
2018-12-17 09:40:58,WMT,91.09,10,ASK
2018-12-17 09:40:58,WMT,91.06,6,BID
2018-12-17 09:40:58,WMT,91.09,7,ASK
2018-12-17 09:40:58,WMT,91.06,5,BID
2018-12-17 09:40:58,WMT,91.09,7,ASK
2018-12-17 09:41:01,WMT,91.06,4,BID
2018-12-17 09:41:01,WMT,91.08,1,ASK
2018-12-17 09:41:01,WMT,91.06,4,BID
2018-12-17 09:41:01,WMT,91.08,2,ASK
2018-12-17 09:41:02,WMT,91.07,5,BID
2018-12-17 09:41:02,WMT,91.09,7,ASK
2018-12-17 09:41:03,WMT,91.07,5,BID
2018-12-17 09:41:03,WMT,91.09,7,ASK
2018-12-17 09:41:04,WMT,91.1,2,BID
2018-12-17 09:41:04,WMT,91.11,2,ASK
2018-12-17 09:41:05,WMT,91.1,2,BID
2018-12-17 09:41:05,WMT,91.13,2,ASK
2018-12-17 09:41:06,WMT,91.09,6,BID
2018-12-17 09:41:06,WMT,91.11,2,ASK
2018-12-17 09:41:08,WMT,91.09,4,BID
2018-12-17 09:41:08,WMT,91.11,3,ASK
2018-12-17 09:41:08,WMT,91.08,1,BID
2018-12-17 09:41:08,WMT,91.1,6,ASK
2018-12-17 09:41:09,WMT,91.09,2,BID
2018-12-17 09:41:09,WMT,91.12,6,ASK
2018-12-17 09:41:10,WMT,91.09,6,BID
2018-12-17 09:41:10,WMT,91.12,5,ASK
2018-12-17 09:41:10,WMT,91.09,5,BID
2018-12-17 09:41:06,WMT,91.12,6,ASK
2018-12-17 09:41:10,WMT,91.09,5,BID
2018-12-17 09:41:06,WMT,91.12,6,ASK
2018-12-17 09:41:10,WMT,91.09,5,BID
2018-12-17 09:41:06,WMT,91.12,6,ASK
2018-12-17 09:41:10,WMT,91.09,5,BID
2018-12-17 09:41:06,WMT,91.12,6,ASK
2018-12-17 09:41:10,WMT,91.09,5,BID
2018-12-17 09:41:06,WMT,91.12,6,ASK
2018-12-17 09:41:10,WMT,91.09,5,BID
2018-12-17 09:41:06,WMT,91.12,6,ASK
2018-12-17 09:41:10,WMT,91.09,12,BID
2018-12-17 09:41:17,WMT,91.12,7,ASK
2018-12-17 09:41:10,WMT,91.09,12,BID
2018-12-17 09:41:17,WMT,91.12,7,ASK
2018-12-17 09:41:10,WMT,91.09,12,BID
2018-12-17 09:41:17,WMT,91.12,7,ASK
2018-12-17 09:41:10,WMT,91.09,12,BID
2018-12-17 09:41:17,WMT,91.12,7,ASK
2018-12-17 09:41:10,WMT,91.09,12,BID
2018-12-17 09:41:17,WMT,91.12,8,ASK
2018-12-17 09:41:10,WMT,91.09,12,BID
2018-12-17 09:41:17,WMT,91.12,8,ASK
2018-12-17 09:41:10,WMT,91.09,12,BID
2018-12-17 09:41:17,WMT,91.12,7,ASK
2018-12-17 09:41:10,WMT,91.09,12,BID
2018-12-17 09:41:17,WMT,91.12,7,ASK
2018-12-17 09:41:10,WMT,91.09,12,BID
2018-12-17 09:41:17,WMT,91.12,7,ASK
2018-12-17 09:41:10,WMT,91.09,12,BID
2018-12-17 09:41:17,WMT,91.12,7,ASK
2018-12-17 09:41:10,WMT,91.09,12,BID
2018-12-17 09:41:17,WMT,91.12,7,ASK
2018-12-17 09:41:10,WMT,91.09,12,BID
2018-12-17 09:41:17,WMT,91.12,8,ASK
2018-12-17 09:41:10,WMT,91.09,12,BID
2018-12-17 09:41:17,WMT,91.12,8,ASK
2018-12-17 09:41:10,WMT,91.09,12,BID
2018-12-17 09:41:17,WMT,91.12,8,ASK
2018-12-17 09:41:10,WMT,91.09,12,BID
2018-12-17 09:41:17,WMT,91.12,8,ASK
2018-12-17 09:41:10,WMT,91.09,12,BID
2018-12-17 09:41:17,WMT,91.12,8,ASK
2018-12-17 09:41:33,WMT,91.05,11,BID
2018-12-17 09:41:34,WMT,91.08,5,ASK
2018-12-17 09:41:34,WMT,91.05,6,BID
2018-12-17 09:41:34,WMT,91.08,1,ASK
2018-12-17 09:41:35,WMT,91.05,6,BID
2018-12-17 09:41:35,WMT,91.08,8,ASK
2018-12-17 09:41:35,WMT,91.05,6,BID
2018-12-17 09:41:35,WMT,91.08,8,ASK
2018-12-17 09:41:35,WMT,91.05,6,BID
2018-12-17 09:41:35,WMT,91.08,8,ASK
2018-12-17 09:41:35,WMT,91.05,6,BID
2018-12-17 09:41:35,WMT,91.08,8,ASK
2018-12-17 09:41:35,WMT,91.05,6,BID
2018-12-17 09:41:35,WMT,91.08,8,ASK
2018-12-17 09:41:35,WMT,91.05,6,BID
2018-12-17 09:41:35,WMT,91.08,7,ASK
2018-12-17 09:41:35,WMT,91.05,6,BID
2018-12-17 09:41:35,WMT,91.08,8,ASK
2018-12-17 09:41:42,WMT,91.04,4,BID
2018-12-17 09:41:42,WMT,91.05,2,ASK
2018-12-17 09:41:42,WMT,91.04,4,BID
2018-12-17 09:41:43,WMT,91.07,5,ASK
2018-12-17 09:41:44,WMT,91.05,4,BID
2018-12-17 09:41:35,WMT,91.08,5,ASK
2018-12-17 09:41:45,WMT,91.05,4,BID
2018-12-17 09:41:45,WMT,91.07,5,ASK
2018-12-17 09:41:45,WMT,91.05,4,BID
2018-12-17 09:41:46,WMT,91.07,6,ASK
2018-12-17 09:41:47,WMT,91.06,3,BID
2018-12-17 09:41:47,WMT,91.08,8,ASK
2018-12-17 09:41:47,WMT,91.06,5,BID
2018-12-17 09:41:33,WMT,91.09,7,ASK
2018-12-17 09:41:49,WMT,91.07,2,BID
2018-12-17 09:41:33,WMT,91.09,7,ASK
2018-12-17 09:41:51,WMT,91.09,9,BID
2018-12-17 09:41:17,WMT,91.12,7,ASK
2018-12-17 09:41:52,WMT,91.09,7,BID
2018-12-17 09:41:52,WMT,91.11,2,ASK
2018-12-17 09:41:52,WMT,91.13,3,BID
2018-12-17 09:41:52,WMT,91.17,6,ASK
2018-12-17 09:41:53,WMT,91.1,6,BID
2018-12-17 09:41:53,WMT,91.12,1,ASK
2018-12-17 09:41:53,WMT,91.11,1,BID
2018-12-17 09:41:53,WMT,91.13,4,ASK
2018-12-17 09:41:54,WMT,91.13,1,BID
2018-12-17 09:41:54,WMT,91.15,5,ASK
2018-12-17 09:41:56,WMT,91.13,1,BID
2018-12-17 09:41:56,WMT,91.15,8,ASK
2018-12-17 09:41:53,WMT,91.1,7,BID
2018-12-17 09:41:58,WMT,91.13,12,ASK
2018-12-17 09:41:58,WMT,91.09,7,BID
2018-12-17 09:41:58,WMT,91.11,5,ASK
2018-12-17 09:41:58,WMT,91.09,7,BID
2018-12-17 09:41:58,WMT,91.11,5,ASK
2018-12-17 09:42:00,WMT,91.1,3,BID
2018-12-17 09:42:00,WMT,91.13,7,ASK
2018-12-17 09:42:00,WMT,91.1,3,BID
2018-12-17 09:42:02,WMT,91.13,6,ASK
2018-12-17 09:42:00,WMT,91.1,3,BID
2018-12-17 09:42:02,WMT,91.13,8,ASK
2018-12-17 09:42:00,WMT,91.1,3,BID
2018-12-17 09:42:02,WMT,91.13,8,ASK
2018-12-17 09:42:00,WMT,91.1,4,BID
2018-12-17 09:42:02,WMT,91.13,8,ASK
2018-12-17 09:42:06,WMT,91.09,7,BID
2018-12-17 09:42:06,WMT,91.11,5,ASK
2018-12-17 09:42:06,WMT,91.09,7,BID
2018-12-17 09:42:06,WMT,91.11,3,ASK
2018-12-17 09:42:06,WMT,91.09,7,BID
2018-12-17 09:42:06,WMT,91.11,3,ASK
2018-12-17 09:42:09,WMT,91.05,7,BID
2018-12-17 09:42:09,WMT,91.08,3,ASK
2018-12-17 09:42:09,WMT,91.05,6,BID
2018-12-17 09:42:10,WMT,91.08,6,ASK
2018-12-17 09:41:44,WMT,91.04,7,BID
2018-12-17 09:42:11,WMT,91.07,8,ASK
2018-12-17 09:41:44,WMT,91.04,7,BID
2018-12-17 09:42:11,WMT,91.06,6,ASK
2018-12-17 09:41:44,WMT,91.04,7,BID
2018-12-17 09:42:11,WMT,91.06,7,ASK
2018-12-17 09:42:14,WMT,91.01,2,BID
2018-12-17 09:42:14,WMT,91.05,4,ASK
2018-12-17 09:42:15,WMT,91.0,7,BID
2018-12-17 09:42:14,WMT,91.03,5,ASK
2018-12-17 09:42:15,WMT,91.0,7,BID
2018-12-17 09:42:14,WMT,91.03,5,ASK
2018-12-17 09:42:16,WMT,91.0,7,BID
2018-12-17 09:42:16,WMT,91.03,5,ASK
2018-12-17 09:42:18,WMT,91.0,7,BID
2018-12-17 09:42:18,WMT,91.03,5,ASK
2018-12-17 09:42:19,WMT,91.0,7,BID
2018-12-17 09:42:19,WMT,91.02,4,ASK
2018-12-17 09:42:19,WMT,91.0,3,BID
2018-12-17 09:42:19,WMT,91.02,6,ASK
2018-12-17 09:42:20,WMT,91.0,5,BID
2018-12-17 09:42:20,WMT,91.01,4,ASK
2018-12-17 09:42:22,WMT,91.0,4,BID
2018-12-17 09:42:21,WMT,91.02,7,ASK
2018-12-17 09:42:22,WMT,91.0,3,BID
2018-12-17 09:42:21,WMT,91.02,7,ASK
2018-12-17 09:42:24,WMT,91.0,3,BID
2018-12-17 09:42:21,WMT,91.02,8,ASK
2018-12-17 09:42:24,WMT,91.0,3,BID
2018-12-17 09:42:21,WMT,91.02,7,ASK
2018-12-17 09:42:26,WMT,91.0,3,BID
2018-12-17 09:42:21,WMT,91.02,8,ASK
2018-12-17 09:42:26,WMT,91.02,5,BID
2018-12-17 09:42:14,WMT,91.05,8,ASK
2018-12-17 09:42:26,WMT,91.0,6,BID
2018-12-17 09:42:28,WMT,91.03,2,ASK
2018-12-17 09:42:28,WMT,91.01,4,BID
2018-12-17 09:42:27,WMT,91.05,8,ASK
2018-12-17 09:42:26,WMT,91.0,6,BID
2018-12-17 09:42:29,WMT,91.03,6,ASK
2018-12-17 09:42:31,WMT,91.0,10,BID
2018-12-17 09:42:29,WMT,91.03,6,ASK
2018-12-17 09:42:31,WMT,91.0,10,BID
2018-12-17 09:42:29,WMT,91.03,6,ASK
2018-12-17 09:42:33,WMT,91.01,1,BID
2018-12-17 09:42:33,WMT,91.03,7,ASK
2018-12-17 09:42:34,WMT,91.0,8,BID
2018-12-17 09:42:34,WMT,91.03,7,ASK
2018-12-17 09:42:34,WMT,91.0,8,BID
2018-12-17 09:42:34,WMT,91.03,7,ASK
2018-12-17 09:42:36,WMT,91.0,8,BID
2018-12-17 09:42:36,WMT,91.03,7,ASK
2018-12-17 09:42:37,WMT,91.0,8,BID
2018-12-17 09:42:36,WMT,91.03,8,ASK
2018-12-17 09:42:37,WMT,91.0,8,BID
2018-12-17 09:42:38,WMT,91.02,1,ASK
2018-12-17 09:42:37,WMT,91.0,8,BID
2018-12-17 09:42:38,WMT,91.02,1,ASK
2018-12-17 09:42:37,WMT,91.0,6,BID
2018-12-17 09:42:40,WMT,91.01,3,ASK
2018-12-17 09:42:37,WMT,91.0,6,BID
2018-12-17 09:42:40,WMT,91.01,2,ASK
2018-12-17 09:42:41,WMT,91.0,8,BID
2018-12-17 09:42:41,WMT,91.02,4,ASK
2018-12-17 09:42:41,WMT,91.0,8,BID
2018-12-17 09:42:41,WMT,91.02,4,ASK
2018-12-17 09:42:44,WMT,91.02,4,BID
2018-12-17 09:42:44,WMT,91.05,7,ASK
2018-12-17 09:42:44,WMT,91.02,4,BID
2018-12-17 09:42:44,WMT,91.05,6,ASK
2018-12-17 09:42:44,WMT,91.02,4,BID
2018-12-17 09:42:44,WMT,91.05,6,ASK
2018-12-17 09:42:47,WMT,91.02,5,BID
2018-12-17 09:42:47,WMT,91.05,6,ASK
2018-12-17 09:42:48,WMT,91.03,2,BID
2018-12-17 09:42:48,WMT,91.05,6,ASK
2018-12-17 09:42:48,WMT,91.03,2,BID
2018-12-17 09:42:48,WMT,91.04,2,ASK
2018-12-17 09:42:48,WMT,91.03,2,BID
2018-12-17 09:42:48,WMT,91.04,2,ASK
2018-12-17 09:42:51,WMT,91.02,1,BID
2018-12-17 09:42:51,WMT,91.03,2,ASK
2018-12-17 09:42:43,WMT,91.01,2,BID
2018-12-17 09:42:52,WMT,91.02,4,ASK
2018-12-17 09:42:53,WMT,91.02,2,BID
2018-12-17 09:42:53,WMT,91.03,5,ASK
2018-12-17 09:42:54,WMT,91.03,5,BID
2018-12-17 09:42:54,WMT,91.05,8,ASK
2018-12-17 09:42:55,WMT,91.04,3,BID
2018-12-17 09:42:14,WMT,91.06,11,ASK
2018-12-17 09:42:56,WMT,91.05,4,BID
2018-12-17 09:42:56,WMT,91.08,10,ASK
2018-12-17 09:42:57,WMT,91.06,2,BID
2018-12-17 09:42:57,WMT,91.08,1,ASK
2018-12-17 09:42:57,WMT,91.06,2,BID
2018-12-17 09:42:57,WMT,91.08,1,ASK
2018-12-17 09:42:59,WMT,91.05,1,BID
2018-12-17 09:42:59,WMT,91.08,5,ASK
2018-12-17 09:42:59,WMT,91.05,3,BID
2018-12-17 09:42:59,WMT,91.08,8,ASK
2018-12-17 09:42:59,WMT,91.05,3,BID
2018-12-17 09:42:59,WMT,91.08,8,ASK
2018-12-17 09:43:02,WMT,91.05,5,BID
2018-12-17 09:43:02,WMT,91.07,6,ASK
2018-12-17 09:43:02,WMT,91.05,5,BID
2018-12-17 09:43:03,WMT,91.07,8,ASK
2018-12-17 09:43:04,WMT,91.02,7,BID
2018-12-17 09:43:04,WMT,91.06,3,ASK
2018-12-17 09:43:05,WMT,91.02,6,BID
2018-12-17 09:43:05,WMT,91.06,3,ASK
2018-12-17 09:43:06,WMT,91.03,3,BID
2018-12-17 09:43:06,WMT,91.05,2,ASK
2018-12-17 09:43:07,WMT,91.03,3,BID
2018-12-17 09:43:07,WMT,91.05,5,ASK
2018-12-17 09:43:08,WMT,91.03,3,BID
2018-12-17 09:43:08,WMT,91.05,7,ASK
2018-12-17 09:43:05,WMT,91.02,5,BID
2018-12-17 09:43:09,WMT,91.03,1,ASK
2018-12-17 09:42:43,WMT,91.01,5,BID
2018-12-17 09:43:10,WMT,91.02,2,ASK
2018-12-17 09:42:43,WMT,91.01,5,BID
2018-12-17 09:43:11,WMT,91.03,5,ASK
2018-12-17 09:43:11,WMT,91.01,5,BID
2018-12-17 09:43:09,WMT,91.03,5,ASK
2018-12-17 09:43:13,WMT,91.0,6,BID
2018-12-17 09:43:12,WMT,91.03,8,ASK
2018-12-17 09:43:13,WMT,91.0,6,BID
2018-12-17 09:43:12,WMT,91.03,8,ASK
2018-12-17 09:43:15,WMT,91.0,6,BID
2018-12-17 09:43:15,WMT,91.03,8,ASK
2018-12-17 09:43:15,WMT,91.0,9,BID
2018-12-17 09:43:16,WMT,91.02,2,ASK
2018-12-17 09:43:15,WMT,91.0,11,BID
2018-12-17 09:43:17,WMT,91.02,10,ASK
2018-12-17 09:43:15,WMT,91.0,11,BID
2018-12-17 09:43:18,WMT,91.01,1,ASK
2018-12-17 09:43:19,WMT,90.96,2,BID
2018-12-17 09:43:19,WMT,90.98,4,ASK
2018-12-17 09:43:19,WMT,90.94,6,BID
2018-12-17 09:43:19,WMT,90.96,1,ASK
2018-12-17 09:43:20,WMT,90.93,12,BID
2018-12-17 09:43:20,WMT,90.96,7,ASK
2018-12-17 09:43:20,WMT,90.89,5,BID
2018-12-17 09:43:20,WMT,90.9,4,ASK
2018-12-17 09:43:21,WMT,90.86,4,BID
2018-12-17 09:43:21,WMT,90.89,1,ASK
2018-12-17 09:43:21,WMT,90.86,4,BID
2018-12-17 09:43:21,WMT,90.89,5,ASK
2018-12-17 09:43:21,WMT,90.86,5,BID
2018-12-17 09:43:21,WMT,90.89,8,ASK
2018-12-17 09:43:22,WMT,90.86,3,BID
2018-12-17 09:43:22,WMT,90.89,11,ASK
2018-12-17 09:43:22,WMT,90.86,3,BID
2018-12-17 09:43:22,WMT,90.89,10,ASK
2018-12-17 09:43:23,WMT,90.86,4,BID
2018-12-17 09:43:22,WMT,90.89,10,ASK
2018-12-17 09:43:24,WMT,90.9,4,BID
2018-12-17 09:43:24,WMT,90.93,8,ASK
2018-12-17 09:43:25,WMT,90.9,4,BID
2018-12-17 09:43:25,WMT,90.92,5,ASK
2018-12-17 09:43:26,WMT,90.9,5,BID
2018-12-17 09:43:26,WMT,90.92,10,ASK
2018-12-17 09:43:28,WMT,90.87,2,BID
2018-12-17 09:43:28,WMT,90.9,2,ASK
2018-12-17 09:43:29,WMT,90.87,3,BID
2018-12-17 09:43:27,WMT,90.91,6,ASK
2018-12-17 09:43:30,WMT,90.9,4,BID
2018-12-17 09:43:30,WMT,90.93,11,ASK
2018-12-17 09:43:31,WMT,90.88,2,BID
2018-12-17 09:43:31,WMT,90.91,3,ASK
2018-12-17 09:43:32,WMT,90.88,3,BID
2018-12-17 09:43:32,WMT,90.91,3,ASK
2018-12-17 09:43:34,WMT,90.92,4,BID
2018-12-17 09:43:34,WMT,90.94,5,ASK
2018-12-17 09:43:35,WMT,90.92,4,BID
2018-12-17 09:43:35,WMT,90.94,6,ASK
2018-12-17 09:43:37,WMT,90.91,1,BID
2018-12-17 09:43:37,WMT,90.93,4,ASK
2018-12-17 09:43:38,WMT,90.88,6,BID
2018-12-17 09:43:38,WMT,90.9,3,ASK
2018-12-17 09:43:39,WMT,90.88,6,BID
2018-12-17 09:43:39,WMT,90.91,6,ASK
2018-12-17 09:43:39,WMT,90.88,6,BID
2018-12-17 09:43:39,WMT,90.9,1,ASK
2018-12-17 09:43:40,WMT,90.88,6,BID
2018-12-17 09:43:40,WMT,90.9,5,ASK
2018-12-17 09:43:42,WMT,90.88,6,BID
2018-12-17 09:43:42,WMT,90.89,2,ASK
2018-12-17 09:43:42,WMT,90.88,7,BID
2018-12-17 09:43:42,WMT,90.9,6,ASK
2018-12-17 09:43:45,WMT,90.88,6,BID
2018-12-17 09:43:45,WMT,90.91,7,ASK
2018-12-17 09:43:45,WMT,90.88,6,BID
2018-12-17 09:43:45,WMT,90.91,7,ASK
2018-12-17 09:43:48,WMT,90.88,6,BID
2018-12-17 09:43:45,WMT,90.91,7,ASK
2018-12-17 09:43:49,WMT,90.87,8,BID
2018-12-17 09:43:49,WMT,90.9,5,ASK
2018-12-17 09:43:24,WMT,90.86,8,BID
2018-12-17 09:43:49,WMT,90.9,5,ASK
2018-12-17 09:43:51,WMT,90.86,10,BID
2018-12-17 09:43:51,WMT,90.87,5,ASK
2018-12-17 09:43:52,WMT,90.85,5,BID
2018-12-17 09:43:52,WMT,90.87,11,ASK
2018-12-17 09:43:53,WMT,90.85,5,BID
2018-12-17 09:43:53,WMT,90.86,2,ASK
2018-12-17 09:43:54,WMT,90.83,3,BID
2018-12-17 09:43:54,WMT,90.85,4,ASK
2018-12-17 09:43:55,WMT,90.84,5,BID
2018-12-17 09:43:55,WMT,90.87,7,ASK
2018-12-17 09:43:56,WMT,90.84,7,BID
2018-12-17 09:43:55,WMT,90.87,6,ASK
2018-12-17 09:43:57,WMT,90.83,5,BID
2018-12-17 09:43:57,WMT,90.86,9,ASK
2018-12-17 09:43:58,WMT,90.83,6,BID
2018-12-17 09:43:57,WMT,90.86,8,ASK
2018-12-17 09:43:58,WMT,90.83,6,BID
2018-12-17 09:43:57,WMT,90.86,8,ASK
2018-12-17 09:44:00,WMT,90.82,3,BID
2018-12-17 09:44:00,WMT,90.85,6,ASK
2018-12-17 09:44:00,WMT,90.82,3,BID
2018-12-17 09:44:00,WMT,90.85,6,ASK
2018-12-17 09:44:00,WMT,90.82,3,BID
2018-12-17 09:44:00,WMT,90.85,6,ASK
2018-12-17 09:44:03,WMT,90.83,1,BID
2018-12-17 09:44:03,WMT,90.85,6,ASK
2018-12-17 09:44:04,WMT,90.82,6,BID
2018-12-17 09:44:04,WMT,90.85,6,ASK
2018-12-17 09:44:05,WMT,90.89,1,BID
2018-12-17 09:44:05,WMT,90.91,4,ASK
2018-12-17 09:44:06,WMT,90.89,3,BID
2018-12-17 09:44:06,WMT,90.91,5,ASK
2018-12-17 09:44:06,WMT,90.9,1,BID
2018-12-17 09:44:06,WMT,90.91,9,ASK
2018-12-17 09:44:07,WMT,90.89,5,BID
2018-12-17 09:44:07,WMT,90.91,10,ASK
2018-12-17 09:44:08,WMT,90.86,7,BID
2018-12-17 09:44:08,WMT,90.91,10,ASK
2018-12-17 09:44:10,WMT,90.87,1,BID
2018-12-17 09:44:10,WMT,90.89,1,ASK
2018-12-17 09:44:10,WMT,90.87,1,BID
2018-12-17 09:44:10,WMT,90.89,3,ASK
2018-12-17 09:44:11,WMT,90.86,7,BID
2018-12-17 09:44:11,WMT,90.89,3,ASK
2018-12-17 09:44:12,WMT,90.86,7,BID
2018-12-17 09:44:12,WMT,90.89,3,ASK
2018-12-17 09:44:13,WMT,90.85,4,BID
2018-12-17 09:44:13,WMT,90.89,9,ASK
2018-12-17 09:44:14,WMT,90.86,6,BID
2018-12-17 09:44:14,WMT,90.89,9,ASK
2018-12-17 09:44:16,WMT,90.9,6,BID
2018-12-17 09:43:38,WMT,90.92,10,ASK
2018-12-17 09:44:16,WMT,90.9,7,BID
2018-12-17 09:44:17,WMT,90.92,2,ASK
2018-12-17 09:44:16,WMT,90.9,7,BID
2018-12-17 09:44:19,WMT,90.92,6,ASK
2018-12-17 09:44:16,WMT,90.9,5,BID
2018-12-17 09:44:20,WMT,90.92,6,ASK
2018-12-17 09:44:16,WMT,90.9,6,BID
2018-12-17 09:44:20,WMT,90.92,6,ASK
2018-12-17 09:44:16,WMT,90.9,6,BID
2018-12-17 09:44:20,WMT,90.92,6,ASK
2018-12-17 09:44:16,WMT,90.9,7,BID
2018-12-17 09:44:22,WMT,90.92,6,ASK
2018-12-17 09:44:23,WMT,90.91,1,BID
2018-12-17 09:44:22,WMT,90.92,7,ASK
2018-12-17 09:44:24,WMT,90.91,4,BID
2018-12-17 09:44:24,WMT,90.93,3,ASK
2018-12-17 09:44:24,WMT,90.91,4,BID
2018-12-17 09:44:24,WMT,90.93,3,ASK
2018-12-17 09:44:16,WMT,90.9,6,BID
2018-12-17 09:44:26,WMT,90.92,3,ASK
2018-12-17 09:44:16,WMT,90.9,5,BID
2018-12-17 09:44:27,WMT,90.92,5,ASK
2018-12-17 09:44:16,WMT,90.9,5,BID
2018-12-17 09:44:27,WMT,90.92,5,ASK
2018-12-17 09:44:30,WMT,90.89,5,BID
2018-12-17 09:44:30,WMT,90.92,4,ASK
2018-12-17 09:44:30,WMT,90.89,5,BID
2018-12-17 09:44:30,WMT,90.92,4,ASK
2018-12-17 09:44:31,WMT,90.93,3,BID
2018-12-17 09:43:20,WMT,90.95,5,ASK
2018-12-17 09:44:31,WMT,90.93,3,BID
2018-12-17 09:43:20,WMT,90.95,6,ASK
2018-12-17 09:44:34,WMT,90.9,20,BID
2018-12-17 09:44:34,WMT,90.93,4,ASK
2018-12-17 09:44:34,WMT,90.91,5,BID
2018-12-17 09:44:34,WMT,90.94,1,ASK
2018-12-17 09:44:35,WMT,90.93,3,BID
2018-12-17 09:44:35,WMT,90.95,4,ASK
2018-12-17 09:44:36,WMT,90.93,6,BID
2018-12-17 09:44:36,WMT,90.97,6,ASK
2018-12-17 09:44:37,WMT,90.94,10,BID
2018-12-17 09:44:37,WMT,90.96,1,ASK
2018-12-17 09:44:37,WMT,90.94,10,BID
2018-12-17 09:44:38,WMT,90.97,1,ASK
2018-12-17 09:44:37,WMT,90.94,10,BID
2018-12-17 09:44:39,WMT,90.97,4,ASK
2018-12-17 09:44:37,WMT,90.94,10,BID
2018-12-17 09:44:40,WMT,90.97,7,ASK
2018-12-17 09:44:42,WMT,90.95,3,BID
2018-12-17 09:44:40,WMT,90.97,8,ASK
2018-12-17 09:44:43,WMT,90.97,4,BID
2018-12-17 09:44:43,WMT,91.0,6,ASK
2018-12-17 09:44:44,WMT,90.97,5,BID
2018-12-17 09:44:44,WMT,90.99,1,ASK
2018-12-17 09:44:44,WMT,90.95,9,BID
2018-12-17 09:44:44,WMT,90.98,7,ASK
2018-12-17 09:44:44,WMT,90.95,5,BID
2018-12-17 09:44:45,WMT,90.98,7,ASK
2018-12-17 09:44:44,WMT,90.95,6,BID
2018-12-17 09:44:45,WMT,90.98,8,ASK
2018-12-17 09:44:35,WMT,90.92,5,BID
2018-12-17 09:44:47,WMT,90.96,5,ASK
2018-12-17 09:44:48,WMT,90.93,3,BID
2018-12-17 09:44:48,WMT,90.96,5,ASK
2018-12-17 09:44:49,WMT,90.94,4,BID
2018-12-17 09:44:49,WMT,90.97,2,ASK
2018-12-17 09:44:35,WMT,90.92,5,BID
2018-12-17 09:44:50,WMT,90.96,7,ASK
2018-12-17 09:44:35,WMT,90.92,5,BID
2018-12-17 09:44:51,WMT,90.95,1,ASK
2018-12-17 09:44:35,WMT,90.92,5,BID
2018-12-17 09:44:52,WMT,90.94,3,ASK
2018-12-17 09:44:35,WMT,90.92,5,BID
2018-12-17 09:44:52,WMT,90.94,3,ASK
2018-12-17 09:44:55,WMT,90.91,1,BID
2018-12-17 09:44:55,WMT,90.93,5,ASK
2018-12-17 09:44:56,WMT,90.91,3,BID
2018-12-17 09:44:55,WMT,90.93,8,ASK
2018-12-17 09:44:31,WMT,90.89,24,BID
2018-12-17 09:44:57,WMT,90.9,14,ASK
2018-12-17 09:44:57,WMT,90.88,5,BID
2018-12-17 09:44:57,WMT,90.9,1,ASK
2018-12-17 09:44:57,WMT,90.86,10,BID
2018-12-17 09:44:59,WMT,90.89,7,ASK
2018-12-17 09:45:00,WMT,90.86,1,BID
2018-12-17 09:45:00,WMT,90.89,8,ASK
2018-12-17 09:45:00,WMT,90.85,6,BID
2018-12-17 09:45:00,WMT,90.89,9,ASK
2018-12-17 09:45:01,WMT,90.86,21,BID
2018-12-17 09:45:01,WMT,90.89,14,ASK
2018-12-17 09:45:02,WMT,90.87,4,BID
2018-12-17 09:45:02,WMT,90.89,14,ASK
2018-12-17 09:45:03,WMT,90.86,16,BID
2018-12-17 09:45:02,WMT,90.87,4,ASK
2018-12-17 09:45:04,WMT,90.87,2,BID
2018-12-17 09:45:02,WMT,90.89,15,ASK
2018-12-17 09:45:05,WMT,90.88,7,BID
2018-12-17 09:44:57,WMT,90.91,6,ASK
2018-12-17 09:45:07,WMT,90.87,5,BID
2018-12-17 09:45:07,WMT,90.9,5,ASK
2018-12-17 09:45:08,WMT,90.86,16,BID
2018-12-17 09:45:08,WMT,90.88,5,ASK
2018-12-17 09:45:08,WMT,90.85,7,BID
2018-12-17 09:45:08,WMT,90.9,6,ASK
2018-12-17 09:45:09,WMT,90.87,4,BID
2018-12-17 09:45:09,WMT,90.9,7,ASK
2018-12-17 09:45:10,WMT,90.87,4,BID
2018-12-17 09:45:10,WMT,90.9,8,ASK
2018-12-17 09:45:11,WMT,90.87,6,BID
2018-12-17 09:45:11,WMT,90.89,3,ASK
2018-12-17 09:45:12,WMT,90.89,5,BID
2018-12-17 09:44:56,WMT,90.92,5,ASK
2018-12-17 09:45:12,WMT,90.89,5,BID
2018-12-17 09:45:13,WMT,90.92,7,ASK
2018-12-17 09:45:12,WMT,90.89,7,BID
2018-12-17 09:45:15,WMT,90.92,6,ASK
2018-12-17 09:45:16,WMT,90.89,5,BID
2018-12-17 09:45:15,WMT,90.92,7,ASK
2018-12-17 09:45:16,WMT,90.89,5,BID
2018-12-17 09:45:16,WMT,90.92,7,ASK
2018-12-17 09:45:17,WMT,90.9,2,BID
2018-12-17 09:45:17,WMT,90.92,7,ASK
2018-12-17 09:45:19,WMT,90.92,2,BID
2018-12-17 09:45:19,WMT,90.95,5,ASK
2018-12-17 09:45:19,WMT,90.91,6,BID
2018-12-17 09:44:50,WMT,90.97,5,ASK
2018-12-17 09:45:20,WMT,90.9,15,BID
2018-12-17 09:45:20,WMT,90.96,2,ASK
2018-12-17 09:45:21,WMT,90.9,3,BID
2018-12-17 09:45:21,WMT,90.93,3,ASK
2018-12-17 09:45:16,WMT,90.89,5,BID
2018-12-17 09:45:21,WMT,90.93,4,ASK
2018-12-17 09:45:22,WMT,90.89,7,BID
2018-12-17 09:45:22,WMT,90.92,4,ASK
2018-12-17 09:45:22,WMT,90.89,7,BID
2018-12-17 09:45:21,WMT,90.95,4,ASK
2018-12-17 09:45:24,WMT,90.91,1,BID
2018-12-17 09:45:24,WMT,90.95,5,ASK
2018-12-17 09:45:25,WMT,90.92,1,BID
2018-12-17 09:45:25,WMT,90.95,7,ASK
2018-12-17 09:45:25,WMT,90.92,1,BID
2018-12-17 09:45:25,WMT,90.95,7,ASK
2018-12-17 09:45:25,WMT,90.92,1,BID
2018-12-17 09:45:25,WMT,90.95,7,ASK
2018-12-17 09:45:30,WMT,90.92,3,BID
2018-12-17 09:45:25,WMT,90.95,6,ASK
2018-12-17 09:45:31,WMT,90.92,3,BID
2018-12-17 09:45:25,WMT,90.95,6,ASK
2018-12-17 09:45:31,WMT,90.92,3,BID
2018-12-17 09:45:25,WMT,90.95,6,ASK
2018-12-17 09:45:33,WMT,90.91,8,BID
2018-12-17 09:45:33,WMT,90.94,3,ASK
2018-12-17 09:45:33,WMT,90.91,8,BID
2018-12-17 09:45:34,WMT,90.94,3,ASK
2018-12-17 09:45:34,WMT,90.93,3,BID
2018-12-17 09:45:34,WMT,90.95,1,ASK
2018-12-17 09:45:35,WMT,90.92,6,BID
2018-12-17 09:45:35,WMT,90.95,6,ASK
2018-12-17 09:45:35,WMT,90.92,6,BID
2018-12-17 09:45:35,WMT,90.95,6,ASK
2018-12-17 09:45:38,WMT,90.92,2,BID
2018-12-17 09:45:35,WMT,90.95,7,ASK
2018-12-17 09:45:38,WMT,90.92,5,BID
2018-12-17 09:45:39,WMT,90.94,1,ASK
2018-12-17 09:45:40,WMT,90.94,2,BID
2018-12-17 09:45:40,WMT,90.96,4,ASK
2018-12-17 09:45:40,WMT,90.93,4,BID
2018-12-17 09:45:40,WMT,90.96,4,ASK
2018-12-17 09:45:41,WMT,90.94,2,BID
2018-12-17 09:45:41,WMT,90.96,5,ASK
2018-12-17 09:45:41,WMT,90.94,2,BID
2018-12-17 09:45:41,WMT,90.96,5,ASK
2018-12-17 09:45:41,WMT,90.94,2,BID
2018-12-17 09:45:41,WMT,90.96,5,ASK
2018-12-17 09:45:44,WMT,90.94,5,BID
2018-12-17 09:45:44,WMT,90.97,6,ASK
2018-12-17 09:45:45,WMT,90.95,1,BID
2018-12-17 09:45:44,WMT,90.97,6,ASK
2018-12-17 09:45:46,WMT,90.96,1,BID
2018-12-17 09:45:46,WMT,90.98,9,ASK
2018-12-17 09:45:46,WMT,90.96,1,BID
2018-12-17 09:45:46,WMT,90.98,9,ASK
2018-12-17 09:45:46,WMT,90.96,1,BID
2018-12-17 09:45:46,WMT,90.98,9,ASK
2018-12-17 09:45:49,WMT,90.96,2,BID
2018-12-17 09:45:49,WMT,90.98,9,ASK
2018-12-17 09:45:51,WMT,90.94,6,BID
2018-12-17 09:45:51,WMT,90.95,2,ASK
2018-12-17 09:45:52,WMT,90.94,6,BID
2018-12-17 09:45:52,WMT,90.97,2,ASK
2018-12-17 09:45:53,WMT,90.94,5,BID
2018-12-17 09:45:53,WMT,90.97,6,ASK
2018-12-17 09:45:54,WMT,90.94,5,BID
2018-12-17 09:45:54,WMT,90.97,5,ASK
2018-12-17 09:45:54,WMT,90.94,5,BID
2018-12-17 09:45:54,WMT,90.96,5,ASK
2018-12-17 09:45:56,WMT,90.92,9,BID
2018-12-17 09:45:56,WMT,90.94,6,ASK
2018-12-17 09:45:56,WMT,90.92,9,BID
2018-12-17 09:45:56,WMT,90.94,6,ASK
2018-12-17 09:45:57,WMT,90.94,1,BID
2018-12-17 09:45:57,WMT,90.96,4,ASK
2018-12-17 09:45:59,WMT,90.94,3,BID
2018-12-17 09:45:53,WMT,90.98,10,ASK
2018-12-17 09:45:59,WMT,90.95,2,BID
2018-12-17 09:45:53,WMT,90.98,8,ASK
2018-12-17 09:46:01,WMT,90.95,3,BID
2018-12-17 09:45:53,WMT,90.98,9,ASK
2018-12-17 09:46:02,WMT,90.94,5,BID
2018-12-17 09:46:02,WMT,90.97,6,ASK
2018-12-17 09:46:02,WMT,90.95,1,BID
2018-12-17 09:45:53,WMT,90.98,8,ASK
2018-12-17 09:46:04,WMT,90.96,1,BID
2018-12-17 09:46:04,WMT,90.99,6,ASK
2018-12-17 09:46:05,WMT,90.97,1,BID
2018-12-17 09:46:04,WMT,90.99,6,ASK
2018-12-17 09:46:06,WMT,90.97,4,BID
2018-12-17 09:46:04,WMT,90.99,6,ASK
2018-12-17 09:46:07,WMT,90.97,4,BID
2018-12-17 09:46:07,WMT,91.0,11,ASK
2018-12-17 09:46:08,WMT,90.97,4,BID
2018-12-17 09:46:08,WMT,91.0,11,ASK
2018-12-17 09:46:08,WMT,90.97,5,BID
2018-12-17 09:46:08,WMT,91.0,11,ASK
2018-12-17 09:46:08,WMT,90.97,5,BID
2018-12-17 09:46:08,WMT,91.0,11,ASK
2018-12-17 09:46:08,WMT,90.97,5,BID
2018-12-17 09:46:08,WMT,91.0,11,ASK
2018-12-17 09:46:11,WMT,90.98,1,BID
2018-12-17 09:46:11,WMT,91.0,11,ASK
2018-12-17 09:46:13,WMT,90.95,2,BID
2018-12-17 09:46:13,WMT,90.98,5,ASK
2018-12-17 09:46:13,WMT,90.95,2,BID
2018-12-17 09:46:13,WMT,90.98,6,ASK
2018-12-17 09:46:15,WMT,90.96,2,BID
2018-12-17 09:46:14,WMT,90.98,6,ASK
2018-12-17 09:46:16,WMT,90.95,3,BID
2018-12-17 09:46:16,WMT,90.98,7,ASK
2018-12-17 09:46:17,WMT,90.96,2,BID
2018-12-17 09:46:17,WMT,90.97,4,ASK
2018-12-17 09:46:18,WMT,90.96,4,BID
2018-12-17 09:46:18,WMT,90.98,6,ASK
2018-12-17 09:46:19,WMT,90.96,5,BID
2018-12-17 09:46:18,WMT,90.98,6,ASK
2018-12-17 09:46:20,WMT,90.96,7,BID
2018-12-17 09:46:18,WMT,90.98,6,ASK
2018-12-17 09:46:21,WMT,90.97,1,BID
2018-12-17 09:46:18,WMT,90.98,6,ASK
2018-12-17 09:46:22,WMT,90.97,4,BID
2018-12-17 09:46:18,WMT,90.98,6,ASK
2018-12-17 09:46:23,WMT,90.96,7,BID
2018-12-17 09:46:23,WMT,90.97,3,ASK
2018-12-17 09:46:24,WMT,90.96,7,BID
2018-12-17 09:46:24,WMT,90.98,6,ASK
2018-12-17 09:46:24,WMT,90.96,7,BID
2018-12-17 09:46:24,WMT,90.98,6,ASK
2018-12-17 09:46:26,WMT,90.96,7,BID
2018-12-17 09:46:26,WMT,90.98,6,ASK
2018-12-17 09:46:27,WMT,90.97,1,BID
2018-12-17 09:46:26,WMT,90.98,8,ASK
2018-12-17 09:46:17,WMT,90.95,5,BID
2018-12-17 09:46:28,WMT,90.96,3,ASK
2018-12-17 09:46:17,WMT,90.95,5,BID
2018-12-17 09:46:28,WMT,90.97,4,ASK
2018-12-17 09:46:30,WMT,90.95,6,BID
2018-12-17 09:46:30,WMT,90.97,5,ASK
2018-12-17 09:46:30,WMT,90.95,6,BID
2018-12-17 09:46:31,WMT,90.97,5,ASK
2018-12-17 09:46:31,WMT,90.98,2,BID
2018-12-17 09:44:43,WMT,91.0,11,ASK
2018-12-17 09:46:31,WMT,90.97,4,BID
2018-12-17 09:44:43,WMT,91.0,11,ASK
2018-12-17 09:46:32,WMT,90.98,3,BID
2018-12-17 09:44:43,WMT,91.0,11,ASK
2018-12-17 09:46:33,WMT,90.98,3,BID
2018-12-17 09:44:43,WMT,91.0,11,ASK
2018-12-17 09:46:34,WMT,91.0,3,BID
2018-12-17 09:46:34,WMT,91.02,6,ASK
2018-12-17 09:46:35,WMT,91.0,7,BID
2018-12-17 09:46:37,WMT,91.03,1,ASK
2018-12-17 09:46:35,WMT,91.0,7,BID
2018-12-17 09:46:38,WMT,91.03,1,ASK
2018-12-17 09:46:35,WMT,91.0,7,BID
2018-12-17 09:46:38,WMT,91.03,1,ASK
2018-12-17 09:46:35,WMT,91.0,7,BID
2018-12-17 09:46:39,WMT,91.03,3,ASK
2018-12-17 09:46:35,WMT,91.0,7,BID
2018-12-17 09:46:41,WMT,91.02,1,ASK
2018-12-17 09:46:42,WMT,91.01,1,BID
2018-12-17 09:46:42,WMT,91.02,1,ASK
2018-12-17 09:46:42,WMT,91.01,1,BID
2018-12-17 09:46:42,WMT,91.02,1,ASK
2018-12-17 09:46:44,WMT,91.01,1,BID
2018-12-17 09:46:44,WMT,91.03,4,ASK
2018-12-17 09:46:45,WMT,91.01,1,BID
2018-12-17 09:46:45,WMT,91.03,4,ASK
2018-12-17 09:46:46,WMT,91.01,1,BID
2018-12-17 09:46:46,WMT,91.03,5,ASK
2018-12-17 09:46:46,WMT,91.01,1,BID
2018-12-17 09:46:46,WMT,91.03,5,ASK
2018-12-17 09:46:35,WMT,91.0,7,BID
2018-12-17 09:46:48,WMT,91.02,2,ASK
2018-12-17 09:46:35,WMT,91.0,7,BID
2018-12-17 09:46:48,WMT,91.03,6,ASK
2018-12-17 09:46:35,WMT,91.0,7,BID
2018-12-17 09:46:50,WMT,91.02,1,ASK
2018-12-17 09:46:51,WMT,90.97,3,BID
2018-12-17 09:46:51,WMT,91.0,3,ASK
2018-12-17 09:46:51,WMT,90.97,3,BID
2018-12-17 09:46:52,WMT,91.0,3,ASK
2018-12-17 09:46:51,WMT,90.97,3,BID
2018-12-17 09:46:52,WMT,91.0,3,ASK
2018-12-17 09:46:54,WMT,90.98,2,BID
2018-12-17 09:46:54,WMT,91.0,4,ASK
2018-12-17 09:46:55,WMT,90.98,4,BID
2018-12-17 09:46:55,WMT,91.0,5,ASK
2018-12-17 09:46:56,WMT,90.99,1,BID
2018-12-17 09:46:56,WMT,91.0,4,ASK
2018-12-17 09:46:57,WMT,90.99,2,BID
2018-12-17 09:46:57,WMT,91.02,1,ASK
2018-12-17 09:46:58,WMT,91.01,2,BID
2018-12-17 09:46:35,WMT,91.05,10,ASK
2018-12-17 09:46:59,WMT,91.03,2,BID
2018-12-17 09:46:59,WMT,91.05,10,ASK
2018-12-17 09:47:00,WMT,91.03,2,BID
2018-12-17 09:46:59,WMT,91.05,8,ASK
2018-12-17 09:47:01,WMT,91.02,1,BID
2018-12-17 09:47:01,WMT,91.04,1,ASK
2018-12-17 09:47:02,WMT,91.02,3,BID
2018-12-17 09:47:02,WMT,91.04,2,ASK
2018-12-17 09:47:03,WMT,91.05,1,BID
2018-12-17 09:47:03,WMT,91.07,16,ASK
2018-12-17 09:47:03,WMT,91.05,1,BID
2018-12-17 09:47:03,WMT,91.07,16,ASK
2018-12-17 09:47:04,WMT,91.05,4,BID
2018-12-17 09:47:03,WMT,91.07,13,ASK
2018-12-17 09:47:06,WMT,91.06,2,BID
2018-12-17 09:47:06,WMT,91.08,10,ASK
2018-12-17 09:47:07,WMT,91.05,6,BID
2018-12-17 09:47:07,WMT,91.08,10,ASK
2018-12-17 09:47:08,WMT,91.05,6,BID
2018-12-17 09:47:08,WMT,91.08,12,ASK
2018-12-17 09:47:09,WMT,91.05,6,BID
2018-12-17 09:47:09,WMT,91.07,2,ASK
2018-12-17 09:47:09,WMT,91.05,6,BID
2018-12-17 09:47:09,WMT,91.07,2,ASK
2018-12-17 09:47:11,WMT,91.05,6,BID
2018-12-17 09:47:08,WMT,91.08,12,ASK
2018-12-17 09:47:11,WMT,91.05,7,BID
2018-12-17 09:47:08,WMT,91.08,12,ASK
2018-12-17 09:47:12,WMT,91.05,7,BID
2018-12-17 09:47:12,WMT,91.08,12,ASK
2018-12-17 09:47:14,WMT,91.06,4,BID
2018-12-17 09:47:14,WMT,91.08,10,ASK
2018-12-17 09:47:14,WMT,91.06,4,BID
2018-12-17 09:47:14,WMT,91.08,10,ASK
2018-12-17 09:47:14,WMT,91.06,4,BID
2018-12-17 09:47:14,WMT,91.08,10,ASK
2018-12-17 09:47:17,WMT,91.06,5,BID
2018-12-17 09:47:17,WMT,91.08,10,ASK
2018-12-17 09:47:18,WMT,91.06,6,BID
2018-12-17 09:47:18,WMT,91.07,1,ASK
2018-12-17 09:47:19,WMT,91.03,5,BID
2018-12-17 09:47:19,WMT,91.04,2,ASK
2018-12-17 09:47:20,WMT,91.01,4,BID
2018-12-17 09:47:20,WMT,91.04,7,ASK
2018-12-17 09:47:21,WMT,91.01,4,BID
2018-12-17 09:47:21,WMT,91.04,7,ASK
2018-12-17 09:47:22,WMT,91.02,4,BID
2018-12-17 09:47:22,WMT,91.04,8,ASK
2018-12-17 09:47:22,WMT,91.02,4,BID
2018-12-17 09:47:22,WMT,91.04,8,ASK
2018-12-17 09:47:24,WMT,91.04,3,BID
2018-12-17 09:47:24,WMT,91.06,1,ASK
2018-12-17 09:47:25,WMT,91.04,6,BID
2018-12-17 09:47:25,WMT,91.06,2,ASK
2018-12-17 09:47:26,WMT,91.04,7,BID
2018-12-17 09:47:26,WMT,91.06,2,ASK
2018-12-17 09:47:27,WMT,91.04,7,BID
2018-12-17 09:47:26,WMT,91.06,2,ASK
2018-12-17 09:47:27,WMT,91.04,7,BID
2018-12-17 09:47:26,WMT,91.06,2,ASK
2018-12-17 09:47:27,WMT,91.04,7,BID
2018-12-17 09:47:26,WMT,91.06,2,ASK
2018-12-17 09:47:30,WMT,91.04,7,BID
2018-12-17 09:47:26,WMT,91.06,2,ASK
2018-12-17 09:47:31,WMT,91.04,7,BID
2018-12-17 09:47:24,WMT,91.07,7,ASK
2018-12-17 09:47:32,WMT,91.05,5,BID
2018-12-17 09:47:18,WMT,91.08,11,ASK
2018-12-17 09:47:33,WMT,91.06,2,BID
2018-12-17 09:47:18,WMT,91.08,11,ASK
2018-12-17 09:47:34,WMT,91.06,4,BID
2018-12-17 09:47:34,WMT,91.09,8,ASK
2018-12-17 09:47:35,WMT,91.06,6,BID
2018-12-17 09:47:35,WMT,91.09,8,ASK
2018-12-17 09:47:36,WMT,91.08,3,BID
2018-12-17 09:47:36,WMT,91.1,63,ASK
2018-12-17 09:47:37,WMT,91.08,4,BID
2018-12-17 09:47:37,WMT,91.1,63,ASK
2018-12-17 09:47:38,WMT,91.07,5,BID
2018-12-17 09:47:38,WMT,91.1,5,ASK
2018-12-17 09:47:39,WMT,91.06,6,BID
2018-12-17 09:47:39,WMT,91.07,1,ASK
2018-12-17 09:47:24,WMT,91.02,5,BID
2018-12-17 09:47:40,WMT,91.05,4,ASK
2018-12-17 09:46:57,WMT,90.99,3,BID
2018-12-17 09:47:41,WMT,91.04,4,ASK
2018-12-17 09:47:42,WMT,91.0,17,BID
2018-12-17 09:47:42,WMT,91.01,2,ASK
2018-12-17 09:47:43,WMT,91.0,17,BID
2018-12-17 09:47:43,WMT,91.02,9,ASK
2018-12-17 09:47:43,WMT,91.0,17,BID
2018-12-17 09:47:43,WMT,91.02,9,ASK
2018-12-17 09:47:43,WMT,91.0,17,BID
2018-12-17 09:47:43,WMT,91.02,9,ASK
2018-12-17 09:47:46,WMT,90.99,1,BID
2018-12-17 09:47:46,WMT,91.0,4,ASK
2018-12-17 09:47:47,WMT,90.96,2,BID
2018-12-17 09:47:47,WMT,90.98,4,ASK
2018-12-17 09:47:48,WMT,90.96,5,BID
2018-12-17 09:47:48,WMT,90.98,7,ASK
2018-12-17 09:47:49,WMT,90.96,5,BID
2018-12-17 09:47:49,WMT,90.98,1,ASK
2018-12-17 09:47:49,WMT,90.96,5,BID
2018-12-17 09:47:49,WMT,90.98,1,ASK
2018-12-17 09:47:51,WMT,90.96,5,BID
2018-12-17 09:47:51,WMT,90.97,6,ASK
2018-12-17 09:47:52,WMT,90.96,5,BID
2018-12-17 09:47:52,WMT,90.98,7,ASK
2018-12-17 09:47:52,WMT,90.96,5,BID
2018-12-17 09:47:52,WMT,90.98,7,ASK
2018-12-17 09:47:52,WMT,90.96,5,BID
2018-12-17 09:47:52,WMT,90.98,7,ASK
2018-12-17 09:47:52,WMT,90.96,5,BID
2018-12-17 09:47:52,WMT,90.98,7,ASK
2018-12-17 09:47:52,WMT,90.96,5,BID
2018-12-17 09:47:52,WMT,90.98,7,ASK
2018-12-17 09:47:57,WMT,90.97,6,BID
2018-12-17 09:47:57,WMT,91.01,5,ASK
2018-12-17 09:47:58,WMT,90.98,7,BID
2018-12-17 09:47:58,WMT,91.01,7,ASK
2018-12-17 09:47:59,WMT,90.98,7,BID
2018-12-17 09:47:59,WMT,91.0,3,ASK
2018-12-17 09:48:00,WMT,90.96,5,BID
2018-12-17 09:48:00,WMT,90.99,4,ASK
2018-12-17 09:48:01,WMT,90.97,1,BID
2018-12-17 09:48:01,WMT,90.98,1,ASK
2018-12-17 09:48:00,WMT,90.96,5,BID
2018-12-17 09:48:02,WMT,90.98,3,ASK
2018-12-17 09:48:03,WMT,90.94,4,BID
2018-12-17 09:48:03,WMT,90.97,4,ASK
2018-12-17 09:48:04,WMT,90.94,5,BID
2018-12-17 09:48:04,WMT,90.97,5,ASK
2018-12-17 09:48:05,WMT,90.94,5,BID
2018-12-17 09:48:05,WMT,90.97,6,ASK
2018-12-17 09:48:05,WMT,90.94,5,BID
2018-12-17 09:48:05,WMT,90.97,6,ASK
2018-12-17 09:48:05,WMT,90.94,7,BID
2018-12-17 09:48:05,WMT,90.97,5,ASK
2018-12-17 09:48:05,WMT,90.94,6,BID
2018-12-17 09:48:08,WMT,90.96,1,ASK
2018-12-17 09:48:05,WMT,90.94,6,BID
2018-12-17 09:48:10,WMT,90.96,4,ASK
2018-12-17 09:48:10,WMT,90.94,2,BID
2018-12-17 09:48:10,WMT,90.95,5,ASK
2018-12-17 09:48:12,WMT,90.93,1,BID
2018-12-17 09:48:12,WMT,90.94,3,ASK
2018-12-17 09:48:12,WMT,90.93,2,BID
2018-12-17 09:48:12,WMT,90.94,1,ASK
2018-12-17 09:48:14,WMT,90.92,3,BID
2018-12-17 09:48:13,WMT,90.94,8,ASK
2018-12-17 09:48:14,WMT,90.94,2,BID
2018-12-17 09:48:12,WMT,90.95,11,ASK
2018-12-17 09:48:15,WMT,90.94,4,BID
2018-12-17 09:48:12,WMT,90.95,11,ASK
2018-12-17 09:48:16,WMT,90.94,6,BID
2018-12-17 09:48:16,WMT,90.96,4,ASK
2018-12-17 09:48:16,WMT,90.94,6,BID
2018-12-17 09:48:16,WMT,90.96,4,ASK
2018-12-17 09:48:16,WMT,90.94,5,BID
2018-12-17 09:48:18,WMT,90.96,4,ASK
2018-12-17 09:48:16,WMT,90.94,5,BID
2018-12-17 09:48:19,WMT,90.95,1,ASK
2018-12-17 09:48:16,WMT,90.94,5,BID
2018-12-17 09:48:19,WMT,90.95,1,ASK
2018-12-17 09:48:21,WMT,90.92,7,BID
2018-12-17 09:48:21,WMT,90.94,4,ASK
2018-12-17 09:48:23,WMT,90.91,5,BID
2018-12-17 09:48:23,WMT,90.94,9,ASK
2018-12-17 09:48:23,WMT,90.93,8,BID
2018-12-17 09:48:23,WMT,90.95,5,ASK
2018-12-17 09:48:23,WMT,90.93,11,BID
2018-12-17 09:48:24,WMT,90.95,9,ASK
2018-12-17 09:48:23,WMT,90.93,11,BID
2018-12-17 09:48:24,WMT,90.95,9,ASK
2018-12-17 09:48:23,WMT,90.93,11,BID
2018-12-17 09:48:26,WMT,90.94,1,ASK
2018-12-17 09:48:23,WMT,90.93,11,BID
2018-12-17 09:48:26,WMT,90.94,1,ASK
2018-12-17 09:48:28,WMT,90.92,1,BID
2018-12-17 09:48:28,WMT,90.94,4,ASK
2018-12-17 09:48:29,WMT,90.92,5,BID
2018-12-17 09:48:29,WMT,90.94,8,ASK
2018-12-17 09:48:29,WMT,90.92,5,BID
2018-12-17 09:48:31,WMT,90.94,11,ASK
2018-12-17 09:48:31,WMT,90.92,5,BID
2018-12-17 09:48:32,WMT,90.93,4,ASK
2018-12-17 09:48:32,WMT,90.92,7,BID
2018-12-17 09:48:32,WMT,90.94,12,ASK
2018-12-17 09:48:34,WMT,90.92,2,BID
2018-12-17 09:48:33,WMT,90.95,11,ASK
2018-12-17 09:48:34,WMT,90.91,6,BID
2018-12-17 09:48:34,WMT,90.95,14,ASK
2018-12-17 09:48:34,WMT,90.91,7,BID
2018-12-17 09:48:35,WMT,90.93,4,ASK
2018-12-17 09:48:34,WMT,90.91,7,BID
2018-12-17 09:48:35,WMT,90.93,4,ASK
2018-12-17 09:48:37,WMT,90.91,8,BID
2018-12-17 09:48:37,WMT,90.93,4,ASK
2018-12-17 09:48:38,WMT,90.91,8,BID
2018-12-17 09:48:38,WMT,90.93,4,ASK
2018-12-17 09:48:38,WMT,90.91,8,BID
2018-12-17 09:48:39,WMT,90.93,4,ASK
2018-12-17 09:48:38,WMT,90.91,8,BID
2018-12-17 09:48:39,WMT,90.93,4,ASK
2018-12-17 09:48:38,WMT,90.91,8,BID
2018-12-17 09:48:39,WMT,90.93,4,ASK
2018-12-17 09:48:38,WMT,90.91,8,BID
2018-12-17 09:48:39,WMT,90.93,4,ASK
2018-12-17 09:48:38,WMT,90.91,6,BID
2018-12-17 09:48:43,WMT,90.93,4,ASK
2018-12-17 09:48:44,WMT,90.92,4,BID
2018-12-17 09:48:44,WMT,90.94,5,ASK
2018-12-17 09:48:45,WMT,90.91,7,BID
2018-12-17 09:48:45,WMT,90.94,7,ASK
2018-12-17 09:48:46,WMT,90.91,7,BID
2018-12-17 09:48:46,WMT,90.94,7,ASK
2018-12-17 09:48:48,WMT,90.91,7,BID
2018-12-17 09:48:48,WMT,90.93,5,ASK
2018-12-17 09:48:48,WMT,90.91,7,BID
2018-12-17 09:48:48,WMT,90.93,5,ASK
2018-12-17 09:48:48,WMT,90.91,7,BID
2018-12-17 09:48:50,WMT,90.93,7,ASK
2018-12-17 09:48:48,WMT,90.91,7,BID
2018-12-17 09:48:50,WMT,90.93,7,ASK
2018-12-17 09:48:48,WMT,90.91,6,BID
2018-12-17 09:48:50,WMT,90.93,7,ASK
2018-12-17 09:48:53,WMT,90.91,5,BID
2018-12-17 09:48:50,WMT,90.93,8,ASK
2018-12-17 09:48:53,WMT,90.91,5,BID
2018-12-17 09:48:50,WMT,90.93,8,ASK
2018-12-17 09:48:54,WMT,90.91,6,BID
2018-12-17 09:48:50,WMT,90.93,8,ASK
2018-12-17 09:48:56,WMT,90.93,7,BID
2018-12-17 09:48:56,WMT,90.94,4,ASK
2018-12-17 09:48:56,WMT,90.93,6,BID
2018-12-17 09:48:56,WMT,90.94,3,ASK
2018-12-17 09:48:57,WMT,90.93,2,BID
2018-12-17 09:48:57,WMT,90.94,5,ASK
2018-12-17 09:48:59,WMT,90.94,2,BID
2018-12-17 09:48:59,WMT,90.95,9,ASK
2018-12-17 09:49:00,WMT,90.94,2,BID
2018-12-17 09:49:00,WMT,90.95,10,ASK
2018-12-17 09:49:01,WMT,90.94,2,BID
2018-12-17 09:49:01,WMT,90.95,10,ASK
2018-12-17 09:49:01,WMT,90.96,3,BID
2018-12-17 09:48:09,WMT,90.97,10,ASK
2018-12-17 09:49:02,WMT,90.97,5,BID
2018-12-17 09:49:02,WMT,90.99,9,ASK
2018-12-17 09:49:03,WMT,90.97,5,BID
2018-12-17 09:49:03,WMT,90.99,11,ASK
2018-12-17 09:49:03,WMT,90.98,3,BID
2018-12-17 09:49:03,WMT,91.01,7,ASK
2018-12-17 09:49:04,WMT,90.98,4,BID
2018-12-17 09:49:04,WMT,90.99,3,ASK
2018-12-17 09:49:04,WMT,90.98,5,BID
2018-12-17 09:49:03,WMT,91.01,6,ASK
2018-12-17 09:49:05,WMT,90.98,5,BID
2018-12-17 09:49:05,WMT,91.01,10,ASK
2018-12-17 09:49:05,WMT,90.98,4,BID
2018-12-17 09:49:06,WMT,90.99,4,ASK
2018-12-17 09:49:05,WMT,90.98,5,BID
2018-12-17 09:49:07,WMT,91.0,8,ASK
2018-12-17 09:49:05,WMT,90.98,5,BID
2018-12-17 09:49:07,WMT,91.0,8,ASK
2018-12-17 09:49:10,WMT,90.98,5,BID
2018-12-17 09:49:10,WMT,90.99,8,ASK
2018-12-17 09:49:11,WMT,90.99,5,BID
2018-12-17 09:49:08,WMT,91.0,7,ASK
2018-12-17 09:49:11,WMT,90.98,8,BID
2018-12-17 09:49:08,WMT,91.0,8,ASK
2018-12-17 09:49:11,WMT,90.98,8,BID
2018-12-17 09:49:08,WMT,91.0,8,ASK
2018-12-17 09:49:11,WMT,90.98,9,BID
2018-12-17 09:49:08,WMT,91.0,8,ASK
2018-12-17 09:49:16,WMT,90.99,5,BID
2018-12-17 09:49:15,WMT,91.02,11,ASK
2018-12-17 09:49:17,WMT,90.99,7,BID
2018-12-17 09:49:15,WMT,91.02,10,ASK
2018-12-17 09:49:17,WMT,90.99,7,BID
2018-12-17 09:49:15,WMT,91.02,9,ASK
2018-12-17 09:49:19,WMT,90.99,7,BID
2018-12-17 09:49:19,WMT,91.01,6,ASK
2018-12-17 09:49:20,WMT,90.99,9,BID
2018-12-17 09:49:20,WMT,91.01,5,ASK
2018-12-17 09:49:20,WMT,90.98,7,BID
2018-12-17 09:49:20,WMT,91.0,4,ASK
2018-12-17 09:49:03,WMT,90.97,6,BID
2018-12-17 09:49:21,WMT,90.99,8,ASK
2018-12-17 09:49:22,WMT,90.95,4,BID
2018-12-17 09:49:22,WMT,90.98,4,ASK
2018-12-17 09:49:22,WMT,90.95,4,BID
2018-12-17 09:49:22,WMT,90.97,11,ASK
2018-12-17 09:49:23,WMT,90.95,4,BID
2018-12-17 09:49:23,WMT,90.97,9,ASK
2018-12-17 09:49:23,WMT,90.95,4,BID
2018-12-17 09:49:24,WMT,90.97,3,ASK
2018-12-17 09:49:24,WMT,90.95,4,BID
2018-12-17 09:49:24,WMT,90.98,6,ASK
2018-12-17 09:49:24,WMT,90.95,3,BID
2018-12-17 09:49:26,WMT,90.97,11,ASK
2018-12-17 09:49:26,WMT,90.98,1,BID
2018-12-17 09:49:26,WMT,91.0,10,ASK
2018-12-17 09:49:27,WMT,90.98,2,BID
2018-12-17 09:49:27,WMT,91.0,8,ASK
2018-12-17 09:49:27,WMT,90.98,2,BID
2018-12-17 09:49:27,WMT,91.0,9,ASK
2018-12-17 09:49:27,WMT,90.96,3,BID
2018-12-17 09:49:27,WMT,90.98,5,ASK
2018-12-17 09:49:28,WMT,90.96,5,BID
2018-12-17 09:49:28,WMT,90.97,1,ASK
2018-12-17 09:49:28,WMT,90.96,7,BID
2018-12-17 09:49:28,WMT,90.97,4,ASK
2018-12-17 09:49:24,WMT,90.95,4,BID
2018-12-17 09:49:28,WMT,90.97,3,ASK
2018-12-17 09:49:24,WMT,90.95,4,BID
2018-12-17 09:49:29,WMT,90.97,5,ASK
2018-12-17 09:49:30,WMT,90.94,1,BID
2018-12-17 09:49:30,WMT,90.95,6,ASK
2018-12-17 09:49:32,WMT,90.93,3,BID
2018-12-17 09:49:31,WMT,90.95,11,ASK
2018-12-17 09:49:33,WMT,90.95,2,BID
2018-12-17 09:49:33,WMT,90.95,10,ASK
2018-12-17 09:49:33,WMT,90.95,6,BID
2018-12-17 09:49:34,WMT,90.96,8,ASK
2018-12-17 09:49:33,WMT,90.95,6,BID
2018-12-17 09:49:34,WMT,90.96,8,ASK
2018-12-17 09:49:36,WMT,90.95,5,BID
2018-12-17 09:49:36,WMT,90.97,4,ASK
2018-12-17 09:49:37,WMT,90.97,4,BID
2018-12-17 09:49:37,WMT,91.0,4,ASK
2018-12-17 09:49:39,WMT,90.97,2,BID
2018-12-17 09:49:39,WMT,90.99,5,ASK
2018-12-17 09:49:41,WMT,90.97,3,BID
2018-12-17 09:49:39,WMT,90.99,8,ASK
2018-12-17 09:49:41,WMT,90.97,5,BID
2018-12-17 09:49:39,WMT,90.99,9,ASK
2018-12-17 09:49:45,WMT,91.01,2,BID
2018-12-17 09:47:42,WMT,91.03,10,ASK
2018-12-17 09:49:46,WMT,91.0,8,BID
2018-12-17 09:49:46,WMT,91.01,1,ASK
2018-12-17 09:49:46,WMT,91.0,8,BID
2018-12-17 09:47:42,WMT,91.03,10,ASK
2018-12-17 09:49:46,WMT,91.0,8,BID
2018-12-17 09:49:50,WMT,91.03,14,ASK
2018-12-17 09:49:46,WMT,91.0,7,BID
2018-12-17 09:49:50,WMT,91.03,16,ASK
2018-12-17 09:49:46,WMT,91.0,7,BID
2018-12-17 09:49:52,WMT,91.02,6,ASK
2018-12-17 09:49:46,WMT,91.0,7,BID
2018-12-17 09:49:53,WMT,91.02,5,ASK
2018-12-17 09:49:46,WMT,91.0,8,BID
2018-12-17 09:49:55,WMT,91.02,5,ASK
2018-12-17 09:49:55,WMT,91.01,3,BID
2018-12-17 09:49:50,WMT,91.03,15,ASK
2018-12-17 09:49:57,WMT,91.0,8,BID
2018-12-17 09:49:57,WMT,91.02,3,ASK
2018-12-17 09:49:57,WMT,91.0,9,BID
2018-12-17 09:49:58,WMT,91.02,1,ASK
2018-12-17 09:49:57,WMT,91.0,10,BID
2018-12-17 09:49:59,WMT,91.01,1,ASK
2018-12-17 09:50:00,WMT,91.0,12,BID
2018-12-17 09:50:00,WMT,91.01,1,ASK
2018-12-17 09:50:01,WMT,91.0,4,BID
2018-12-17 09:50:00,WMT,91.02,8,ASK
2018-12-17 09:50:01,WMT,91.0,6,BID
2018-12-17 09:50:00,WMT,91.02,8,ASK
2018-12-17 09:50:03,WMT,91.0,8,BID
2018-12-17 09:50:03,WMT,91.02,9,ASK
2018-12-17 09:50:04,WMT,91.0,8,BID
2018-12-17 09:50:04,WMT,91.01,4,ASK
2018-12-17 09:50:05,WMT,90.99,5,BID
2018-12-17 09:50:05,WMT,91.01,5,ASK
2018-12-17 09:50:06,WMT,90.98,5,BID
2018-12-17 09:50:06,WMT,91.0,6,ASK
2018-12-17 09:50:07,WMT,90.98,6,BID
2018-12-17 09:50:07,WMT,91.01,6,ASK
2018-12-17 09:50:08,WMT,90.98,6,BID
2018-12-17 09:50:08,WMT,91.01,5,ASK
2018-12-17 09:50:08,WMT,90.98,6,BID
2018-12-17 09:50:08,WMT,91.01,9,ASK
2018-12-17 09:50:08,WMT,90.98,6,BID
2018-12-17 09:50:08,WMT,91.01,9,ASK
2018-12-17 09:50:11,WMT,90.99,4,BID
2018-12-17 09:50:11,WMT,91.01,7,ASK
2018-12-17 09:50:11,WMT,90.99,5,BID
2018-12-17 09:50:11,WMT,91.01,7,ASK
2018-12-17 09:50:11,WMT,90.99,6,BID
2018-12-17 09:50:10,WMT,91.01,7,ASK
2018-12-17 09:50:11,WMT,90.98,7,BID
2018-12-17 09:50:10,WMT,91.01,7,ASK
2018-12-17 09:50:11,WMT,90.98,7,BID
2018-12-17 09:50:15,WMT,91.0,2,ASK
2018-12-17 09:50:11,WMT,90.98,7,BID
2018-12-17 09:50:15,WMT,91.0,2,ASK
2018-12-17 09:50:11,WMT,90.98,7,BID
2018-12-17 09:50:17,WMT,91.0,3,ASK
2018-12-17 09:50:11,WMT,90.98,7,BID
2018-12-17 09:50:17,WMT,91.0,3,ASK
2018-12-17 09:49:41,WMT,90.97,5,BID
2018-12-17 09:50:19,WMT,90.98,3,ASK
2018-12-17 09:49:41,WMT,90.97,5,BID
2018-12-17 09:50:19,WMT,90.99,5,ASK
2018-12-17 09:50:21,WMT,90.96,5,BID
2018-12-17 09:50:21,WMT,90.99,6,ASK
2018-12-17 09:50:22,WMT,91.03,33,BID
2018-12-17 09:50:22,WMT,91.04,7,ASK
2018-12-17 09:50:23,WMT,90.99,4,BID
2018-12-17 09:50:23,WMT,91.01,1,ASK
2018-12-17 09:50:24,WMT,90.98,8,BID
2018-12-17 09:50:24,WMT,90.99,2,ASK
2018-12-17 09:50:25,WMT,90.98,8,BID
2018-12-17 09:50:25,WMT,91.0,8,ASK
2018-12-17 09:50:25,WMT,90.98,9,BID
2018-12-17 09:50:26,WMT,90.99,1,ASK
2018-12-17 09:50:27,WMT,90.97,6,BID
2018-12-17 09:50:26,WMT,90.99,11,ASK
2018-12-17 09:50:28,WMT,90.96,6,BID
2018-12-17 09:50:28,WMT,90.98,7,ASK
2018-12-17 09:50:29,WMT,90.96,6,BID
2018-12-17 09:50:29,WMT,90.98,12,ASK
2018-12-17 09:50:29,WMT,90.96,7,BID
2018-12-17 09:50:30,WMT,90.98,11,ASK
2018-12-17 09:50:31,WMT,90.97,1,BID
2018-12-17 09:50:31,WMT,90.98,7,ASK
2018-12-17 09:50:32,WMT,90.97,1,BID
2018-12-17 09:50:31,WMT,90.98,7,ASK
2018-12-17 09:50:32,WMT,90.97,1,BID
2018-12-17 09:50:31,WMT,90.98,7,ASK
2018-12-17 09:50:33,WMT,90.97,1,BID
2018-12-17 09:50:33,WMT,90.98,5,ASK
2018-12-17 09:50:34,WMT,90.97,3,BID
2018-12-17 09:50:34,WMT,90.98,5,ASK
2018-12-17 09:50:36,WMT,90.97,9,BID
2018-12-17 09:50:36,WMT,90.99,11,ASK
2018-12-17 09:50:37,WMT,90.97,9,BID
2018-12-17 09:50:37,WMT,90.99,11,ASK
2018-12-17 09:50:38,WMT,91.0,9,BID
2018-12-17 09:50:38,WMT,91.02,6,ASK
2018-12-17 09:50:38,WMT,91.0,10,BID
2018-12-17 09:50:39,WMT,91.02,5,ASK
2018-12-17 09:50:38,WMT,91.0,10,BID
2018-12-17 09:50:39,WMT,91.02,5,ASK
2018-12-17 09:50:41,WMT,91.01,8,BID
2018-12-17 09:50:41,WMT,91.03,5,ASK
2018-12-17 09:50:42,WMT,91.01,9,BID
2018-12-17 09:50:42,WMT,91.03,6,ASK
2018-12-17 09:50:42,WMT,91.01,9,BID
2018-12-17 09:50:43,WMT,91.03,6,ASK
2018-12-17 09:50:44,WMT,91.02,10,BID
2018-12-17 09:50:41,WMT,91.04,9,ASK
2018-12-17 09:50:45,WMT,91.02,10,BID
2018-12-17 09:50:45,WMT,91.04,9,ASK
2018-12-17 09:50:46,WMT,91.04,3,BID
2018-12-17 09:47:41,WMT,91.05,9,ASK
2018-12-17 09:50:46,WMT,91.04,3,BID
2018-12-17 09:47:41,WMT,91.05,9,ASK
2018-12-17 09:50:48,WMT,91.05,7,BID
2018-12-17 09:50:48,WMT,91.08,3,ASK
2018-12-17 09:50:48,WMT,91.05,2,BID
2018-12-17 09:50:48,WMT,91.07,6,ASK
2018-12-17 09:50:50,WMT,91.05,9,BID
2018-12-17 09:50:50,WMT,91.08,5,ASK
2018-12-17 09:50:50,WMT,91.05,6,BID
2018-12-17 09:50:51,WMT,91.07,5,ASK
2018-12-17 09:50:50,WMT,91.05,6,BID
2018-12-17 09:50:51,WMT,91.07,11,ASK
2018-12-17 09:50:53,WMT,91.06,1,BID
2018-12-17 09:50:51,WMT,91.07,10,ASK
2018-12-17 09:50:54,WMT,91.05,8,BID
2018-12-17 09:50:54,WMT,91.06,5,ASK
2018-12-17 09:50:54,WMT,91.05,8,BID
2018-12-17 09:50:55,WMT,91.07,7,ASK
2018-12-17 09:50:54,WMT,91.05,8,BID
2018-12-17 09:50:55,WMT,91.07,7,ASK
2018-12-17 09:50:54,WMT,91.05,8,BID
2018-12-17 09:50:55,WMT,91.06,1,ASK
2018-12-17 09:50:58,WMT,91.05,9,BID
2018-12-17 09:50:58,WMT,91.06,2,ASK
2018-12-17 09:50:58,WMT,91.06,1,BID
2018-12-17 09:50:58,WMT,91.07,6,ASK
2018-12-17 09:51:00,WMT,91.06,7,BID
2018-12-17 09:51:00,WMT,91.07,3,ASK
2018-12-17 09:51:01,WMT,91.07,4,BID
2018-12-17 09:47:39,WMT,91.1,8,ASK
2018-12-17 09:51:02,WMT,91.08,3,BID
2018-12-17 09:47:39,WMT,91.1,7,ASK
2018-12-17 09:51:03,WMT,91.07,8,BID
2018-12-17 09:51:03,WMT,91.09,3,ASK
2018-12-17 09:51:04,WMT,91.06,5,BID
2018-12-17 09:51:04,WMT,91.07,8,ASK
2018-12-17 09:51:05,WMT,91.05,10,BID
2018-12-17 09:51:05,WMT,91.06,7,ASK
2018-12-17 09:51:06,WMT,91.06,1,BID
2018-12-17 09:51:06,WMT,91.07,8,ASK
2018-12-17 09:51:07,WMT,91.06,4,BID
2018-12-17 09:51:07,WMT,91.08,10,ASK
2018-12-17 09:51:05,WMT,91.05,12,BID
2018-12-17 09:51:08,WMT,91.08,10,ASK
2018-12-17 09:51:05,WMT,91.05,11,BID
2018-12-17 09:51:08,WMT,91.08,10,ASK
2018-12-17 09:51:10,WMT,91.03,2,BID
2018-12-17 09:51:10,WMT,91.04,3,ASK
2018-12-17 09:51:10,WMT,91.03,3,BID
2018-12-17 09:51:10,WMT,91.04,3,ASK
2018-12-17 09:51:12,WMT,91.04,11,BID
2018-12-17 09:51:12,WMT,91.05,4,ASK
2018-12-17 09:51:12,WMT,91.03,9,BID
2018-12-17 09:51:13,WMT,91.04,4,ASK
2018-12-17 09:51:14,WMT,90.99,5,BID
2018-12-17 09:51:14,WMT,91.0,1,ASK
2018-12-17 09:51:14,WMT,90.99,5,BID
2018-12-17 09:51:14,WMT,91.0,1,ASK
2018-12-17 09:51:15,WMT,90.99,6,BID
2018-12-17 09:51:15,WMT,91.01,3,ASK
2018-12-17 09:51:16,WMT,90.99,4,BID
2018-12-17 09:51:16,WMT,91.0,4,ASK
2018-12-17 09:51:17,WMT,91.0,4,BID
2018-12-17 09:51:17,WMT,91.01,7,ASK
2018-12-17 09:51:17,WMT,91.0,14,BID
2018-12-17 09:51:18,WMT,91.03,6,ASK
2018-12-17 09:51:18,WMT,91.02,2,BID
2018-12-17 09:51:18,WMT,91.03,6,ASK
2018-12-17 09:51:17,WMT,91.0,13,BID
2018-12-17 09:51:19,WMT,91.03,7,ASK
2018-12-17 09:51:21,WMT,91.01,4,BID
2018-12-17 09:51:19,WMT,91.03,7,ASK
2018-12-17 09:51:23,WMT,91.01,7,BID
2018-12-17 09:51:19,WMT,91.03,6,ASK
2018-12-17 09:51:24,WMT,91.03,1,BID
2018-12-17 09:51:24,WMT,91.05,6,ASK
2018-12-17 09:51:25,WMT,91.02,7,BID
2018-12-17 09:51:25,WMT,91.05,2,ASK
2018-12-17 09:51:26,WMT,91.02,8,BID
2018-12-17 09:51:26,WMT,91.04,2,ASK
2018-12-17 09:51:27,WMT,91.03,5,BID
2018-12-17 09:51:27,WMT,91.06,12,ASK
2018-12-17 09:51:28,WMT,91.05,6,BID
2018-12-17 09:51:07,WMT,91.08,9,ASK
2018-12-17 09:51:29,WMT,91.04,5,BID
2018-12-17 09:51:29,WMT,91.08,7,ASK
2018-12-17 09:51:30,WMT,91.06,6,BID
2018-12-17 09:51:30,WMT,91.08,7,ASK
2018-12-17 09:51:31,WMT,91.08,5,BID
2018-12-17 09:51:31,WMT,91.1,8,ASK
2018-12-17 09:51:31,WMT,91.07,6,BID
2018-12-17 09:51:31,WMT,91.1,9,ASK
2018-12-17 09:51:32,WMT,91.07,5,BID
2018-12-17 09:51:31,WMT,91.1,10,ASK
2018-12-17 09:51:32,WMT,91.07,6,BID
2018-12-17 09:51:33,WMT,91.1,10,ASK
2018-12-17 09:51:34,WMT,91.09,4,BID
2018-12-17 09:51:33,WMT,91.11,5,ASK
2018-12-17 09:51:36,WMT,91.07,8,BID
2018-12-17 09:51:36,WMT,91.09,7,ASK
2018-12-17 09:51:37,WMT,91.07,15,BID
2018-12-17 09:51:37,WMT,91.09,10,ASK
2018-12-17 09:51:37,WMT,91.07,15,BID
2018-12-17 09:51:38,WMT,91.09,11,ASK
2018-12-17 09:51:37,WMT,91.07,15,BID
2018-12-17 09:51:39,WMT,91.09,11,ASK
2018-12-17 09:51:37,WMT,91.07,15,BID
2018-12-17 09:51:40,WMT,91.09,10,ASK
2018-12-17 09:51:41,WMT,91.09,3,BID
2018-12-17 09:51:41,WMT,91.11,10,ASK
2018-12-17 09:51:42,WMT,91.08,5,BID
2018-12-17 09:51:42,WMT,91.11,12,ASK
2018-12-17 09:51:43,WMT,91.11,3,BID
2018-12-17 09:51:43,WMT,91.12,15,ASK
2018-12-17 09:51:44,WMT,91.11,1,BID
2018-12-17 09:51:44,WMT,91.12,15,ASK
2018-12-17 09:51:45,WMT,91.12,3,BID
2018-12-17 09:51:45,WMT,91.14,3,ASK
2018-12-17 09:51:46,WMT,91.11,4,BID
2018-12-17 09:51:46,WMT,91.13,4,ASK
2018-12-17 09:51:47,WMT,91.11,4,BID
2018-12-17 09:51:47,WMT,91.12,1,ASK
2018-12-17 09:51:48,WMT,91.11,4,BID
2018-12-17 09:51:48,WMT,91.13,5,ASK
2018-12-17 09:51:49,WMT,91.11,4,BID
2018-12-17 09:51:49,WMT,91.12,1,ASK
2018-12-17 09:51:50,WMT,91.11,4,BID
2018-12-17 09:51:50,WMT,91.13,4,ASK
2018-12-17 09:51:50,WMT,91.11,4,BID
2018-12-17 09:51:50,WMT,91.13,4,ASK
2018-12-17 09:51:52,WMT,91.11,4,BID
2018-12-17 09:51:52,WMT,91.12,1,ASK
2018-12-17 09:51:53,WMT,91.12,2,BID
2018-12-17 09:51:49,WMT,91.14,6,ASK
2018-12-17 09:51:54,WMT,91.12,3,BID
2018-12-17 09:51:49,WMT,91.14,6,ASK
2018-12-17 09:51:55,WMT,91.12,5,BID
2018-12-17 09:51:49,WMT,91.14,6,ASK
2018-12-17 09:51:56,WMT,91.13,1,BID
2018-12-17 09:51:49,WMT,91.14,6,ASK
2018-12-17 09:51:57,WMT,91.13,5,BID
2018-12-17 09:51:57,WMT,91.15,4,ASK
2018-12-17 09:51:59,WMT,91.14,4,BID
2018-12-17 09:51:59,WMT,91.17,5,ASK
2018-12-17 09:51:59,WMT,91.14,4,BID
2018-12-17 09:51:59,WMT,91.15,1,ASK
2018-12-17 09:52:00,WMT,91.13,6,BID
2018-12-17 09:52:00,WMT,91.15,6,ASK
2018-12-17 09:52:01,WMT,91.13,7,BID
2018-12-17 09:52:00,WMT,91.14,2,ASK
2018-12-17 09:52:01,WMT,91.14,5,BID
2018-12-17 09:52:01,WMT,91.17,8,ASK
2018-12-17 09:52:03,WMT,91.15,2,BID
2018-12-17 09:52:03,WMT,91.17,8,ASK
2018-12-17 09:52:03,WMT,91.15,2,BID
2018-12-17 09:52:03,WMT,91.17,8,ASK
2018-12-17 09:52:05,WMT,91.14,1,BID
2018-12-17 09:52:05,WMT,91.16,7,ASK
2018-12-17 09:52:06,WMT,91.14,2,BID
2018-12-17 09:52:05,WMT,91.16,6,ASK
2018-12-17 09:52:07,WMT,91.15,1,BID
2018-12-17 09:52:07,WMT,91.16,7,ASK
2018-12-17 09:52:08,WMT,91.14,1,BID
2018-12-17 09:52:08,WMT,91.15,1,ASK
2018-12-17 09:52:05,WMT,91.13,6,BID
2018-12-17 09:52:09,WMT,91.14,2,ASK
2018-12-17 09:52:10,WMT,91.13,2,BID
2018-12-17 09:52:10,WMT,91.14,3,ASK
2018-12-17 09:52:11,WMT,91.13,7,BID
2018-12-17 09:52:11,WMT,91.15,5,ASK
2018-12-17 09:52:11,WMT,91.13,7,BID
2018-12-17 09:52:11,WMT,91.15,5,ASK
2018-12-17 09:52:13,WMT,91.13,4,BID
2018-12-17 09:52:13,WMT,91.16,2,ASK
2018-12-17 09:52:14,WMT,91.13,6,BID
2018-12-17 09:52:14,WMT,91.16,2,ASK
2018-12-17 09:52:14,WMT,91.13,6,BID
2018-12-17 09:52:16,WMT,91.15,3,ASK
2018-12-17 09:52:14,WMT,91.12,7,BID
2018-12-17 09:52:16,WMT,91.14,3,ASK
2018-12-17 09:52:17,WMT,91.12,6,BID
2018-12-17 09:52:17,WMT,91.14,5,ASK
2018-12-17 09:52:17,WMT,91.12,6,BID
2018-12-17 09:52:18,WMT,91.13,2,ASK
2018-12-17 09:52:17,WMT,91.12,6,BID
2018-12-17 09:52:18,WMT,91.14,6,ASK
2018-12-17 09:52:17,WMT,91.12,7,BID
2018-12-17 09:52:18,WMT,91.14,5,ASK
2018-12-17 09:52:17,WMT,91.12,7,BID
2018-12-17 09:52:21,WMT,91.14,4,ASK
2018-12-17 09:52:17,WMT,91.12,7,BID
2018-12-17 09:52:21,WMT,91.15,5,ASK
2018-12-17 09:52:17,WMT,91.12,6,BID
2018-12-17 09:52:23,WMT,91.14,2,ASK
2018-12-17 09:52:17,WMT,91.12,6,BID
2018-12-17 09:52:23,WMT,91.14,2,ASK
2018-12-17 09:52:17,WMT,91.12,6,BID
2018-12-17 09:52:23,WMT,91.14,2,ASK
2018-12-17 09:52:26,WMT,91.13,6,BID
2018-12-17 09:52:26,WMT,91.15,2,ASK
2018-12-17 09:52:27,WMT,91.13,7,BID
2018-12-17 09:52:28,WMT,91.15,5,ASK
2018-12-17 09:52:28,WMT,91.14,6,BID
2018-12-17 09:52:28,WMT,91.15,1,ASK
2018-12-17 09:52:30,WMT,91.14,4,BID
2018-12-17 09:52:30,WMT,91.16,5,ASK
2018-12-17 09:52:30,WMT,91.15,1,BID
2018-12-17 09:52:28,WMT,91.17,13,ASK
2018-12-17 09:52:31,WMT,91.15,17,BID
2018-12-17 09:52:31,WMT,91.16,1,ASK
2018-12-17 09:52:33,WMT,91.18,3,BID
2018-12-17 09:52:33,WMT,91.2,7,ASK
2018-12-17 09:52:33,WMT,91.17,5,BID
2018-12-17 09:52:33,WMT,91.2,11,ASK
2018-12-17 09:52:33,WMT,91.17,6,BID
2018-12-17 09:52:34,WMT,91.18,1,ASK
2018-12-17 09:52:35,WMT,91.17,7,BID
2018-12-17 09:52:35,WMT,91.19,6,ASK
2018-12-17 09:52:35,WMT,91.17,7,BID
2018-12-17 09:52:36,WMT,91.19,6,ASK
2018-12-17 09:52:35,WMT,91.17,7,BID
2018-12-17 09:52:37,WMT,91.19,6,ASK
2018-12-17 09:52:35,WMT,91.17,7,BID
2018-12-17 09:52:37,WMT,91.19,6,ASK
2018-12-17 09:52:35,WMT,91.17,7,BID
2018-12-17 09:52:39,WMT,91.18,1,ASK
2018-12-17 09:52:35,WMT,91.17,7,BID
2018-12-17 09:52:39,WMT,91.18,1,ASK
2018-12-17 09:52:41,WMT,91.18,7,BID
2018-12-17 09:52:41,WMT,91.19,9,ASK
2018-12-17 09:52:42,WMT,91.2,6,BID
2018-12-17 09:40:19,WMT,91.22,11,ASK
2018-12-17 09:52:43,WMT,91.2,8,BID
2018-12-17 09:40:19,WMT,91.22,11,ASK
2018-12-17 09:52:44,WMT,91.2,6,BID
2018-12-17 09:40:19,WMT,91.22,11,ASK
2018-12-17 09:52:44,WMT,91.2,6,BID
2018-12-17 09:40:19,WMT,91.22,13,ASK
2018-12-17 09:52:47,WMT,91.19,5,BID
2018-12-17 09:40:19,WMT,91.22,12,ASK
2018-12-17 09:52:47,WMT,91.19,7,BID
2018-12-17 09:52:47,WMT,91.21,5,ASK
2018-12-17 09:52:48,WMT,91.19,7,BID
2018-12-17 09:52:48,WMT,91.21,5,ASK
2018-12-17 09:52:48,WMT,91.19,7,BID
2018-12-17 09:52:48,WMT,91.21,5,ASK
2018-12-17 09:52:50,WMT,91.21,5,BID
2018-12-17 09:52:50,WMT,91.24,7,ASK
2018-12-17 09:52:50,WMT,91.21,5,BID
2018-12-17 09:52:50,WMT,91.24,7,ASK
2018-12-17 09:52:50,WMT,91.21,5,BID
2018-12-17 09:52:50,WMT,91.24,7,ASK
2018-12-17 09:52:53,WMT,91.21,9,BID
2018-12-17 09:52:50,WMT,91.24,7,ASK
2018-12-17 09:52:53,WMT,91.21,7,BID
2018-12-17 09:52:50,WMT,91.24,8,ASK
2018-12-17 09:52:56,WMT,91.18,7,BID
2018-12-17 09:52:56,WMT,91.21,5,ASK
2018-12-17 09:52:56,WMT,91.19,2,BID
2018-12-17 09:52:56,WMT,91.21,5,ASK
2018-12-17 09:52:56,WMT,91.19,2,BID
2018-12-17 09:52:57,WMT,91.21,5,ASK
2018-12-17 09:52:59,WMT,91.2,4,BID
2018-12-17 09:52:59,WMT,91.22,3,ASK
2018-12-17 09:52:59,WMT,91.2,5,BID
2018-12-17 09:52:59,WMT,91.22,7,ASK
2018-12-17 09:52:59,WMT,91.2,5,BID
2018-12-17 09:52:59,WMT,91.22,8,ASK
2018-12-17 09:52:59,WMT,91.2,6,BID
2018-12-17 09:52:59,WMT,91.22,7,ASK
2018-12-17 09:53:03,WMT,91.21,4,BID
2018-12-17 09:53:03,WMT,91.23,5,ASK
2018-12-17 09:53:03,WMT,91.21,4,BID
2018-12-17 09:53:03,WMT,91.23,6,ASK
2018-12-17 09:53:05,WMT,91.21,4,BID
2018-12-17 09:53:03,WMT,91.23,5,ASK
2018-12-17 09:53:05,WMT,91.21,4,BID
2018-12-17 09:53:03,WMT,91.23,5,ASK
2018-12-17 09:53:06,WMT,91.21,5,BID
2018-12-17 09:53:03,WMT,91.23,5,ASK
2018-12-17 09:53:07,WMT,91.22,6,BID
2018-12-17 09:52:50,WMT,91.24,8,ASK
2018-12-17 09:52:56,WMT,91.18,7,BID
2018-12-17 09:53:09,WMT,91.19,5,ASK
2018-12-17 09:52:56,WMT,91.18,8,BID
2018-12-17 09:53:09,WMT,91.19,4,ASK
2018-12-17 09:52:56,WMT,91.18,8,BID
2018-12-17 09:53:09,WMT,91.19,4,ASK
2018-12-17 09:53:11,WMT,91.15,4,BID
2018-12-17 09:53:11,WMT,91.17,3,ASK
2018-12-17 09:53:12,WMT,91.15,6,BID
2018-12-17 09:53:12,WMT,91.17,6,ASK
2018-12-17 09:53:12,WMT,91.15,6,BID
2018-12-17 09:53:12,WMT,91.17,6,ASK
2018-12-17 09:53:15,WMT,91.15,4,BID
2018-12-17 09:53:15,WMT,91.16,1,ASK
2018-12-17 09:53:15,WMT,91.15,3,BID
2018-12-17 09:53:16,WMT,91.16,3,ASK
2018-12-17 09:53:17,WMT,91.16,4,BID
2018-12-17 09:53:17,WMT,91.17,3,ASK
2018-12-17 09:53:17,WMT,91.17,4,BID
2018-12-17 09:53:17,WMT,91.19,8,ASK
2018-12-17 09:53:17,WMT,91.18,6,BID
2018-12-17 09:53:09,WMT,91.2,15,ASK
2018-12-17 09:53:18,WMT,91.2,2,BID
2018-12-17 09:53:08,WMT,91.22,6,ASK
2018-12-17 09:53:18,WMT,91.2,6,BID
2018-12-17 09:53:18,WMT,91.22,6,ASK
2018-12-17 09:53:19,WMT,91.22,4,BID
2018-12-17 09:53:19,WMT,91.24,8,ASK
2018-12-17 09:53:19,WMT,91.22,4,BID
2018-12-17 09:53:19,WMT,91.24,9,ASK
2018-12-17 09:53:23,WMT,91.2,2,BID
2018-12-17 09:53:22,WMT,91.21,3,ASK
2018-12-17 09:53:24,WMT,91.19,5,BID
2018-12-17 09:53:22,WMT,91.21,3,ASK
2018-12-17 09:53:24,WMT,91.19,5,BID
2018-12-17 09:53:25,WMT,91.21,3,ASK
2018-12-17 09:53:27,WMT,91.17,6,BID
2018-12-17 09:53:27,WMT,91.19,4,ASK
2018-12-17 09:53:27,WMT,91.17,5,BID
2018-12-17 09:53:27,WMT,91.19,5,ASK
2018-12-17 09:53:17,WMT,91.16,4,BID
2018-12-17 09:53:29,WMT,91.19,5,ASK
2018-12-17 09:53:29,WMT,91.15,5,BID
2018-12-17 09:53:29,WMT,91.17,5,ASK
2018-12-17 09:53:30,WMT,91.15,6,BID
2018-12-17 09:53:30,WMT,91.17,5,ASK
2018-12-17 09:53:31,WMT,91.15,5,BID
2018-12-17 09:53:31,WMT,91.16,3,ASK
2018-12-17 09:53:32,WMT,91.13,5,BID
2018-12-17 09:53:32,WMT,91.14,4,ASK
2018-12-17 09:53:33,WMT,91.12,1,BID
2018-12-17 09:53:33,WMT,91.14,8,ASK
2018-12-17 09:53:34,WMT,91.12,1,BID
2018-12-17 09:53:34,WMT,91.14,9,ASK
2018-12-17 09:53:35,WMT,91.09,7,BID
2018-12-17 09:53:35,WMT,91.12,6,ASK
2018-12-17 09:53:35,WMT,91.09,6,BID
2018-12-17 09:53:35,WMT,91.11,1,ASK
2018-12-17 09:53:35,WMT,91.09,11,BID
2018-12-17 09:53:35,WMT,91.12,7,ASK
2018-12-17 09:53:37,WMT,91.09,8,BID
2018-12-17 09:53:35,WMT,91.12,7,ASK
2018-12-17 09:53:39,WMT,91.1,2,BID
2018-12-17 09:53:35,WMT,91.12,7,ASK
2018-12-17 09:53:40,WMT,91.11,6,BID
2018-12-17 09:53:40,WMT,91.12,1,ASK
2018-12-17 09:53:41,WMT,91.11,6,BID
2018-12-17 09:53:41,WMT,91.12,5,ASK
2018-12-17 09:53:41,WMT,91.11,6,BID
2018-12-17 09:53:41,WMT,91.12,5,ASK
2018-12-17 09:53:43,WMT,91.11,7,BID
2018-12-17 09:53:44,WMT,91.12,1,ASK
2018-12-17 09:53:43,WMT,91.11,7,BID
2018-12-17 09:53:45,WMT,91.13,1,ASK
2018-12-17 09:53:46,WMT,91.12,1,BID
2018-12-17 09:53:46,WMT,91.13,6,ASK
2018-12-17 09:53:47,WMT,91.12,1,BID
2018-12-17 09:53:46,WMT,91.13,6,ASK
2018-12-17 09:53:48,WMT,91.12,8,BID
2018-12-17 09:53:48,WMT,91.14,1,ASK
2018-12-17 09:53:49,WMT,91.12,8,BID
2018-12-17 09:53:49,WMT,91.14,3,ASK
2018-12-17 09:53:49,WMT,91.12,9,BID
2018-12-17 09:53:50,WMT,91.15,7,ASK
2018-12-17 09:53:51,WMT,91.14,4,BID
2018-12-17 09:53:51,WMT,91.16,5,ASK
2018-12-17 09:53:52,WMT,91.16,3,BID
2018-12-17 09:53:52,WMT,91.18,3,ASK
2018-12-17 09:53:52,WMT,91.16,6,BID
2018-12-17 09:53:52,WMT,91.19,5,ASK
2018-12-17 09:53:53,WMT,91.17,1,BID
2018-12-17 09:53:53,WMT,91.19,7,ASK
2018-12-17 09:53:54,WMT,91.18,7,BID
2018-12-17 09:53:54,WMT,91.2,3,ASK
2018-12-17 09:53:54,WMT,91.19,4,BID
2018-12-17 09:53:54,WMT,91.2,3,ASK
2018-12-17 09:53:54,WMT,91.18,27,BID
2018-12-17 09:53:57,WMT,91.2,6,ASK
2018-12-17 09:53:54,WMT,91.18,27,BID
2018-12-17 09:53:57,WMT,91.2,6,ASK
2018-12-17 09:53:54,WMT,91.18,27,BID
2018-12-17 09:53:58,WMT,91.2,7,ASK
2018-12-17 09:53:54,WMT,91.18,27,BID
2018-12-17 09:54:00,WMT,91.2,7,ASK
2018-12-17 09:53:54,WMT,91.18,27,BID
2018-12-17 09:54:00,WMT,91.2,7,ASK
2018-12-17 09:53:54,WMT,91.18,27,BID
2018-12-17 09:54:02,WMT,91.2,6,ASK
2018-12-17 09:53:54,WMT,91.18,27,BID
2018-12-17 09:54:02,WMT,91.2,6,ASK
2018-12-17 09:54:04,WMT,91.19,1,BID
2018-12-17 09:54:04,WMT,91.2,8,ASK
2018-12-17 09:53:54,WMT,91.18,28,BID
2018-12-17 09:54:04,WMT,91.2,8,ASK
2018-12-17 09:54:06,WMT,91.19,4,BID
2018-12-17 09:54:06,WMT,91.21,6,ASK
2018-12-17 09:54:06,WMT,91.2,4,BID
2018-12-17 09:54:06,WMT,91.22,8,ASK
2018-12-17 09:54:07,WMT,91.2,4,BID
2018-12-17 09:54:06,WMT,91.22,9,ASK
2018-12-17 09:53:54,WMT,91.18,29,BID
2018-12-17 09:54:08,WMT,91.21,4,ASK
2018-12-17 09:54:09,WMT,91.19,6,BID
2018-12-17 09:54:06,WMT,91.22,9,ASK
2018-12-17 09:53:54,WMT,91.18,27,BID
2018-12-17 09:54:06,WMT,91.22,10,ASK
2018-12-17 09:54:10,WMT,91.19,3,BID
2018-12-17 09:54:06,WMT,91.22,9,ASK
2018-12-17 09:53:54,WMT,91.18,28,BID
2018-12-17 09:54:06,WMT,91.22,9,ASK
2018-12-17 09:54:13,WMT,91.17,1,BID
2018-12-17 09:54:13,WMT,91.19,7,ASK
2018-12-17 09:54:14,WMT,91.14,6,BID
2018-12-17 09:54:14,WMT,91.16,1,ASK
2018-12-17 09:54:14,WMT,91.15,4,BID
2018-12-17 09:54:15,WMT,91.16,1,ASK
2018-12-17 09:54:15,WMT,91.15,8,BID
2018-12-17 09:54:15,WMT,91.17,9,ASK
2018-12-17 09:54:15,WMT,91.15,8,BID
2018-12-17 09:54:15,WMT,91.17,9,ASK
2018-12-17 09:54:18,WMT,91.17,1,BID
2018-12-17 09:54:18,WMT,91.18,5,ASK
2018-12-17 09:54:19,WMT,91.16,7,BID
2018-12-17 09:54:19,WMT,91.17,2,ASK
2018-12-17 09:54:19,WMT,91.16,7,BID
2018-12-17 09:54:19,WMT,91.17,2,ASK
2018-12-17 09:53:47,WMT,91.12,9,BID
2018-12-17 09:54:22,WMT,91.15,5,ASK
2018-12-17 09:53:47,WMT,91.12,9,BID
2018-12-17 09:54:23,WMT,91.15,7,ASK
2018-12-17 09:54:24,WMT,91.12,9,BID
2018-12-17 09:54:23,WMT,91.15,8,ASK
2018-12-17 09:54:24,WMT,91.12,8,BID
2018-12-17 09:54:25,WMT,91.14,3,ASK
2018-12-17 09:54:26,WMT,91.1,1,BID
2018-12-17 09:54:26,WMT,91.11,4,ASK
2018-12-17 09:54:27,WMT,91.09,5,BID
2018-12-17 09:54:26,WMT,91.12,4,ASK
2018-12-17 09:54:28,WMT,91.09,8,BID
2018-12-17 09:54:28,WMT,91.12,8,ASK
2018-12-17 09:54:28,WMT,91.09,8,BID
2018-12-17 09:54:28,WMT,91.12,8,ASK
2018-12-17 09:54:30,WMT,91.09,9,BID
2018-12-17 09:54:28,WMT,91.12,8,ASK
2018-12-17 09:54:30,WMT,91.09,9,BID
2018-12-17 09:54:28,WMT,91.12,8,ASK
2018-12-17 09:54:30,WMT,91.09,9,BID
2018-12-17 09:54:28,WMT,91.12,8,ASK
2018-12-17 09:54:33,WMT,91.1,3,BID
2018-12-17 09:54:33,WMT,91.11,3,ASK
2018-12-17 09:54:34,WMT,91.1,7,BID
2018-12-17 09:54:33,WMT,91.11,3,ASK
2018-12-17 09:54:35,WMT,91.12,8,BID
2018-12-17 09:54:35,WMT,91.15,5,ASK
2018-12-17 09:54:36,WMT,91.13,4,BID
2018-12-17 09:54:36,WMT,91.15,6,ASK
2018-12-17 09:54:37,WMT,91.13,4,BID
2018-12-17 09:54:37,WMT,91.15,9,ASK
2018-12-17 09:54:37,WMT,91.13,4,BID
2018-12-17 09:54:37,WMT,91.15,9,ASK
2018-12-17 09:54:39,WMT,91.13,6,BID
2018-12-17 09:54:39,WMT,91.14,1,ASK
2018-12-17 09:54:40,WMT,91.14,4,BID
2018-12-17 09:54:40,WMT,91.15,9,ASK
2018-12-17 09:54:41,WMT,91.14,4,BID
2018-12-17 09:54:40,WMT,91.15,7,ASK
2018-12-17 09:54:42,WMT,91.16,2,BID
2018-12-17 09:54:41,WMT,91.18,10,ASK
2018-12-17 09:54:43,WMT,91.18,1,BID
2018-12-17 09:54:13,WMT,91.19,7,ASK
2018-12-17 09:54:44,WMT,91.18,3,BID
2018-12-17 09:54:13,WMT,91.19,7,ASK
2018-12-17 09:54:44,WMT,91.18,4,BID
2018-12-17 09:54:13,WMT,91.19,7,ASK
2018-12-17 09:54:46,WMT,91.17,2,BID
2018-12-17 09:54:46,WMT,91.18,1,ASK
2018-12-17 09:54:47,WMT,91.17,5,BID
2018-12-17 09:54:47,WMT,91.18,4,ASK
2018-12-17 09:54:48,WMT,91.15,5,BID
2018-12-17 09:54:48,WMT,91.17,7,ASK
2018-12-17 09:54:49,WMT,91.15,2,BID
2018-12-17 09:54:49,WMT,91.17,7,ASK
2018-12-17 09:54:50,WMT,91.16,4,BID
2018-12-17 09:54:50,WMT,91.18,6,ASK
2018-12-17 09:54:51,WMT,91.15,6,BID
2018-12-17 09:54:51,WMT,91.18,6,ASK
2018-12-17 09:54:52,WMT,91.16,6,BID
2018-12-17 09:54:51,WMT,91.18,6,ASK
2018-12-17 09:54:53,WMT,91.16,9,BID
2018-12-17 09:54:51,WMT,91.18,4,ASK
2018-12-17 09:54:54,WMT,91.17,5,BID
2018-12-17 09:54:54,WMT,91.19,4,ASK
2018-12-17 09:54:55,WMT,91.18,2,BID
2018-12-17 09:54:54,WMT,91.19,4,ASK
2018-12-17 09:54:55,WMT,91.18,2,BID
2018-12-17 09:54:54,WMT,91.19,4,ASK
2018-12-17 09:54:57,WMT,91.18,3,BID
2018-12-17 09:54:54,WMT,91.19,4,ASK
2018-12-17 09:54:57,WMT,91.18,3,BID
2018-12-17 09:54:54,WMT,91.19,4,ASK
2018-12-17 09:54:59,WMT,91.16,7,BID
2018-12-17 09:54:59,WMT,91.18,7,ASK
2018-12-17 09:55:00,WMT,91.17,5,BID
2018-12-17 09:55:00,WMT,91.18,1,ASK
2018-12-17 09:55:00,WMT,91.19,8,BID
2018-12-17 09:55:01,WMT,91.2,5,ASK
2018-12-17 09:55:01,WMT,91.18,3,BID
2018-12-17 09:55:01,WMT,91.19,1,ASK
2018-12-17 09:55:01,WMT,91.18,4,BID
2018-12-17 09:55:01,WMT,91.2,2,ASK
2018-12-17 09:55:01,WMT,91.18,6,BID
2018-12-17 09:55:01,WMT,91.2,3,ASK
2018-12-17 09:55:03,WMT,91.18,6,BID
2018-12-17 09:55:03,WMT,91.2,9,ASK
2018-12-17 09:55:03,WMT,91.18,6,BID
2018-12-17 09:55:03,WMT,91.2,9,ASK
2018-12-17 09:55:04,WMT,91.19,5,BID
2018-12-17 09:55:04,WMT,91.21,6,ASK
2018-12-17 09:55:04,WMT,91.2,6,BID
2018-12-17 09:55:04,WMT,91.21,7,ASK
2018-12-17 09:55:05,WMT,91.18,6,BID
2018-12-17 09:55:05,WMT,91.19,1,ASK
2018-12-17 09:55:08,WMT,91.18,8,BID
2018-12-17 09:55:08,WMT,91.2,7,ASK
2018-12-17 09:55:09,WMT,91.18,1,BID
2018-12-17 09:55:09,WMT,91.19,5,ASK
2018-12-17 09:55:11,WMT,91.18,4,BID
2018-12-17 09:55:11,WMT,91.2,10,ASK
2018-12-17 09:55:11,WMT,91.18,7,BID
2018-12-17 09:55:11,WMT,91.2,8,ASK
2018-12-17 09:55:11,WMT,91.18,7,BID
2018-12-17 09:55:07,WMT,91.2,8,ASK
2018-12-17 09:55:15,WMT,91.2,8,BID
2018-12-17 09:55:15,WMT,91.22,11,ASK
2018-12-17 09:55:16,WMT,91.22,7,BID
2018-12-17 09:55:16,WMT,91.23,1,ASK
2018-12-17 09:55:17,WMT,91.23,4,BID
2018-12-17 09:55:17,WMT,91.24,8,ASK
2018-12-17 09:55:18,WMT,91.22,1,BID
2018-12-17 09:55:18,WMT,91.23,4,ASK
2018-12-17 09:55:19,WMT,91.21,1,BID
2018-12-17 09:55:19,WMT,91.22,7,ASK
2018-12-17 09:55:20,WMT,91.19,5,BID
2018-12-17 09:55:20,WMT,91.2,1,ASK
2018-12-17 09:55:20,WMT,91.18,6,BID
2018-12-17 09:55:20,WMT,91.2,6,ASK
2018-12-17 09:55:22,WMT,91.17,8,BID
2018-12-17 09:55:22,WMT,91.18,3,ASK
2018-12-17 09:55:23,WMT,91.16,7,BID
2018-12-17 09:55:24,WMT,91.17,6,ASK
2018-12-17 09:55:23,WMT,91.16,7,BID
2018-12-17 09:55:24,WMT,91.17,6,ASK
2018-12-17 09:55:25,WMT,91.05,2,BID
2018-12-17 09:55:25,WMT,91.06,1,ASK
2018-12-17 09:55:26,WMT,91.07,2,BID
2018-12-17 09:55:26,WMT,91.09,7,ASK
2018-12-17 09:55:27,WMT,91.09,7,BID
2018-12-17 09:55:27,WMT,91.1,5,ASK
2018-12-17 09:55:28,WMT,91.07,3,BID
2018-12-17 09:55:28,WMT,91.09,6,ASK
2018-12-17 09:55:30,WMT,91.06,7,BID
2018-12-17 09:55:30,WMT,91.08,5,ASK
2018-12-17 09:55:30,WMT,91.06,8,BID
2018-12-17 09:55:30,WMT,91.08,5,ASK
2018-12-17 09:55:31,WMT,91.07,2,BID
2018-12-17 09:55:31,WMT,91.09,5,ASK
2018-12-17 09:55:32,WMT,91.09,3,BID
2018-12-17 09:55:32,WMT,91.11,10,ASK
2018-12-17 09:55:33,WMT,91.09,4,BID
2018-12-17 09:55:33,WMT,91.1,3,ASK
2018-12-17 09:55:33,WMT,91.09,4,BID
2018-12-17 09:55:33,WMT,91.1,3,ASK
2018-12-17 09:55:35,WMT,91.1,1,BID
2018-12-17 09:55:35,WMT,91.11,2,ASK
2018-12-17 09:55:36,WMT,91.1,4,BID
2018-12-17 09:55:36,WMT,91.13,7,ASK
2018-12-17 09:55:37,WMT,91.1,4,BID
2018-12-17 09:55:37,WMT,91.12,5,ASK
2018-12-17 09:55:38,WMT,91.09,2,BID
2018-12-17 09:55:38,WMT,91.1,5,ASK
2018-12-17 09:55:39,WMT,91.09,3,BID
2018-12-17 09:55:39,WMT,91.11,8,ASK
2018-12-17 09:55:40,WMT,91.09,4,BID
2018-12-17 09:55:40,WMT,91.11,8,ASK
2018-12-17 09:55:40,WMT,91.09,4,BID
2018-12-17 09:55:40,WMT,91.11,7,ASK
2018-12-17 09:55:42,WMT,91.07,13,BID
2018-12-17 09:55:42,WMT,91.08,6,ASK
2018-12-17 09:55:43,WMT,91.07,13,BID
2018-12-17 09:55:43,WMT,91.09,9,ASK
2018-12-17 09:55:44,WMT,91.1,1,BID
2018-12-17 09:55:44,WMT,91.11,5,ASK
2018-12-17 09:55:44,WMT,91.1,1,BID
2018-12-17 09:55:44,WMT,91.11,5,ASK
2018-12-17 09:55:47,WMT,91.1,3,BID
2018-12-17 09:55:47,WMT,91.12,7,ASK
2018-12-17 09:55:47,WMT,91.1,4,BID
2018-12-17 09:55:47,WMT,91.11,1,ASK
2018-12-17 09:55:47,WMT,91.1,4,BID
2018-12-17 09:55:48,WMT,91.11,3,ASK
2018-12-17 09:55:50,WMT,91.11,7,BID
2018-12-17 09:55:50,WMT,91.13,8,ASK
2018-12-17 09:55:50,WMT,91.1,7,BID
2018-12-17 09:55:50,WMT,91.13,10,ASK
2018-12-17 09:55:50,WMT,91.1,6,BID
2018-12-17 09:55:50,WMT,91.13,10,ASK
2018-12-17 09:55:50,WMT,91.1,6,BID
2018-12-17 09:55:50,WMT,91.13,10,ASK
2018-12-17 09:55:53,WMT,91.09,2,BID
2018-12-17 09:55:53,WMT,91.1,9,ASK
2018-12-17 09:55:53,WMT,91.09,2,BID
2018-12-17 09:55:53,WMT,91.1,9,ASK
2018-12-17 09:55:55,WMT,91.09,2,BID
2018-12-17 09:55:54,WMT,91.11,6,ASK
2018-12-17 09:55:56,WMT,91.09,2,BID
2018-12-17 09:55:56,WMT,91.11,9,ASK
2018-12-17 09:55:56,WMT,91.09,2,BID
2018-12-17 09:55:56,WMT,91.11,9,ASK
2018-12-17 09:55:58,WMT,91.09,2,BID
2018-12-17 09:55:58,WMT,91.11,7,ASK
2018-12-17 09:56:00,WMT,91.09,3,BID
2018-12-17 09:56:00,WMT,91.1,3,ASK
2018-12-17 09:56:00,WMT,91.1,3,BID
2018-12-17 09:56:00,WMT,91.12,6,ASK
2018-12-17 09:56:01,WMT,91.1,4,BID
2018-12-17 09:56:01,WMT,91.11,3,ASK
2018-12-17 09:56:03,WMT,91.1,1,BID
2018-12-17 09:56:03,WMT,91.11,8,ASK
2018-12-17 09:56:04,WMT,91.1,5,BID
2018-12-17 09:56:03,WMT,91.13,12,ASK
2018-12-17 09:56:03,WMT,91.09,5,BID
2018-12-17 09:56:04,WMT,91.1,11,ASK
2018-12-17 09:56:03,WMT,91.09,5,BID
2018-12-17 09:56:04,WMT,91.1,11,ASK
2018-12-17 09:56:03,WMT,91.09,5,BID
2018-12-17 09:56:07,WMT,91.1,11,ASK
2018-12-17 09:56:07,WMT,91.1,3,BID
2018-12-17 09:56:07,WMT,91.11,2,ASK
2018-12-17 09:56:03,WMT,91.09,5,BID
2018-12-17 09:56:08,WMT,91.11,4,ASK
2018-12-17 09:56:03,WMT,91.09,5,BID
2018-12-17 09:56:08,WMT,91.1,3,ASK
2018-12-17 09:56:03,WMT,91.09,5,BID
2018-12-17 09:56:08,WMT,91.1,3,ASK
2018-12-17 09:56:11,WMT,91.1,1,BID
2018-12-17 09:56:11,WMT,91.11,4,ASK
2018-12-17 09:56:12,WMT,91.1,2,BID
2018-12-17 09:56:12,WMT,91.11,3,ASK
2018-12-17 09:56:12,WMT,91.1,2,BID
2018-12-17 09:56:12,WMT,91.11,3,ASK
2018-12-17 09:56:15,WMT,91.08,4,BID
2018-12-17 09:56:15,WMT,91.09,5,ASK
2018-12-17 09:56:15,WMT,91.08,6,BID
2018-12-17 09:56:15,WMT,91.1,7,ASK
2018-12-17 09:56:15,WMT,91.08,6,BID
2018-12-17 09:56:16,WMT,91.09,2,ASK
2018-12-17 09:56:17,WMT,91.08,1,BID
2018-12-17 09:56:17,WMT,91.09,7,ASK
2018-12-17 09:56:18,WMT,91.09,1,BID
2018-12-17 09:56:18,WMT,91.1,7,ASK
2018-12-17 09:56:18,WMT,91.09,1,BID
2018-12-17 09:56:18,WMT,91.1,7,ASK
2018-12-17 09:56:18,WMT,91.08,5,BID
2018-12-17 09:56:20,WMT,91.09,4,ASK
2018-12-17 09:56:18,WMT,91.08,5,BID
2018-12-17 09:56:20,WMT,91.09,4,ASK
2018-12-17 09:56:18,WMT,91.08,5,BID
2018-12-17 09:56:22,WMT,91.1,9,ASK
2018-12-17 09:56:18,WMT,91.08,5,BID
2018-12-17 09:56:22,WMT,91.1,10,ASK
2018-12-17 09:56:18,WMT,91.08,5,BID
2018-12-17 09:56:22,WMT,91.1,10,ASK
2018-12-17 09:56:18,WMT,91.08,5,BID
2018-12-17 09:56:26,WMT,91.1,11,ASK
2018-12-17 09:56:18,WMT,91.08,5,BID
2018-12-17 09:56:26,WMT,91.1,11,ASK
2018-12-17 09:56:27,WMT,91.09,2,BID
2018-12-17 09:56:27,WMT,91.1,11,ASK
2018-12-17 09:56:28,WMT,91.04,5,BID
2018-12-17 09:56:28,WMT,91.06,5,ASK
2018-12-17 09:56:29,WMT,91.03,7,BID
2018-12-17 09:56:28,WMT,91.05,7,ASK
2018-12-17 09:56:31,WMT,91.04,1,BID
2018-12-17 09:56:28,WMT,91.05,6,ASK
2018-12-17 09:56:31,WMT,91.04,1,BID
2018-12-17 09:56:31,WMT,91.05,7,ASK
2018-12-17 09:56:33,WMT,91.05,5,BID
2018-12-17 09:56:33,WMT,91.06,6,ASK
2018-12-17 09:56:33,WMT,91.05,8,BID
2018-12-17 09:56:33,WMT,91.06,7,ASK
2018-12-17 09:56:33,WMT,91.05,8,BID
2018-12-17 09:56:33,WMT,91.06,7,ASK
2018-12-17 09:56:33,WMT,91.05,8,BID
2018-12-17 09:56:35,WMT,91.06,9,ASK
2018-12-17 09:56:33,WMT,91.05,8,BID
2018-12-17 09:56:36,WMT,91.06,9,ASK
2018-12-17 09:56:30,WMT,91.03,10,BID
2018-12-17 09:56:37,WMT,91.04,4,ASK
2018-12-17 09:56:30,WMT,91.03,10,BID
2018-12-17 09:56:38,WMT,91.04,2,ASK
2018-12-17 09:56:30,WMT,91.03,10,BID
2018-12-17 09:56:39,WMT,91.04,4,ASK
2018-12-17 09:56:30,WMT,91.03,10,BID
2018-12-17 09:56:39,WMT,91.04,4,ASK
2018-12-17 09:56:30,WMT,91.03,10,BID
2018-12-17 09:56:39,WMT,91.04,4,ASK
2018-12-17 09:56:42,WMT,91.01,6,BID
2018-12-17 09:56:42,WMT,91.03,7,ASK
2018-12-17 09:56:44,WMT,91.01,6,BID
2018-12-17 09:56:44,WMT,91.03,5,ASK
2018-12-17 09:56:45,WMT,91.02,4,BID
2018-12-17 09:56:45,WMT,91.04,4,ASK
2018-12-17 09:56:45,WMT,91.03,4,BID
2018-12-17 09:56:45,WMT,91.04,5,ASK
2018-12-17 09:56:47,WMT,91.03,4,BID
2018-12-17 09:56:47,WMT,91.04,5,ASK
2018-12-17 09:56:47,WMT,91.03,6,BID
2018-12-17 09:56:48,WMT,91.04,6,ASK
2018-12-17 09:56:47,WMT,91.03,6,BID
2018-12-17 09:56:49,WMT,91.04,6,ASK
2018-12-17 09:56:47,WMT,91.03,6,BID
2018-12-17 09:56:49,WMT,91.04,6,ASK
2018-12-17 09:56:47,WMT,91.03,6,BID
2018-12-17 09:56:50,WMT,91.04,5,ASK
2018-12-17 09:56:52,WMT,91.03,5,BID
2018-12-17 09:56:52,WMT,91.04,5,ASK
2018-12-17 09:56:53,WMT,91.03,5,BID
2018-12-17 09:56:53,WMT,91.04,6,ASK
2018-12-17 09:56:53,WMT,91.01,7,BID
2018-12-17 09:56:53,WMT,91.03,8,ASK
2018-12-17 09:56:54,WMT,91.02,2,BID
2018-12-17 09:56:54,WMT,91.03,9,ASK
2018-12-17 09:56:56,WMT,91.02,4,BID
2018-12-17 09:56:54,WMT,91.03,9,ASK
2018-12-17 09:56:56,WMT,91.02,4,BID
2018-12-17 09:56:54,WMT,91.03,9,ASK
2018-12-17 09:56:56,WMT,91.02,4,BID
2018-12-17 09:56:54,WMT,91.03,9,ASK
2018-12-17 09:56:58,WMT,91.02,5,BID
2018-12-17 09:56:54,WMT,91.03,9,ASK
2018-12-17 09:56:59,WMT,91.03,6,BID
2018-12-17 09:56:59,WMT,91.04,6,ASK
2018-12-17 09:57:01,WMT,91.02,10,BID
2018-12-17 09:57:01,WMT,91.03,6,ASK
2018-12-17 09:57:02,WMT,91.02,5,BID
2018-12-17 09:57:02,WMT,91.03,4,ASK
2018-12-17 09:57:02,WMT,91.02,5,BID
2018-12-17 09:57:02,WMT,91.03,4,ASK
2018-12-17 09:57:04,WMT,91.02,7,BID
2018-12-17 09:57:03,WMT,91.03,4,ASK
2018-12-17 09:57:02,WMT,91.01,12,BID
2018-12-17 09:57:04,WMT,91.02,6,ASK
2018-12-17 09:57:05,WMT,91.02,7,BID
2018-12-17 09:57:03,WMT,91.03,6,ASK
2018-12-17 09:57:07,WMT,91.03,2,BID
2018-12-17 09:57:01,WMT,91.04,6,ASK
2018-12-17 09:57:07,WMT,91.02,8,BID
2018-12-17 09:57:01,WMT,91.04,7,ASK
2018-12-17 09:57:07,WMT,91.02,5,BID
2018-12-17 09:57:09,WMT,91.04,8,ASK
2018-12-17 09:57:02,WMT,91.01,11,BID
2018-12-17 09:57:09,WMT,91.03,8,ASK
2018-12-17 09:57:02,WMT,91.01,10,BID
2018-12-17 09:57:11,WMT,91.02,3,ASK
2018-12-17 09:55:25,WMT,90.99,8,BID
2018-12-17 09:57:12,WMT,91.01,13,ASK
2018-12-17 09:57:13,WMT,90.97,3,BID
2018-12-17 09:57:13,WMT,90.98,7,ASK
2018-12-17 09:50:30,WMT,90.96,11,BID
2018-12-17 09:57:14,WMT,90.98,10,ASK
2018-12-17 09:50:30,WMT,90.96,11,BID
2018-12-17 09:57:14,WMT,90.98,11,ASK
2018-12-17 09:49:36,WMT,90.95,4,BID
2018-12-17 09:57:16,WMT,90.96,7,ASK
2018-12-17 09:49:36,WMT,90.95,5,BID
2018-12-17 09:57:17,WMT,90.96,8,ASK
2018-12-17 09:57:18,WMT,90.97,10,BID
2018-12-17 09:57:18,WMT,90.98,8,ASK
2018-12-17 09:57:18,WMT,90.97,11,BID
2018-12-17 09:57:18,WMT,90.98,8,ASK
2018-12-17 09:57:18,WMT,90.97,11,BID
2018-12-17 09:57:18,WMT,90.98,12,ASK
2018-12-17 09:57:18,WMT,90.97,11,BID
2018-12-17 09:57:18,WMT,90.98,12,ASK
2018-12-17 09:57:18,WMT,90.97,11,BID
2018-12-17 09:57:18,WMT,90.98,13,ASK
2018-12-17 09:57:18,WMT,90.97,11,BID
2018-12-17 09:57:18,WMT,90.98,13,ASK
2018-12-17 09:57:18,WMT,90.97,11,BID
2018-12-17 09:57:18,WMT,90.98,12,ASK
2018-12-17 09:57:24,WMT,90.95,5,BID
2018-12-17 09:57:25,WMT,90.96,8,ASK
2018-12-17 09:57:24,WMT,90.95,5,BID
2018-12-17 09:57:25,WMT,90.96,6,ASK
2018-12-17 09:57:27,WMT,90.96,2,BID
2018-12-17 09:57:18,WMT,90.98,12,ASK
2018-12-17 09:57:27,WMT,90.97,7,BID
2018-12-17 09:57:27,WMT,90.99,10,ASK
2018-12-17 09:57:29,WMT,90.99,4,BID
2018-12-17 09:57:28,WMT,91.0,3,ASK
2018-12-17 09:57:29,WMT,91.0,3,BID
2018-12-17 09:57:28,WMT,91.01,7,ASK
2018-12-17 09:57:30,WMT,91.0,7,BID
2018-12-17 09:57:30,WMT,91.02,6,ASK
2018-12-17 09:57:32,WMT,91.0,14,BID
2018-12-17 09:57:30,WMT,91.02,6,ASK
2018-12-17 09:57:33,WMT,91.0,14,BID
2018-12-17 09:57:30,WMT,91.02,7,ASK
2018-12-17 09:57:33,WMT,91.0,14,BID
2018-12-17 09:57:30,WMT,91.02,7,ASK
2018-12-17 09:57:35,WMT,91.02,5,BID
2018-12-17 09:57:35,WMT,91.03,6,ASK
2018-12-17 09:57:36,WMT,91.01,6,BID
2018-12-17 09:57:36,WMT,91.03,6,ASK
2018-12-17 09:57:37,WMT,91.01,6,BID
2018-12-17 09:57:37,WMT,91.03,11,ASK
2018-12-17 09:57:38,WMT,91.01,8,BID
2018-12-17 09:57:37,WMT,91.03,11,ASK
2018-12-17 09:57:39,WMT,91.02,3,BID
2018-12-17 09:57:38,WMT,91.03,8,ASK
2018-12-17 09:57:39,WMT,91.02,11,BID
2018-12-17 09:57:39,WMT,91.04,8,ASK
2018-12-17 09:57:40,WMT,91.03,1,BID
2018-12-17 09:57:40,WMT,91.04,6,ASK
2018-12-17 09:57:41,WMT,91.04,4,BID
2018-12-17 09:57:41,WMT,91.06,5,ASK
2018-12-17 09:57:43,WMT,91.04,6,BID
2018-12-17 09:57:43,WMT,91.06,4,ASK
2018-12-17 09:57:43,WMT,91.04,7,BID
2018-12-17 09:57:43,WMT,91.06,6,ASK
2018-12-17 09:57:44,WMT,91.05,2,BID
2018-12-17 09:57:43,WMT,91.06,6,ASK
2018-12-17 09:57:43,WMT,91.04,5,BID
2018-12-17 09:57:43,WMT,91.06,6,ASK
2018-12-17 09:57:43,WMT,91.04,4,BID
2018-12-17 09:57:43,WMT,91.06,8,ASK
2018-12-17 09:57:43,WMT,91.04,4,BID
2018-12-17 09:57:43,WMT,91.06,8,ASK
2018-12-17 09:57:48,WMT,91.03,1,BID
2018-12-17 09:57:48,WMT,91.04,9,ASK
2018-12-17 09:57:48,WMT,91.03,1,BID
2018-12-17 09:57:48,WMT,91.04,9,ASK
2018-12-17 09:57:50,WMT,91.03,2,BID
2018-12-17 09:57:50,WMT,91.04,9,ASK
2018-12-17 09:57:52,WMT,91.02,1,BID
2018-12-17 09:57:52,WMT,91.03,8,ASK
2018-12-17 09:57:53,WMT,91.0,14,BID
2018-12-17 09:57:53,WMT,91.01,9,ASK
2018-12-17 09:57:54,WMT,90.97,7,BID
2018-12-17 09:57:54,WMT,90.99,11,ASK
2018-12-17 09:57:55,WMT,90.98,1,BID
2018-12-17 09:57:55,WMT,90.99,11,ASK
2018-12-17 09:57:56,WMT,90.98,1,BID
2018-12-17 09:57:55,WMT,90.99,11,ASK
2018-12-17 09:57:56,WMT,90.98,2,BID
2018-12-17 09:57:55,WMT,90.99,11,ASK
2018-12-17 09:57:57,WMT,90.98,3,BID
2018-12-17 09:57:55,WMT,90.99,11,ASK
2018-12-17 09:57:58,WMT,90.99,9,BID
2018-12-17 09:57:59,WMT,91.01,7,ASK
2018-12-17 09:58:00,WMT,91.0,2,BID
2018-12-17 09:58:00,WMT,91.01,8,ASK
2018-12-17 09:58:01,WMT,91.0,4,BID
2018-12-17 09:58:00,WMT,91.01,6,ASK
2018-12-17 09:58:02,WMT,91.0,1,BID
2018-12-17 09:58:02,WMT,91.01,13,ASK
2018-12-17 09:58:02,WMT,91.0,3,BID
2018-12-17 09:58:02,WMT,91.01,13,ASK
2018-12-17 09:58:04,WMT,91.0,3,BID
2018-12-17 09:58:04,WMT,91.01,12,ASK
2018-12-17 09:58:04,WMT,91.0,3,BID
2018-12-17 09:58:04,WMT,91.01,10,ASK
2018-12-17 09:58:04,WMT,91.0,3,BID
2018-12-17 09:58:04,WMT,91.01,11,ASK
2018-12-17 09:58:04,WMT,91.0,3,BID
2018-12-17 09:58:04,WMT,91.01,11,ASK
2018-12-17 09:58:08,WMT,90.97,6,BID
2018-12-17 09:58:08,WMT,90.99,5,ASK
2018-12-17 09:58:09,WMT,91.0,1,BID
2018-12-17 09:58:04,WMT,91.01,9,ASK
2018-12-17 09:58:10,WMT,90.99,6,BID
2018-12-17 09:58:10,WMT,91.0,1,ASK
2018-12-17 09:58:08,WMT,90.97,6,BID
2018-12-17 09:58:11,WMT,90.98,4,ASK
2018-12-17 09:58:12,WMT,90.94,7,BID
2018-12-17 09:58:12,WMT,90.95,1,ASK
2018-12-17 09:58:12,WMT,90.94,7,BID
2018-12-17 09:58:12,WMT,90.95,5,ASK
2018-12-17 09:58:14,WMT,90.94,3,BID
2018-12-17 09:58:12,WMT,90.95,8,ASK
2018-12-17 09:58:15,WMT,90.95,7,BID
2018-12-17 09:58:12,WMT,90.96,5,ASK
2018-12-17 09:58:16,WMT,90.94,7,BID
2018-12-17 09:58:12,WMT,90.96,10,ASK
2018-12-17 09:58:16,WMT,90.94,7,BID
2018-12-17 09:58:12,WMT,90.96,10,ASK
2018-12-17 09:58:16,WMT,90.94,11,BID
2018-12-17 09:58:18,WMT,90.96,10,ASK
2018-12-17 09:58:19,WMT,90.95,9,BID
2018-12-17 09:58:19,WMT,90.96,2,ASK
2018-12-17 09:58:20,WMT,90.96,5,BID
2018-12-17 09:58:20,WMT,90.98,6,ASK
2018-12-17 09:58:21,WMT,90.98,1,BID
2018-12-17 09:58:21,WMT,90.99,9,ASK
2018-12-17 09:58:21,WMT,90.98,1,BID
2018-12-17 09:58:21,WMT,90.99,7,ASK
2018-12-17 09:58:22,WMT,90.98,4,BID
2018-12-17 09:58:10,WMT,91.0,12,ASK
2018-12-17 09:58:22,WMT,90.98,4,BID
2018-12-17 09:58:23,WMT,90.99,5,ASK
2018-12-17 09:58:22,WMT,90.98,4,BID
2018-12-17 09:58:25,WMT,90.99,6,ASK
2018-12-17 09:58:25,WMT,90.99,1,BID
2018-12-17 09:58:25,WMT,91.0,10,ASK
2018-12-17 09:58:25,WMT,90.99,1,BID
2018-12-17 09:58:25,WMT,91.0,10,ASK
2018-12-17 09:58:28,WMT,91.0,1,BID
2018-12-17 09:58:09,WMT,91.01,18,ASK
2018-12-17 09:58:28,WMT,91.0,1,BID
2018-12-17 09:58:09,WMT,91.01,18,ASK
2018-12-17 09:58:30,WMT,90.99,1,BID
2018-12-17 09:58:30,WMT,91.0,6,ASK
2018-12-17 09:58:31,WMT,90.99,1,BID
2018-12-17 09:58:30,WMT,91.0,7,ASK
2018-12-17 09:58:31,WMT,90.99,1,BID
2018-12-17 09:58:30,WMT,91.0,7,ASK
2018-12-17 09:58:33,WMT,90.99,1,BID
2018-12-17 09:58:30,WMT,91.0,8,ASK
2018-12-17 09:58:33,WMT,90.96,9,BID
2018-12-17 09:58:34,WMT,90.98,9,ASK
2018-12-17 09:58:35,WMT,90.97,1,BID
2018-12-17 09:58:35,WMT,90.98,8,ASK
2018-12-17 09:58:35,WMT,90.97,6,BID
2018-12-17 09:58:36,WMT,90.99,9,ASK
2018-12-17 09:58:37,WMT,90.98,2,BID
2018-12-17 09:58:36,WMT,90.99,7,ASK
2018-12-17 09:58:37,WMT,90.98,3,BID
2018-12-17 09:58:36,WMT,90.99,7,ASK
2018-12-17 09:58:38,WMT,90.99,3,BID
2018-12-17 09:58:30,WMT,91.0,6,ASK
2018-12-17 09:58:39,WMT,91.0,4,BID
2018-12-17 09:58:09,WMT,91.01,18,ASK
2018-12-17 09:58:39,WMT,91.0,4,BID
2018-12-17 09:58:09,WMT,91.01,18,ASK
2018-12-17 09:58:42,WMT,91.0,8,BID
2018-12-17 09:58:41,WMT,91.02,12,ASK
2018-12-17 09:58:43,WMT,91.0,7,BID
2018-12-17 09:58:43,WMT,91.01,8,ASK
2018-12-17 09:58:37,WMT,90.97,4,BID
2018-12-17 09:58:44,WMT,90.99,10,ASK
2018-12-17 09:58:37,WMT,90.97,5,BID
2018-12-17 09:58:45,WMT,90.99,9,ASK
2018-12-17 09:58:46,WMT,90.98,5,BID
2018-12-17 09:58:46,WMT,90.99,8,ASK
2018-12-17 09:58:47,WMT,90.99,5,BID
2018-12-17 09:58:47,WMT,91.01,6,ASK
2018-12-17 09:58:48,WMT,91.0,5,BID
2018-12-17 09:58:47,WMT,91.01,4,ASK
2018-12-17 09:58:48,WMT,91.0,5,BID
2018-12-17 09:58:47,WMT,91.01,4,ASK
2018-12-17 09:58:50,WMT,91.0,8,BID
2018-12-17 09:58:47,WMT,91.01,4,ASK
2018-12-17 09:58:51,WMT,91.0,9,BID
2018-12-17 09:58:51,WMT,91.01,2,ASK
2018-12-17 09:58:51,WMT,91.0,9,BID
2018-12-17 09:58:51,WMT,91.01,2,ASK
2018-12-17 09:58:51,WMT,91.0,8,BID
2018-12-17 09:58:53,WMT,91.01,6,ASK
2018-12-17 09:58:54,WMT,90.98,1,BID
2018-12-17 09:58:54,WMT,90.99,11,ASK
2018-12-17 09:58:54,WMT,90.97,6,BID
2018-12-17 09:58:55,WMT,90.98,12,ASK
2018-12-17 09:58:56,WMT,90.95,11,BID
2018-12-17 09:58:55,WMT,90.97,11,ASK
2018-12-17 09:58:57,WMT,90.98,7,BID
2018-12-17 09:58:57,WMT,90.99,12,ASK
2018-12-17 09:58:58,WMT,90.99,4,BID
2018-12-17 09:58:58,WMT,91.01,6,ASK
2018-12-17 09:58:59,WMT,90.98,8,BID
2018-12-17 09:58:59,WMT,90.99,3,ASK
2018-12-17 09:58:59,WMT,90.98,8,BID
2018-12-17 09:59:00,WMT,90.99,4,ASK
2018-12-17 09:59:01,WMT,90.97,4,BID
2018-12-17 09:59:00,WMT,90.98,9,ASK
2018-12-17 09:59:02,WMT,90.97,4,BID
2018-12-17 09:59:02,WMT,90.98,9,ASK
2018-12-17 09:59:03,WMT,90.97,4,BID
2018-12-17 09:59:02,WMT,90.98,10,ASK
2018-12-17 09:59:04,WMT,90.97,5,BID
2018-12-17 09:59:02,WMT,90.98,11,ASK
2018-12-17 09:59:05,WMT,90.97,5,BID
2018-12-17 09:59:02,WMT,90.98,12,ASK
2018-12-17 09:59:06,WMT,90.97,3,BID
2018-12-17 09:59:02,WMT,90.98,9,ASK
2018-12-17 09:59:07,WMT,90.97,2,BID
2018-12-17 09:59:02,WMT,90.98,10,ASK
2018-12-17 09:59:07,WMT,90.96,6,BID
2018-12-17 09:59:02,WMT,90.98,9,ASK
2018-12-17 09:59:07,WMT,90.96,6,BID
2018-12-17 09:59:02,WMT,90.98,7,ASK
2018-12-17 09:59:07,WMT,90.96,6,BID
2018-12-17 09:59:02,WMT,90.98,7,ASK
2018-12-17 09:59:07,WMT,90.96,6,BID
2018-12-17 09:59:11,WMT,90.98,7,ASK
2018-12-17 09:59:07,WMT,90.96,6,BID
2018-12-17 09:59:11,WMT,90.98,7,ASK
2018-12-17 09:59:07,WMT,90.96,6,BID
2018-12-17 09:59:11,WMT,90.98,7,ASK
2018-12-17 09:59:14,WMT,90.96,5,BID
2018-12-17 09:59:14,WMT,90.97,3,ASK
2018-12-17 09:59:15,WMT,90.96,6,BID
2018-12-17 09:59:15,WMT,90.97,10,ASK
2018-12-17 09:59:16,WMT,90.96,8,BID
2018-12-17 09:59:16,WMT,90.98,8,ASK
2018-12-17 09:59:16,WMT,90.96,8,BID
2018-12-17 09:59:16,WMT,90.98,8,ASK
2018-12-17 09:59:18,WMT,90.97,4,BID
2018-12-17 09:59:16,WMT,90.98,6,ASK
2018-12-17 09:59:19,WMT,90.97,5,BID
2018-12-17 09:59:16,WMT,90.98,6,ASK
2018-12-17 09:59:19,WMT,90.97,5,BID
2018-12-17 09:59:16,WMT,90.98,6,ASK
2018-12-17 09:59:19,WMT,90.97,5,BID
2018-12-17 09:59:16,WMT,90.98,6,ASK
2018-12-17 09:59:22,WMT,90.97,4,BID
2018-12-17 09:59:16,WMT,90.98,6,ASK
2018-12-17 09:59:22,WMT,90.97,4,BID
2018-12-17 09:59:16,WMT,90.98,6,ASK
2018-12-17 09:59:24,WMT,90.98,2,BID
2018-12-17 09:59:24,WMT,90.99,6,ASK
2018-12-17 09:59:25,WMT,90.99,5,BID
2018-12-17 09:59:25,WMT,91.0,6,ASK
2018-12-17 09:59:26,WMT,90.97,3,BID
2018-12-17 09:59:26,WMT,90.98,6,ASK
2018-12-17 09:59:26,WMT,90.97,3,BID
2018-12-17 09:59:26,WMT,90.98,6,ASK
2018-12-17 09:59:26,WMT,90.97,3,BID
2018-12-17 09:59:26,WMT,90.98,6,ASK
2018-12-17 09:59:26,WMT,90.97,3,BID
2018-12-17 09:59:26,WMT,90.98,6,ASK
2018-12-17 09:59:30,WMT,90.95,2,BID
2018-12-17 09:59:30,WMT,90.96,7,ASK
2018-12-17 09:59:31,WMT,90.97,6,BID
2018-12-17 09:59:31,WMT,90.99,14,ASK
2018-12-17 09:59:32,WMT,90.97,7,BID
2018-12-17 09:59:32,WMT,90.98,1,ASK
2018-12-17 09:59:33,WMT,90.98,2,BID
2018-12-17 09:59:33,WMT,90.99,7,ASK
2018-12-17 09:59:34,WMT,90.98,3,BID
2018-12-17 09:59:33,WMT,90.99,7,ASK
2018-12-17 09:59:35,WMT,90.98,4,BID
2018-12-17 09:59:35,WMT,90.99,7,ASK
2018-12-17 09:59:36,WMT,91.0,6,BID
2018-12-17 09:59:36,WMT,91.02,8,ASK
2018-12-17 09:59:36,WMT,91.0,6,BID
2018-12-17 09:59:36,WMT,91.02,9,ASK
2018-12-17 09:59:36,WMT,91.01,1,BID
2018-12-17 09:59:36,WMT,91.02,9,ASK
2018-12-17 09:59:37,WMT,91.0,5,BID
2018-12-17 09:59:38,WMT,91.02,7,ASK
2018-12-17 09:59:37,WMT,91.0,5,BID
2018-12-17 09:59:38,WMT,91.02,7,ASK
2018-12-17 09:59:41,WMT,91.0,4,BID
2018-12-17 09:59:41,WMT,91.01,1,ASK
2018-12-17 09:59:41,WMT,90.99,5,BID
2018-12-17 09:59:41,WMT,91.0,1,ASK
2018-12-17 09:59:41,WMT,90.98,6,BID
2018-12-17 09:59:43,WMT,90.99,8,ASK
2018-12-17 09:59:45,WMT,90.99,2,BID
2018-12-17 09:59:45,WMT,91.0,4,ASK
2018-12-17 09:59:45,WMT,90.99,5,BID
2018-12-17 09:59:45,WMT,91.0,3,ASK
2018-12-17 09:59:47,WMT,91.01,4,BID
2018-12-17 09:57:52,WMT,91.03,12,ASK
2018-12-17 09:59:47,WMT,91.0,5,BID
2018-12-17 09:57:52,WMT,91.03,12,ASK
2018-12-17 09:59:48,WMT,91.01,5,BID
2018-12-17 09:57:52,WMT,91.03,12,ASK
2018-12-17 09:59:49,WMT,91.02,3,BID
2018-12-17 09:57:52,WMT,91.03,10,ASK
2018-12-17 09:59:50,WMT,91.04,4,BID
2018-12-17 09:59:50,WMT,91.06,4,ASK
2018-12-17 09:59:51,WMT,91.05,6,BID
2018-12-17 09:59:51,WMT,91.06,6,ASK
2018-12-17 09:59:52,WMT,91.06,1,BID
2018-12-17 09:59:51,WMT,91.06,5,ASK
2018-12-17 09:59:52,WMT,91.03,18,BID
2018-12-17 09:59:52,WMT,91.06,8,ASK
2018-12-17 09:59:53,WMT,91.05,1,BID
2018-12-17 09:59:50,WMT,91.07,11,ASK
2018-12-17 09:59:52,WMT,91.03,18,BID
2018-12-17 09:59:54,WMT,91.05,3,ASK
2018-12-17 09:59:55,WMT,91.02,6,BID
2018-12-17 09:59:55,WMT,91.04,5,ASK
2018-12-17 09:59:57,WMT,91.04,1,BID
2018-12-17 09:59:57,WMT,91.05,8,ASK
2018-12-17 09:59:59,WMT,91.04,1,BID
2018-12-17 09:59:59,WMT,91.05,12,ASK
2018-12-17 09:59:59,WMT,91.03,2,BID
2018-12-17 09:59:59,WMT,91.05,15,ASK
2018-12-17 10:00:00,WMT,91.01,7,BID
2018-12-17 10:00:00,WMT,91.02,8,ASK
2018-12-17 10:00:00,WMT,90.97,8,BID
2018-12-17 10:00:00,WMT,90.98,1,ASK
2018-12-17 10:00:00,WMT,90.98,6,BID
2018-12-17 10:00:01,WMT,90.99,6,ASK
2018-12-17 10:00:02,WMT,90.99,1,BID
2018-12-17 10:00:02,WMT,91.0,4,ASK
2018-12-17 10:00:02,WMT,91.0,1,BID
2018-12-17 10:00:00,WMT,91.02,12,ASK
2018-12-17 10:00:02,WMT,90.99,6,BID
2018-12-17 10:00:03,WMT,91.01,6,ASK
2018-12-17 10:00:04,WMT,90.99,5,BID
2018-12-17 10:00:03,WMT,91.0,9,ASK
2018-12-17 10:00:05,WMT,91.0,1,BID
2018-12-17 10:00:05,WMT,91.01,9,ASK
2018-12-17 10:00:07,WMT,90.96,6,BID
2018-12-17 10:00:07,WMT,90.99,6,ASK
2018-12-17 10:00:07,WMT,90.97,1,BID
2018-12-17 10:00:07,WMT,90.98,9,ASK
2018-12-17 10:00:07,WMT,90.99,5,BID
2018-12-17 10:00:07,WMT,91.01,7,ASK
2018-12-17 10:00:08,WMT,90.98,2,BID
2018-12-17 10:00:08,WMT,90.99,4,ASK
2018-12-17 10:00:09,WMT,90.98,1,BID
2018-12-17 10:00:09,WMT,90.99,7,ASK
2018-12-17 10:00:10,WMT,90.95,2,BID
2018-12-17 10:00:09,WMT,90.96,4,ASK
2018-12-17 10:00:10,WMT,90.95,4,BID
2018-12-17 10:00:10,WMT,90.97,3,ASK
2018-12-17 10:00:12,WMT,90.97,4,BID
2018-12-17 10:00:12,WMT,90.98,2,ASK
2018-12-17 10:00:14,WMT,90.94,5,BID
2018-12-17 10:00:14,WMT,90.96,8,ASK
2018-12-17 10:00:15,WMT,90.96,3,BID
2018-12-17 10:00:15,WMT,90.98,10,ASK
2018-12-17 10:00:15,WMT,90.96,4,BID
2018-12-17 10:00:15,WMT,90.98,9,ASK
2018-12-17 10:00:15,WMT,90.96,4,BID
2018-12-17 10:00:15,WMT,90.98,13,ASK
2018-12-17 10:00:19,WMT,90.97,3,BID
2018-12-17 10:00:18,WMT,90.98,15,ASK
2018-12-17 10:00:21,WMT,90.96,3,BID
2018-12-17 10:00:22,WMT,90.97,11,ASK
2018-12-17 10:00:22,WMT,90.95,1,BID
2018-12-17 10:00:22,WMT,90.96,6,ASK
2018-12-17 10:00:23,WMT,90.95,2,BID
2018-12-17 10:00:23,WMT,90.96,6,ASK
2018-12-17 10:00:25,WMT,90.94,4,BID
2018-12-17 10:00:25,WMT,90.96,10,ASK
2018-12-17 10:00:25,WMT,90.94,4,BID
2018-12-17 10:00:25,WMT,90.96,10,ASK
2018-12-17 10:00:22,WMT,90.93,8,BID
2018-12-17 10:00:26,WMT,90.95,7,ASK
2018-12-17 10:00:27,WMT,90.93,8,BID
2018-12-17 10:00:27,WMT,90.94,6,ASK
2018-12-17 10:00:29,WMT,90.92,5,BID
2018-12-17 10:00:29,WMT,90.93,4,ASK
2018-12-17 10:00:30,WMT,90.92,5,BID
2018-12-17 10:00:29,WMT,90.93,5,ASK
2018-12-17 10:00:30,WMT,90.93,6,BID
2018-12-17 10:00:30,WMT,90.94,7,ASK
2018-12-17 10:00:31,WMT,90.93,6,BID
2018-12-17 10:00:30,WMT,90.94,7,ASK
2018-12-17 10:00:31,WMT,90.93,6,BID
2018-12-17 10:00:30,WMT,90.94,7,ASK
2018-12-17 10:00:34,WMT,90.93,4,BID
2018-12-17 10:00:34,WMT,90.94,9,ASK
2018-12-17 10:00:35,WMT,90.93,5,BID
2018-12-17 10:00:34,WMT,90.94,9,ASK
2018-12-17 10:00:35,WMT,90.93,5,BID
2018-12-17 10:00:34,WMT,90.94,9,ASK
2018-12-17 10:00:35,WMT,90.93,5,BID
2018-12-17 10:00:34,WMT,90.94,9,ASK
2018-12-17 10:00:38,WMT,90.91,2,BID
2018-12-17 10:00:37,WMT,90.92,5,ASK
2018-12-17 10:00:38,WMT,90.91,3,BID
2018-12-17 10:00:37,WMT,90.92,5,ASK
2018-12-17 10:00:38,WMT,90.91,3,BID
2018-12-17 10:00:37,WMT,90.92,5,ASK
2018-12-17 10:00:40,WMT,90.9,8,BID
2018-12-17 10:00:40,WMT,90.91,11,ASK
2018-12-17 10:00:42,WMT,90.91,6,BID
2018-12-17 10:00:41,WMT,90.92,9,ASK
2018-12-17 10:00:42,WMT,90.91,11,BID
2018-12-17 10:00:41,WMT,90.92,9,ASK
2018-12-17 10:00:42,WMT,90.91,15,BID
2018-12-17 10:00:41,WMT,90.92,8,ASK
2018-12-17 10:00:42,WMT,90.91,15,BID
2018-12-17 10:00:41,WMT,90.92,8,ASK
2018-12-17 10:00:42,WMT,90.91,15,BID
2018-12-17 10:00:41,WMT,90.92,8,ASK
2018-12-17 10:00:42,WMT,90.91,15,BID
2018-12-17 10:00:41,WMT,90.92,9,ASK
2018-12-17 10:00:47,WMT,90.92,10,BID
2018-12-17 10:00:47,WMT,90.93,6,ASK
2018-12-17 10:00:48,WMT,90.93,3,BID
2018-12-17 10:00:48,WMT,90.95,9,ASK
2018-12-17 10:00:49,WMT,90.92,9,BID
2018-12-17 10:00:49,WMT,90.94,1,ASK
2018-12-17 10:00:50,WMT,90.92,7,BID
2018-12-17 10:00:50,WMT,90.93,1,ASK
2018-12-17 10:00:51,WMT,90.92,9,BID
2018-12-17 10:00:51,WMT,90.93,1,ASK
2018-12-17 10:00:51,WMT,90.92,9,BID
2018-12-17 10:00:51,WMT,90.93,1,ASK
2018-12-17 10:00:53,WMT,90.92,11,BID
2018-12-17 10:00:50,WMT,90.94,3,ASK
2018-12-17 10:00:54,WMT,90.94,5,BID
2018-12-17 10:00:54,WMT,90.95,5,ASK
2018-12-17 10:00:55,WMT,90.94,5,BID
2018-12-17 10:00:55,WMT,90.96,14,ASK
2018-12-17 10:00:56,WMT,90.93,9,BID
2018-12-17 10:00:56,WMT,90.94,4,ASK
2018-12-17 10:00:58,WMT,90.94,6,BID
2018-12-17 10:00:58,WMT,90.96,14,ASK
2018-12-17 10:00:58,WMT,90.95,7,BID
2018-12-17 10:00:58,WMT,90.97,14,ASK
2018-12-17 10:01:00,WMT,90.94,8,BID
2018-12-17 10:01:00,WMT,90.96,6,ASK
2018-12-17 10:01:01,WMT,90.94,9,BID
2018-12-17 10:01:00,WMT,90.96,6,ASK
2018-12-17 10:01:01,WMT,90.94,7,BID
2018-12-17 10:01:02,WMT,90.95,6,ASK
2018-12-17 10:01:03,WMT,90.93,3,BID
2018-12-17 10:01:02,WMT,90.95,9,ASK
2018-12-17 10:01:03,WMT,90.94,1,BID
2018-12-17 10:01:03,WMT,90.95,10,ASK
2018-12-17 10:01:04,WMT,90.94,4,BID
2018-12-17 10:01:04,WMT,90.95,11,ASK
2018-12-17 10:01:06,WMT,90.94,4,BID
2018-12-17 10:01:04,WMT,90.95,12,ASK
2018-12-17 10:01:07,WMT,90.93,1,BID
2018-12-17 10:01:07,WMT,90.94,7,ASK
2018-12-17 10:01:07,WMT,90.93,1,BID
2018-12-17 10:01:07,WMT,90.94,6,ASK
2018-12-17 10:01:09,WMT,90.94,5,BID
2018-12-17 10:01:09,WMT,90.95,2,ASK
2018-12-17 10:01:10,WMT,90.94,1,BID
2018-12-17 10:01:10,WMT,90.95,6,ASK
2018-12-17 10:01:10,WMT,90.94,3,BID
2018-12-17 10:01:10,WMT,90.96,7,ASK
2018-12-17 10:01:11,WMT,90.94,5,BID
2018-12-17 10:01:10,WMT,90.96,8,ASK
2018-12-17 10:01:12,WMT,90.95,4,BID
2018-12-17 10:00:58,WMT,90.97,17,ASK
2018-12-17 10:01:14,WMT,90.95,6,BID
2018-12-17 10:01:14,WMT,90.96,3,ASK
2018-12-17 10:01:14,WMT,90.95,6,BID
2018-12-17 10:01:14,WMT,90.96,3,ASK
2018-12-17 10:01:14,WMT,90.95,6,BID
2018-12-17 10:01:16,WMT,90.96,4,ASK
2018-12-17 10:01:14,WMT,90.95,6,BID
2018-12-17 10:01:16,WMT,90.96,4,ASK
2018-12-17 10:01:17,WMT,90.94,11,BID
2018-12-17 10:01:16,WMT,90.96,6,ASK
2018-12-17 10:01:18,WMT,90.95,1,BID
2018-12-17 10:01:16,WMT,90.96,4,ASK
2018-12-17 10:01:20,WMT,90.95,7,BID
2018-12-17 10:00:22,WMT,90.97,18,ASK
2018-12-17 10:01:20,WMT,90.95,6,BID
2018-12-17 10:01:21,WMT,90.96,2,ASK
2018-12-17 10:01:22,WMT,90.95,2,BID
2018-12-17 10:01:21,WMT,90.96,10,ASK
2018-12-17 10:01:23,WMT,90.95,1,BID
2018-12-17 10:01:21,WMT,90.96,10,ASK
2018-12-17 10:01:23,WMT,90.94,6,BID
2018-12-17 10:01:21,WMT,90.96,11,ASK
2018-12-17 10:01:25,WMT,90.95,3,BID
2018-12-17 10:01:21,WMT,90.96,11,ASK
2018-12-17 10:01:25,WMT,90.94,8,BID
2018-12-17 10:01:25,WMT,90.95,8,ASK
2018-12-17 10:01:26,WMT,90.95,2,BID
2018-12-17 10:01:21,WMT,90.96,10,ASK
2018-12-17 10:01:28,WMT,90.94,8,BID
2018-12-17 10:01:28,WMT,90.95,6,ASK
2018-12-17 10:01:28,WMT,90.94,8,BID
2018-12-17 10:01:21,WMT,90.96,10,ASK
2018-12-17 10:01:30,WMT,90.94,9,BID
2018-12-17 10:01:21,WMT,90.96,11,ASK
2018-12-17 10:01:31,WMT,90.94,8,BID
2018-12-17 10:01:21,WMT,90.96,11,ASK
2018-12-17 10:01:31,WMT,90.94,9,BID
2018-12-17 10:01:21,WMT,90.96,11,ASK
2018-12-17 10:01:33,WMT,90.95,3,BID
2018-12-17 10:01:21,WMT,90.96,11,ASK
2018-12-17 10:01:34,WMT,90.94,8,BID
2018-12-17 10:01:21,WMT,90.96,11,ASK
2018-12-17 10:01:34,WMT,90.96,3,BID
2018-12-17 10:01:20,WMT,90.97,13,ASK
2018-12-17 10:01:36,WMT,90.94,8,BID
2018-12-17 10:01:36,WMT,90.95,5,ASK
2018-12-17 10:01:37,WMT,90.93,1,BID
2018-12-17 10:01:37,WMT,90.94,7,ASK
2018-12-17 10:01:37,WMT,90.94,3,BID
2018-12-17 10:01:36,WMT,90.95,4,ASK
2018-12-17 10:01:38,WMT,90.96,1,BID
2018-12-17 10:01:38,WMT,90.97,13,ASK
2018-12-17 10:01:38,WMT,90.96,1,BID
2018-12-17 10:01:38,WMT,90.97,13,ASK
2018-12-17 10:01:40,WMT,90.95,2,BID
2018-12-17 10:01:40,WMT,90.96,5,ASK
2018-12-17 10:01:36,WMT,90.92,7,BID
2018-12-17 10:01:42,WMT,90.94,3,ASK
2018-12-17 10:01:42,WMT,90.93,6,BID
2018-12-17 10:01:42,WMT,90.95,8,ASK
2018-12-17 10:01:42,WMT,90.93,5,BID
2018-12-17 10:01:44,WMT,90.94,1,ASK
2018-12-17 10:01:45,WMT,90.94,6,BID
2018-12-17 10:01:40,WMT,90.96,5,ASK
2018-12-17 10:01:46,WMT,90.94,5,BID
2018-12-17 10:01:46,WMT,90.95,6,ASK
2018-12-17 10:01:42,WMT,90.93,5,BID
2018-12-17 10:01:46,WMT,90.95,6,ASK
2018-12-17 10:01:48,WMT,90.94,3,BID
2018-12-17 10:01:48,WMT,90.95,4,ASK
2018-12-17 10:01:48,WMT,90.95,3,BID
2018-12-17 10:01:48,WMT,90.96,1,ASK
2018-12-17 10:01:50,WMT,90.95,5,BID
2018-12-17 10:01:50,WMT,90.96,8,ASK
2018-12-17 10:01:51,WMT,90.93,6,BID
2018-12-17 10:01:50,WMT,90.94,8,ASK
2018-12-17 10:01:52,WMT,90.92,1,BID
2018-12-17 10:01:51,WMT,90.93,12,ASK
2018-12-17 10:00:41,WMT,90.91,16,BID
2018-12-17 10:01:53,WMT,90.92,7,ASK
2018-12-17 10:00:41,WMT,90.91,14,BID
2018-12-17 10:01:53,WMT,90.92,8,ASK
2018-12-17 10:00:41,WMT,90.91,14,BID
2018-12-17 10:01:53,WMT,90.92,8,ASK
2018-12-17 10:01:55,WMT,90.93,9,BID
2018-12-17 10:01:55,WMT,90.95,5,ASK
2018-12-17 10:01:56,WMT,90.93,9,BID
2018-12-17 10:01:56,WMT,90.95,5,ASK
2018-12-17 10:01:58,WMT,90.94,4,BID
2018-12-17 10:01:56,WMT,90.95,6,ASK
2018-12-17 10:01:59,WMT,90.95,2,BID
2018-12-17 10:01:59,WMT,90.96,4,ASK
2018-12-17 10:02:00,WMT,90.95,5,BID
2018-12-17 10:01:59,WMT,90.96,5,ASK
2018-12-17 10:02:01,WMT,90.95,8,BID
2018-12-17 10:02:01,WMT,90.96,4,ASK
2018-12-17 10:02:01,WMT,90.95,8,BID
2018-12-17 10:02:01,WMT,90.96,4,ASK
2018-12-17 10:02:01,WMT,90.95,8,BID
2018-12-17 10:02:01,WMT,90.96,4,ASK
2018-12-17 10:02:04,WMT,90.94,2,BID
2018-12-17 10:02:04,WMT,90.95,6,ASK
2018-12-17 10:02:04,WMT,90.94,2,BID
2018-12-17 10:02:04,WMT,90.95,5,ASK
2018-12-17 10:02:05,WMT,90.94,4,BID
2018-12-17 10:02:06,WMT,90.95,6,ASK
2018-12-17 10:02:05,WMT,90.94,5,BID
2018-12-17 10:02:06,WMT,90.96,13,ASK
2018-12-17 10:02:08,WMT,90.95,4,BID
2018-12-17 10:02:06,WMT,90.96,10,ASK
2018-12-17 10:02:09,WMT,90.95,7,BID
2018-12-17 10:02:06,WMT,90.96,9,ASK
2018-12-17 10:02:09,WMT,90.95,6,BID
2018-12-17 10:02:06,WMT,90.96,10,ASK
2018-12-17 10:02:09,WMT,90.95,6,BID
2018-12-17 10:02:06,WMT,90.96,9,ASK
2018-12-17 10:02:09,WMT,90.95,6,BID
2018-12-17 10:02:06,WMT,90.96,9,ASK
2018-12-17 10:02:13,WMT,90.94,1,BID
2018-12-17 10:02:13,WMT,90.95,11,ASK
2018-12-17 10:02:14,WMT,90.92,5,BID
2018-12-17 10:02:14,WMT,90.93,4,ASK
2018-12-17 10:02:13,WMT,90.92,6,BID
2018-12-17 10:02:14,WMT,90.93,5,ASK
2018-12-17 10:02:13,WMT,90.92,6,BID
2018-12-17 10:02:16,WMT,90.93,5,ASK
2018-12-17 10:02:17,WMT,90.93,4,BID
2018-12-17 10:02:17,WMT,90.94,5,ASK
2018-12-17 10:02:17,WMT,90.93,5,BID
2018-12-17 10:02:17,WMT,90.94,5,ASK
2018-12-17 10:02:19,WMT,90.93,10,BID
2018-12-17 10:02:19,WMT,90.95,7,ASK
2018-12-17 10:02:19,WMT,90.93,11,BID
2018-12-17 10:02:20,WMT,90.95,5,ASK
2018-12-17 10:02:19,WMT,90.93,11,BID
2018-12-17 10:02:20,WMT,90.95,4,ASK
2018-12-17 10:02:19,WMT,90.93,11,BID
2018-12-17 10:02:20,WMT,90.95,4,ASK
2018-12-17 10:02:19,WMT,90.93,10,BID
2018-12-17 10:02:23,WMT,90.94,3,ASK
2018-12-17 10:02:19,WMT,90.93,9,BID
2018-12-17 10:02:23,WMT,90.94,3,ASK
2018-12-17 10:02:24,WMT,90.93,1,BID
2018-12-17 10:02:24,WMT,90.94,9,ASK
2018-12-17 10:02:25,WMT,90.93,1,BID
2018-12-17 10:02:25,WMT,90.94,10,ASK
2018-12-17 10:02:27,WMT,90.93,7,BID
2018-12-17 10:02:27,WMT,90.94,11,ASK
2018-12-17 10:02:28,WMT,90.93,8,BID
2018-12-17 10:02:28,WMT,90.95,12,ASK
2018-12-17 10:02:28,WMT,90.93,8,BID
2018-12-17 10:02:29,WMT,90.94,7,ASK
2018-12-17 10:02:29,WMT,90.93,7,BID
2018-12-17 10:02:30,WMT,90.94,4,ASK
2018-12-17 10:02:31,WMT,90.93,8,BID
2018-12-17 10:02:31,WMT,90.94,5,ASK
2018-12-17 10:02:32,WMT,90.93,7,BID
2018-12-17 10:02:29,WMT,90.95,9,ASK
2018-12-17 10:02:33,WMT,90.94,4,BID
2018-12-17 10:02:33,WMT,90.95,7,ASK
2018-12-17 10:02:34,WMT,90.94,6,BID
2018-12-17 10:02:33,WMT,90.95,8,ASK
2018-12-17 10:02:35,WMT,90.95,3,BID
2018-12-17 10:01:38,WMT,90.97,16,ASK
2018-12-17 10:02:35,WMT,90.95,10,BID
2018-12-17 10:02:35,WMT,90.96,2,ASK
2018-12-17 10:02:37,WMT,90.95,13,BID
2018-12-17 10:01:38,WMT,90.97,17,ASK
2018-12-17 10:02:37,WMT,90.95,14,BID
2018-12-17 10:01:38,WMT,90.97,14,ASK
2018-12-17 10:02:39,WMT,90.96,7,BID
2018-12-17 10:01:38,WMT,90.97,14,ASK
2018-12-17 10:02:40,WMT,90.96,9,BID
2018-12-17 10:01:38,WMT,90.97,18,ASK
2018-12-17 10:02:40,WMT,90.96,9,BID
2018-12-17 10:01:38,WMT,90.97,18,ASK
2018-12-17 10:02:40,WMT,90.96,9,BID
2018-12-17 10:01:38,WMT,90.97,18,ASK
2018-12-17 10:02:43,WMT,90.94,7,BID
2018-12-17 10:02:43,WMT,90.95,4,ASK
2018-12-17 10:02:32,WMT,90.93,9,BID
2018-12-17 10:02:44,WMT,90.95,5,ASK
2018-12-17 10:02:45,WMT,90.94,8,BID
2018-12-17 10:02:45,WMT,90.95,3,ASK
2018-12-17 10:02:45,WMT,90.95,6,BID
2018-12-17 10:02:45,WMT,90.96,6,ASK
2018-12-17 10:02:45,WMT,90.95,6,BID
2018-12-17 10:02:45,WMT,90.96,7,ASK
2018-12-17 10:02:48,WMT,90.94,1,BID
2018-12-17 10:02:48,WMT,90.95,6,ASK
2018-12-17 10:02:49,WMT,90.94,1,BID
2018-12-17 10:02:49,WMT,90.95,10,ASK
2018-12-17 10:02:32,WMT,90.93,6,BID
2018-12-17 10:02:50,WMT,90.94,7,ASK
2018-12-17 10:02:32,WMT,90.93,7,BID
2018-12-17 10:02:51,WMT,90.94,7,ASK
2018-12-17 10:02:32,WMT,90.93,7,BID
2018-12-17 10:02:52,WMT,90.94,8,ASK
2018-12-17 10:02:32,WMT,90.93,7,BID
2018-12-17 10:02:52,WMT,90.94,8,ASK
2018-12-17 10:02:17,WMT,90.92,25,BID
2018-12-17 10:02:54,WMT,90.93,7,ASK
2018-12-17 10:02:55,WMT,90.89,4,BID
2018-12-17 10:02:55,WMT,90.9,4,ASK
2018-12-17 10:02:56,WMT,90.9,1,BID
2018-12-17 10:02:56,WMT,90.91,9,ASK
2018-12-17 10:02:57,WMT,90.89,6,BID
2018-12-17 10:02:56,WMT,90.91,10,ASK
2018-12-17 10:02:58,WMT,90.9,3,BID
2018-12-17 10:02:56,WMT,90.91,9,ASK
2018-12-17 10:02:59,WMT,90.9,17,BID
2018-12-17 10:02:58,WMT,90.91,7,ASK
2018-12-17 10:03:00,WMT,90.91,6,BID
2018-12-17 10:03:00,WMT,90.93,12,ASK
2018-12-17 10:03:01,WMT,90.92,5,BID
2018-12-17 10:03:01,WMT,90.93,9,ASK
2018-12-17 10:03:01,WMT,90.92,5,BID
2018-12-17 10:03:01,WMT,90.93,9,ASK
2018-12-17 10:03:03,WMT,90.91,5,BID
2018-12-17 10:03:03,WMT,90.92,7,ASK
2018-12-17 10:03:04,WMT,90.9,16,BID
2018-12-17 10:03:04,WMT,90.91,5,ASK
2018-12-17 10:03:05,WMT,90.9,16,BID
2018-12-17 10:03:04,WMT,90.91,6,ASK
2018-12-17 10:03:06,WMT,90.9,16,BID
2018-12-17 10:03:06,WMT,90.91,11,ASK
2018-12-17 10:03:07,WMT,90.9,17,BID
2018-12-17 10:03:06,WMT,90.91,10,ASK
2018-12-17 10:03:08,WMT,90.9,17,BID
2018-12-17 10:03:08,WMT,90.91,10,ASK
2018-12-17 10:03:09,WMT,90.9,17,BID
2018-12-17 10:03:09,WMT,90.91,13,ASK
2018-12-17 10:03:10,WMT,90.9,6,BID
2018-12-17 10:03:10,WMT,90.91,17,ASK
2018-12-17 10:03:10,WMT,90.89,6,BID
2018-12-17 10:03:10,WMT,90.91,11,ASK
2018-12-17 10:03:10,WMT,90.89,6,BID
2018-12-17 10:03:10,WMT,90.91,12,ASK
2018-12-17 10:03:10,WMT,90.89,6,BID
2018-12-17 10:03:10,WMT,90.91,13,ASK
2018-12-17 10:03:14,WMT,90.89,6,BID
2018-12-17 10:03:14,WMT,90.9,8,ASK
2018-12-17 10:03:15,WMT,90.89,10,BID
2018-12-17 10:03:15,WMT,90.9,6,ASK
2018-12-17 10:03:15,WMT,90.89,10,BID
2018-12-17 10:03:15,WMT,90.9,6,ASK
2018-12-17 10:03:15,WMT,90.89,12,BID
2018-12-17 10:03:10,WMT,90.91,12,ASK
2018-12-17 10:03:15,WMT,90.89,12,BID
2018-12-17 10:03:10,WMT,90.91,12,ASK
2018-12-17 10:03:15,WMT,90.89,11,BID
2018-12-17 10:03:10,WMT,90.91,12,ASK
2018-12-17 10:03:15,WMT,90.89,12,BID
2018-12-17 10:03:10,WMT,90.91,12,ASK
2018-12-17 10:03:15,WMT,90.89,12,BID
2018-12-17 10:03:10,WMT,90.91,12,ASK
2018-12-17 10:03:15,WMT,90.89,12,BID
2018-12-17 10:03:10,WMT,90.91,12,ASK
2018-12-17 10:03:23,WMT,90.91,2,BID
2018-12-17 10:03:23,WMT,90.92,6,ASK
2018-12-17 10:03:23,WMT,90.91,2,BID
2018-12-17 10:03:23,WMT,90.92,6,ASK
2018-12-17 10:03:24,WMT,90.9,3,BID
2018-12-17 10:03:24,WMT,90.91,8,ASK
2018-12-17 10:03:25,WMT,90.9,4,BID
2018-12-17 10:03:24,WMT,90.91,7,ASK
2018-12-17 10:03:25,WMT,90.9,4,BID
2018-12-17 10:03:24,WMT,90.91,7,ASK
2018-12-17 10:03:28,WMT,90.9,4,BID
2018-12-17 10:03:24,WMT,90.91,8,ASK
2018-12-17 10:03:15,WMT,90.89,10,BID
2018-12-17 10:03:24,WMT,90.91,9,ASK
2018-12-17 10:03:15,WMT,90.89,9,BID
2018-12-17 10:03:30,WMT,90.9,7,ASK
2018-12-17 10:03:31,WMT,90.87,9,BID
2018-12-17 10:03:31,WMT,90.89,11,ASK
2018-12-17 10:03:31,WMT,90.87,9,BID
2018-12-17 10:03:31,WMT,90.89,11,ASK
2018-12-17 10:03:31,WMT,90.87,9,BID
2018-12-17 10:03:31,WMT,90.89,11,ASK
2018-12-17 10:03:31,WMT,90.87,9,BID
2018-12-17 10:03:31,WMT,90.89,11,ASK
2018-12-17 10:03:31,WMT,90.87,10,BID
2018-12-17 10:03:35,WMT,90.89,11,ASK
2018-12-17 10:03:36,WMT,90.86,8,BID
2018-12-17 10:03:36,WMT,90.87,7,ASK
2018-12-17 10:03:37,WMT,90.88,6,BID
2018-12-17 10:03:37,WMT,90.89,10,ASK
2018-12-17 10:03:38,WMT,90.88,6,BID
2018-12-17 10:03:38,WMT,90.89,11,ASK
2018-12-17 10:03:38,WMT,90.88,6,BID
2018-12-17 10:03:39,WMT,90.89,11,ASK
2018-12-17 10:03:38,WMT,90.88,6,BID
2018-12-17 10:03:39,WMT,90.89,11,ASK
2018-12-17 10:03:38,WMT,90.88,6,BID
2018-12-17 10:03:39,WMT,90.89,11,ASK
2018-12-17 10:03:38,WMT,90.88,6,BID
2018-12-17 10:03:42,WMT,90.89,13,ASK
2018-12-17 10:03:38,WMT,90.88,9,BID
2018-12-17 10:03:42,WMT,90.89,13,ASK
2018-12-17 10:03:38,WMT,90.88,9,BID
2018-12-17 10:03:42,WMT,90.89,13,ASK
2018-12-17 10:03:38,WMT,90.88,9,BID
2018-12-17 10:03:42,WMT,90.89,13,ASK
2018-12-17 10:03:38,WMT,90.88,9,BID
2018-12-17 10:03:42,WMT,90.89,13,ASK
2018-12-17 10:03:38,WMT,90.88,9,BID
2018-12-17 10:03:47,WMT,90.89,13,ASK
