timestamp,ticker,price,volume,bid_ask
2018-12-17 09:40:36,XOM,75.22,16,BID
2018-12-17 09:40:36,XOM,75.23,8,ASK
2018-12-17 09:40:31,XOM,75.2,13,BID
2018-12-17 09:40:37,XOM,75.22,7,ASK
2018-12-17 09:40:31,XOM,75.2,14,BID
2018-12-17 09:40:38,XOM,75.22,6,ASK
2018-12-17 09:40:31,XOM,75.2,12,BID
2018-12-17 09:40:38,XOM,75.22,5,ASK
2018-12-17 09:40:39,XOM,75.2,14,BID
2018-12-17 09:40:40,XOM,75.22,11,ASK
2018-12-17 09:40:41,XOM,75.19,14,BID
2018-12-17 09:40:41,XOM,75.2,12,ASK
2018-12-17 09:40:42,XOM,75.17,13,BID
2018-12-17 09:40:42,XOM,75.19,4,ASK
2018-12-17 09:40:43,XOM,75.18,3,BID
2018-12-17 09:40:42,XOM,75.2,25,ASK
2018-12-17 09:40:44,XOM,75.18,3,BID
2018-12-17 09:40:44,XOM,75.19,2,ASK
2018-12-17 09:40:44,XOM,75.19,18,BID
2018-12-17 09:40:42,XOM,75.2,11,ASK
2018-12-17 09:40:44,XOM,75.19,12,BID
2018-12-17 09:40:42,XOM,75.2,11,ASK
2018-12-17 09:40:47,XOM,75.22,2,BID
2018-12-17 09:40:47,XOM,75.23,19,ASK
2018-12-17 09:40:47,XOM,75.22,12,BID
2018-12-17 09:40:47,XOM,75.23,2,ASK
2018-12-17 09:40:47,XOM,75.22,12,BID
2018-12-17 09:40:47,XOM,75.23,2,ASK
2018-12-17 09:40:49,XOM,75.2,11,BID
2018-12-17 09:40:49,XOM,75.21,3,ASK
2018-12-17 09:40:50,XOM,75.22,2,BID
2018-12-17 09:40:50,XOM,75.23,10,ASK
2018-12-17 09:40:52,XOM,75.22,2,BID
2018-12-17 09:40:52,XOM,75.24,9,ASK
2018-12-17 09:40:52,XOM,75.21,15,BID
2018-12-17 09:40:52,XOM,75.23,2,ASK
2018-12-17 09:40:54,XOM,75.23,2,BID
2018-12-17 09:40:54,XOM,75.24,1,ASK
2018-12-17 09:40:55,XOM,75.22,13,BID
2018-12-17 09:40:55,XOM,75.24,6,ASK
2018-12-17 09:40:55,XOM,75.22,12,BID
2018-12-17 09:40:56,XOM,75.24,3,ASK
2018-12-17 09:40:55,XOM,75.22,16,BID
2018-12-17 09:31:23,XOM,75.25,18,ASK
2018-12-17 09:40:55,XOM,75.22,13,BID
2018-12-17 09:31:23,XOM,75.25,18,ASK
2018-12-17 09:40:59,XOM,75.22,18,BID
2018-12-17 09:40:59,XOM,75.24,1,ASK
2018-12-17 09:41:00,XOM,75.22,18,BID
2018-12-17 09:41:00,XOM,75.23,11,ASK
2018-12-17 09:41:01,XOM,75.22,3,BID
2018-12-17 09:41:00,XOM,75.24,10,ASK
2018-12-17 09:41:01,XOM,75.22,3,BID
2018-12-17 09:41:01,XOM,75.24,10,ASK
2018-12-17 09:41:02,XOM,75.22,16,BID
2018-12-17 09:41:03,XOM,75.24,9,ASK
2018-12-17 09:41:02,XOM,75.22,16,BID
2018-12-17 09:41:03,XOM,75.24,9,ASK
2018-12-17 09:41:02,XOM,75.22,16,BID
2018-12-17 09:41:04,XOM,75.24,8,ASK
2018-12-17 09:41:02,XOM,75.22,18,BID
2018-12-17 09:41:04,XOM,75.24,4,ASK
2018-12-17 09:41:02,XOM,75.2,14,BID
2018-12-17 09:41:06,XOM,75.22,5,ASK
2018-12-17 09:41:08,XOM,75.21,1,BID
2018-12-17 09:41:08,XOM,75.22,10,ASK
2018-12-17 09:41:08,XOM,75.21,4,BID
2018-12-17 09:41:08,XOM,75.23,13,ASK
2018-12-17 09:41:08,XOM,75.21,4,BID
2018-12-17 09:41:09,XOM,75.23,12,ASK
2018-12-17 09:41:10,XOM,75.21,5,BID
2018-12-17 09:41:10,XOM,75.23,13,ASK
2018-12-17 09:41:11,XOM,75.21,6,BID
2018-12-17 09:41:11,XOM,75.23,8,ASK
2018-12-17 09:41:11,XOM,75.21,6,BID
2018-12-17 09:41:11,XOM,75.23,8,ASK
2018-12-17 09:41:11,XOM,75.21,6,BID
2018-12-17 09:41:11,XOM,75.23,8,ASK
2018-12-17 09:41:14,XOM,75.2,4,BID
2018-12-17 09:41:14,XOM,75.22,21,ASK
2018-12-17 09:41:14,XOM,75.2,4,BID
2018-12-17 09:41:14,XOM,75.22,21,ASK
2018-12-17 09:41:16,XOM,75.2,8,BID
2018-12-17 09:41:15,XOM,75.22,21,ASK
2018-12-17 09:41:17,XOM,75.21,2,BID
2018-12-17 09:41:16,XOM,75.22,11,ASK
2018-12-17 09:41:16,XOM,75.2,9,BID
2018-12-17 09:41:18,XOM,75.22,12,ASK
2018-12-17 09:41:19,XOM,75.2,13,BID
2018-12-17 09:41:19,XOM,75.22,9,ASK
2018-12-17 09:41:20,XOM,75.2,14,BID
2018-12-17 09:41:20,XOM,75.22,12,ASK
2018-12-17 09:41:20,XOM,75.2,14,BID
2018-12-17 09:41:20,XOM,75.22,12,ASK
2018-12-17 09:41:23,XOM,75.2,2,BID
2018-12-17 09:41:23,XOM,75.21,2,ASK
2018-12-17 09:41:23,XOM,75.2,1,BID
2018-12-17 09:41:23,XOM,75.21,3,ASK
2018-12-17 09:41:23,XOM,75.2,1,BID
2018-12-17 09:41:23,XOM,75.21,3,ASK
2018-12-17 09:41:25,XOM,75.21,16,BID
2018-12-17 09:41:25,XOM,75.23,6,ASK
2018-12-17 09:41:26,XOM,75.21,16,BID
2018-12-17 09:41:25,XOM,75.23,7,ASK
2018-12-17 09:41:27,XOM,75.21,1,BID
2018-12-17 09:41:27,XOM,75.23,13,ASK
2018-12-17 09:41:29,XOM,75.22,17,BID
2018-12-17 09:41:27,XOM,75.23,14,ASK
2018-12-17 09:41:30,XOM,75.24,2,BID
2018-12-17 09:41:30,XOM,75.25,16,ASK
2018-12-17 09:41:30,XOM,75.24,11,BID
2018-12-17 09:41:30,XOM,75.25,14,ASK
2018-12-17 09:41:30,XOM,75.23,12,BID
2018-12-17 09:41:31,XOM,75.25,15,ASK
2018-12-17 09:41:32,XOM,75.24,3,BID
2018-12-17 09:41:32,XOM,75.25,15,ASK
2018-12-17 09:41:33,XOM,75.24,3,BID
2018-12-17 09:41:33,XOM,75.25,14,ASK
2018-12-17 09:41:35,XOM,75.23,15,BID
2018-12-17 09:41:35,XOM,75.24,3,ASK
2018-12-17 09:41:35,XOM,75.23,15,BID
2018-12-17 09:41:35,XOM,75.24,3,ASK
2018-12-17 09:41:37,XOM,75.2,12,BID
2018-12-17 09:41:37,XOM,75.22,13,ASK
2018-12-17 09:41:38,XOM,75.2,11,BID
2018-12-17 09:41:38,XOM,75.22,8,ASK
2018-12-17 09:41:38,XOM,75.2,13,BID
2018-12-17 09:41:38,XOM,75.22,8,ASK
2018-12-17 09:41:39,XOM,75.2,12,BID
2018-12-17 09:41:39,XOM,75.22,9,ASK
2018-12-17 09:41:41,XOM,75.19,9,BID
2018-12-17 09:41:41,XOM,75.2,1,ASK
2018-12-17 09:41:42,XOM,75.18,13,BID
2018-12-17 09:41:42,XOM,75.19,9,ASK
2018-12-17 09:41:43,XOM,75.17,10,BID
2018-12-17 09:41:43,XOM,75.19,9,ASK
2018-12-17 09:41:43,XOM,75.17,11,BID
2018-12-17 09:41:44,XOM,75.19,10,ASK
2018-12-17 09:41:45,XOM,75.17,15,BID
2018-12-17 09:41:44,XOM,75.19,17,ASK
2018-12-17 09:41:45,XOM,75.17,9,BID
2018-12-17 09:41:44,XOM,75.19,13,ASK
2018-12-17 09:41:45,XOM,75.17,9,BID
2018-12-17 09:41:46,XOM,75.19,14,ASK
2018-12-17 09:41:47,XOM,75.19,10,BID
2018-12-17 09:41:47,XOM,75.2,5,ASK
2018-12-17 09:41:48,XOM,75.19,18,BID
2018-12-17 09:41:41,XOM,75.21,29,ASK
2018-12-17 09:41:49,XOM,75.19,9,BID
2018-12-17 09:41:41,XOM,75.21,24,ASK
2018-12-17 09:41:50,XOM,75.2,1,BID
2018-12-17 09:41:41,XOM,75.21,19,ASK
2018-12-17 09:41:52,XOM,75.2,15,BID
2018-12-17 09:41:40,XOM,75.22,19,ASK
2018-12-17 09:41:52,XOM,75.22,1,BID
2018-12-17 09:41:37,XOM,75.23,9,ASK
2018-12-17 09:41:53,XOM,75.22,1,BID
2018-12-17 09:41:53,XOM,75.24,13,ASK
2018-12-17 09:41:53,XOM,75.23,2,BID
2018-12-17 09:41:53,XOM,75.24,1,ASK
2018-12-17 09:41:54,XOM,75.23,3,BID
2018-12-17 09:41:54,XOM,75.24,1,ASK
2018-12-17 09:41:56,XOM,75.22,1,BID
2018-12-17 09:41:56,XOM,75.23,14,ASK
2018-12-17 09:41:58,XOM,75.19,3,BID
2018-12-17 09:41:58,XOM,75.2,2,ASK
2018-12-17 09:41:58,XOM,75.16,12,BID
2018-12-17 09:41:58,XOM,75.18,2,ASK
2018-12-17 09:41:59,XOM,75.15,12,BID
2018-12-17 09:41:59,XOM,75.18,10,ASK
2018-12-17 09:42:01,XOM,75.14,17,BID
2018-12-17 09:42:01,XOM,75.15,10,ASK
2018-12-17 09:42:02,XOM,75.14,19,BID
2018-12-17 09:42:02,XOM,75.17,12,ASK
2018-12-17 09:42:03,XOM,75.15,3,BID
2018-12-17 09:42:03,XOM,75.16,4,ASK
2018-12-17 09:42:04,XOM,75.15,1,BID
2018-12-17 09:42:04,XOM,75.16,5,ASK
2018-12-17 09:42:05,XOM,75.14,22,BID
2018-12-17 09:42:05,XOM,75.15,8,ASK
2018-12-17 09:40:13,XOM,75.12,10,BID
2018-12-17 09:42:06,XOM,75.13,1,ASK
2018-12-17 09:42:06,XOM,75.12,19,BID
2018-12-17 09:42:07,XOM,75.14,4,ASK
2018-12-17 09:42:06,XOM,75.12,18,BID
2018-12-17 09:42:07,XOM,75.14,4,ASK
2018-12-17 09:42:09,XOM,75.12,12,BID
2018-12-17 09:42:09,XOM,75.14,10,ASK
2018-12-17 09:42:09,XOM,75.12,17,BID
2018-12-17 09:42:09,XOM,75.14,12,ASK
2018-12-17 09:42:09,XOM,75.12,17,BID
2018-12-17 09:42:09,XOM,75.14,10,ASK
2018-12-17 09:40:13,XOM,75.12,17,BID
2018-12-17 09:42:10,XOM,75.14,12,ASK
2018-12-17 09:40:13,XOM,75.12,10,BID
2018-12-17 09:42:13,XOM,75.13,10,ASK
2018-12-17 09:40:13,XOM,75.12,10,BID
2018-12-17 09:42:13,XOM,75.13,10,ASK
2018-12-17 09:40:13,XOM,75.12,10,BID
2018-12-17 09:42:15,XOM,75.13,11,ASK
2018-12-17 09:40:13,XOM,75.12,10,BID
2018-12-17 09:42:16,XOM,75.13,16,ASK
2018-12-17 09:42:17,XOM,75.1,17,BID
2018-12-17 09:42:16,XOM,75.12,14,ASK
2018-12-17 09:42:18,XOM,75.1,16,BID
2018-12-17 09:42:18,XOM,75.11,9,ASK
2018-12-17 09:42:19,XOM,75.08,9,BID
2018-12-17 09:42:19,XOM,75.1,22,ASK
2018-12-17 09:42:19,XOM,75.08,10,BID
2018-12-17 09:42:19,XOM,75.09,1,ASK
2018-12-17 09:42:20,XOM,75.06,13,BID
2018-12-17 09:42:21,XOM,75.08,18,ASK
2018-12-17 09:38:56,XOM,75.05,14,BID
2018-12-17 09:42:22,XOM,75.07,6,ASK
2018-12-17 09:38:56,XOM,75.04,21,BID
2018-12-17 09:42:23,XOM,75.05,2,ASK
2018-12-17 09:42:24,XOM,75.04,5,BID
2018-12-17 09:42:24,XOM,75.05,15,ASK
2018-12-17 09:42:25,XOM,75.05,16,BID
2018-12-17 09:42:25,XOM,75.07,10,ASK
2018-12-17 09:42:26,XOM,75.05,1,BID
2018-12-17 09:42:26,XOM,75.07,17,ASK
2018-12-17 09:42:26,XOM,75.05,9,BID
2018-12-17 09:42:26,XOM,75.07,16,ASK
2018-12-17 09:42:27,XOM,75.06,5,BID
2018-12-17 09:42:27,XOM,75.07,12,ASK
2018-12-17 09:42:28,XOM,75.06,16,BID
2018-12-17 09:42:28,XOM,75.08,17,ASK
2018-12-17 09:42:29,XOM,75.05,15,BID
2018-12-17 09:42:30,XOM,75.07,20,ASK
2018-12-17 09:42:29,XOM,75.05,15,BID
2018-12-17 09:42:31,XOM,75.07,17,ASK
2018-12-17 09:42:29,XOM,75.05,15,BID
2018-12-17 09:42:31,XOM,75.07,17,ASK
2018-12-17 09:42:26,XOM,75.04,9,BID
2018-12-17 09:42:33,XOM,75.06,5,ASK
2018-12-17 09:42:26,XOM,75.04,8,BID
2018-12-17 09:42:33,XOM,75.06,9,ASK
2018-12-17 09:42:24,XOM,75.03,14,BID
2018-12-17 09:42:35,XOM,75.04,1,ASK
2018-12-17 09:42:24,XOM,75.03,14,BID
2018-12-17 09:42:36,XOM,75.05,11,ASK
2018-12-17 09:42:24,XOM,75.03,14,BID
2018-12-17 09:42:37,XOM,75.05,20,ASK
2018-12-17 09:42:24,XOM,75.03,13,BID
2018-12-17 09:42:37,XOM,75.05,19,ASK
2018-12-17 09:42:24,XOM,75.03,13,BID
2018-12-17 09:42:37,XOM,75.05,19,ASK
2018-12-17 09:42:40,XOM,75.02,13,BID
2018-12-17 09:42:40,XOM,75.03,4,ASK
2018-12-17 09:42:40,XOM,75.02,20,BID
2018-12-17 09:42:40,XOM,75.03,2,ASK
2018-12-17 09:42:41,XOM,75.02,23,BID
2018-12-17 09:42:41,XOM,75.04,20,ASK
2018-12-17 09:42:41,XOM,75.02,23,BID
2018-12-17 09:42:41,XOM,75.04,20,ASK
2018-12-17 09:42:41,XOM,75.02,16,BID
2018-12-17 09:42:44,XOM,75.04,20,ASK
2018-12-17 09:42:41,XOM,75.02,18,BID
2018-12-17 09:42:44,XOM,75.04,20,ASK
2018-12-17 09:42:41,XOM,75.02,18,BID
2018-12-17 09:42:44,XOM,75.04,20,ASK
2018-12-17 09:42:41,XOM,75.02,18,BID
2018-12-17 09:42:44,XOM,75.04,20,ASK
2018-12-17 09:42:48,XOM,75.01,10,BID
2018-12-17 09:42:48,XOM,75.02,4,ASK
2018-12-17 09:42:49,XOM,75.02,24,BID
2018-12-17 09:42:49,XOM,75.03,7,ASK
2018-12-17 09:42:50,XOM,75.03,22,BID
2018-12-17 09:42:50,XOM,75.05,21,ASK
2018-12-17 09:42:51,XOM,75.03,18,BID
2018-12-17 09:42:50,XOM,75.05,19,ASK
2018-12-17 09:42:51,XOM,75.03,15,BID
2018-12-17 09:42:52,XOM,75.05,13,ASK
2018-12-17 09:42:53,XOM,75.03,12,BID
2018-12-17 09:42:53,XOM,75.05,16,ASK
2018-12-17 09:42:54,XOM,75.03,16,BID
2018-12-17 09:42:54,XOM,75.05,13,ASK
2018-12-17 09:42:54,XOM,75.03,14,BID
2018-12-17 09:42:54,XOM,75.05,13,ASK
2018-12-17 09:42:56,XOM,75.05,15,BID
2018-12-17 09:42:56,XOM,75.06,10,ASK
2018-12-17 09:42:57,XOM,75.04,15,BID
2018-12-17 09:42:56,XOM,75.06,14,ASK
2018-12-17 09:42:57,XOM,75.04,13,BID
2018-12-17 09:42:56,XOM,75.06,15,ASK
2018-12-17 09:42:57,XOM,75.04,7,BID
2018-12-17 09:42:59,XOM,75.05,1,ASK
2018-12-17 09:43:00,XOM,75.03,15,BID
2018-12-17 09:43:00,XOM,75.05,9,ASK
2018-12-17 09:43:01,XOM,75.04,1,BID
2018-12-17 09:43:00,XOM,75.05,9,ASK
2018-12-17 09:43:01,XOM,75.04,1,BID
2018-12-17 09:43:00,XOM,75.05,9,ASK
2018-12-17 09:43:02,XOM,75.04,2,BID
2018-12-17 09:43:00,XOM,75.05,9,ASK
2018-12-17 09:43:04,XOM,75.05,21,BID
2018-12-17 09:42:32,XOM,75.07,18,ASK
2018-12-17 09:43:05,XOM,75.05,15,BID
2018-12-17 09:42:32,XOM,75.07,22,ASK
2018-12-17 09:43:05,XOM,75.05,16,BID
2018-12-17 09:42:32,XOM,75.07,22,ASK
2018-12-17 09:43:07,XOM,75.05,10,BID
2018-12-17 09:43:07,XOM,75.06,5,ASK
2018-12-17 09:43:07,XOM,75.05,10,BID
2018-12-17 09:43:08,XOM,75.06,10,ASK
2018-12-17 09:43:09,XOM,75.02,53,BID
2018-12-17 09:43:09,XOM,75.03,3,ASK
2018-12-17 09:43:09,XOM,75.02,53,BID
2018-12-17 09:43:09,XOM,75.03,4,ASK
2018-12-17 09:43:11,XOM,75.03,12,BID
2018-12-17 09:43:11,XOM,75.05,2,ASK
2018-12-17 09:42:49,XOM,75.02,53,BID
2018-12-17 09:43:12,XOM,75.04,3,ASK
2018-12-17 09:43:13,XOM,75.03,9,BID
2018-12-17 09:43:13,XOM,75.04,9,ASK
2018-12-17 09:43:14,XOM,75.03,3,BID
2018-12-17 09:43:13,XOM,75.04,11,ASK
2018-12-17 09:42:49,XOM,75.02,52,BID
2018-12-17 09:43:15,XOM,75.03,4,ASK
2018-12-17 09:42:49,XOM,75.02,52,BID
2018-12-17 09:43:16,XOM,75.03,4,ASK
2018-12-17 09:42:49,XOM,75.02,44,BID
2018-12-17 09:43:17,XOM,75.03,26,ASK
2018-12-17 09:35:59,XOM,75.0,18,BID
2018-12-17 09:43:18,XOM,75.01,13,ASK
2018-12-17 09:43:19,XOM,74.97,17,BID
2018-12-17 09:43:19,XOM,74.99,29,ASK
2018-12-17 09:43:19,XOM,74.98,27,BID
2018-12-17 09:43:19,XOM,74.99,13,ASK
2018-12-17 09:43:20,XOM,74.99,18,BID
2018-12-17 09:43:19,XOM,75.01,6,ASK
2018-12-17 09:43:20,XOM,74.98,28,BID
2018-12-17 09:43:20,XOM,75.0,3,ASK
2018-12-17 09:43:21,XOM,74.97,19,BID
2018-12-17 09:43:21,XOM,74.98,2,ASK
2018-12-17 09:43:21,XOM,74.97,17,BID
2018-12-17 09:43:21,XOM,74.98,2,ASK
2018-12-17 09:43:21,XOM,74.99,18,BID
2018-12-17 09:43:21,XOM,75.0,13,ASK
2018-12-17 09:43:22,XOM,75.0,3,BID
2018-12-17 09:43:22,XOM,75.01,14,ASK
2018-12-17 09:43:22,XOM,75.0,2,BID
2018-12-17 09:43:22,XOM,75.01,18,ASK
2018-12-17 09:43:23,XOM,75.01,13,BID
2018-12-17 09:43:23,XOM,75.02,2,ASK
2018-12-17 09:43:23,XOM,75.01,13,BID
2018-12-17 09:43:23,XOM,75.02,3,ASK
2018-12-17 09:43:25,XOM,75.02,14,BID
2018-12-17 09:43:14,XOM,75.04,14,ASK
2018-12-17 09:43:26,XOM,75.01,14,BID
2018-12-17 09:43:26,XOM,75.03,25,ASK
2018-12-17 09:43:28,XOM,74.99,5,BID
2018-12-17 09:43:28,XOM,75.01,8,ASK
2018-12-17 09:43:29,XOM,74.99,1,BID
2018-12-17 09:43:29,XOM,75.01,8,ASK
2018-12-17 09:43:30,XOM,74.98,25,BID
2018-12-17 09:43:29,XOM,75.01,13,ASK
2018-12-17 09:43:31,XOM,74.98,24,BID
2018-12-17 09:43:29,XOM,75.01,14,ASK
2018-12-17 09:43:21,XOM,74.97,16,BID
2018-12-17 09:43:32,XOM,74.99,16,ASK
2018-12-17 09:43:21,XOM,74.97,8,BID
2018-12-17 09:43:32,XOM,74.99,18,ASK
2018-12-17 09:43:34,XOM,74.96,23,BID
2018-12-17 09:43:36,XOM,74.99,16,ASK
2018-12-17 09:43:38,XOM,74.95,21,BID
2018-12-17 09:43:38,XOM,74.96,6,ASK
2018-12-17 09:43:38,XOM,74.95,8,BID
2018-12-17 09:43:38,XOM,74.96,28,ASK
2018-12-17 09:43:39,XOM,74.93,13,BID
2018-12-17 09:43:39,XOM,74.95,17,ASK
2018-12-17 09:43:39,XOM,74.95,2,BID
2018-12-17 09:43:39,XOM,74.96,20,ASK
2018-12-17 09:43:40,XOM,74.95,7,BID
2018-12-17 09:43:40,XOM,74.96,19,ASK
2018-12-17 09:43:41,XOM,74.93,15,BID
2018-12-17 09:43:41,XOM,74.94,3,ASK
2018-12-17 09:43:41,XOM,74.93,15,BID
2018-12-17 09:43:41,XOM,74.94,3,ASK
2018-12-17 09:43:41,XOM,74.93,14,BID
2018-12-17 09:43:44,XOM,74.94,5,ASK
2018-12-17 09:43:41,XOM,74.93,14,BID
2018-12-17 09:43:44,XOM,74.94,5,ASK
2018-12-17 09:43:48,XOM,74.94,3,BID
2018-12-17 09:43:48,XOM,74.95,19,ASK
2018-12-17 09:43:49,XOM,74.93,19,BID
2018-12-17 09:43:49,XOM,74.95,20,ASK
2018-12-17 09:43:48,XOM,74.92,17,BID
2018-12-17 09:43:50,XOM,74.95,17,ASK
2018-12-17 09:43:51,XOM,74.91,10,BID
2018-12-17 09:43:51,XOM,74.93,10,ASK
2018-12-17 09:43:52,XOM,74.91,10,BID
2018-12-17 09:43:52,XOM,74.93,16,ASK
2018-12-17 09:43:53,XOM,74.91,12,BID
2018-12-17 09:43:53,XOM,74.93,15,ASK
2018-12-17 09:43:54,XOM,74.91,10,BID
2018-12-17 09:43:54,XOM,74.93,16,ASK
2018-12-17 09:43:55,XOM,74.91,10,BID
2018-12-17 09:43:54,XOM,74.93,14,ASK
2018-12-17 09:43:56,XOM,74.91,10,BID
2018-12-17 09:43:56,XOM,74.93,14,ASK
2018-12-17 09:43:57,XOM,74.91,10,BID
2018-12-17 09:43:56,XOM,74.93,15,ASK
2018-12-17 09:43:58,XOM,74.91,10,BID
2018-12-17 09:43:56,XOM,74.93,14,ASK
2018-12-17 09:43:59,XOM,74.92,1,BID
2018-12-17 09:43:56,XOM,74.93,7,ASK
2018-12-17 09:44:00,XOM,74.92,1,BID
2018-12-17 09:43:56,XOM,74.93,7,ASK
2018-12-17 09:44:01,XOM,74.93,5,BID
2018-12-17 09:44:01,XOM,74.94,17,ASK
2018-12-17 09:44:02,XOM,74.92,7,BID
2018-12-17 09:44:02,XOM,74.94,3,ASK
2018-12-17 09:44:04,XOM,74.94,25,BID
2018-12-17 09:43:40,XOM,74.96,16,ASK
2018-12-17 09:44:04,XOM,74.94,26,BID
2018-12-17 09:43:40,XOM,74.96,13,ASK
2018-12-17 09:44:05,XOM,74.96,19,BID
2018-12-17 09:44:05,XOM,74.97,2,ASK
2018-12-17 09:44:06,XOM,74.96,18,BID
2018-12-17 09:43:36,XOM,74.99,15,ASK
2018-12-17 09:44:06,XOM,74.97,1,BID
2018-12-17 09:43:36,XOM,74.99,15,ASK
2018-12-17 09:44:07,XOM,74.97,3,BID
2018-12-17 09:43:36,XOM,74.99,13,ASK
2018-12-17 09:44:08,XOM,74.97,14,BID
2018-12-17 09:44:08,XOM,74.99,11,ASK
2018-12-17 09:44:08,XOM,74.97,14,BID
2018-12-17 09:44:08,XOM,74.99,11,ASK
2018-12-17 09:44:10,XOM,74.97,14,BID
2018-12-17 09:44:10,XOM,74.99,11,ASK
2018-12-17 09:44:11,XOM,75.0,8,BID
2018-12-17 09:44:11,XOM,75.02,13,ASK
2018-12-17 09:44:12,XOM,75.0,8,BID
2018-12-17 09:44:11,XOM,75.02,13,ASK
2018-12-17 09:44:12,XOM,75.0,6,BID
2018-12-17 09:44:11,XOM,75.02,13,ASK
2018-12-17 09:44:15,XOM,74.98,9,BID
2018-12-17 09:44:15,XOM,75.0,4,ASK
2018-12-17 09:44:16,XOM,74.97,9,BID
2018-12-17 09:44:16,XOM,74.99,9,ASK
2018-12-17 09:44:17,XOM,74.97,6,BID
2018-12-17 09:44:17,XOM,74.99,11,ASK
2018-12-17 09:44:18,XOM,74.97,4,BID
2018-12-17 09:44:18,XOM,74.99,13,ASK
2018-12-17 09:44:19,XOM,74.97,27,BID
2018-12-17 09:44:20,XOM,74.99,7,ASK
2018-12-17 09:44:20,XOM,74.97,15,BID
2018-12-17 09:44:20,XOM,74.99,8,ASK
2018-12-17 09:44:21,XOM,74.97,18,BID
2018-12-17 09:44:21,XOM,74.99,8,ASK
2018-12-17 09:44:21,XOM,74.97,18,BID
2018-12-17 09:44:22,XOM,74.99,8,ASK
2018-12-17 09:44:21,XOM,74.97,14,BID
2018-12-17 09:44:22,XOM,74.99,8,ASK
2018-12-17 09:44:24,XOM,74.97,18,BID
2018-12-17 09:44:24,XOM,74.99,7,ASK
2018-12-17 09:44:24,XOM,74.97,16,BID
2018-12-17 09:44:24,XOM,74.99,7,ASK
2018-12-17 09:44:24,XOM,74.97,18,BID
2018-12-17 09:44:26,XOM,74.99,7,ASK
2018-12-17 09:44:24,XOM,74.97,16,BID
2018-12-17 09:44:28,XOM,74.99,7,ASK
2018-12-17 09:44:24,XOM,74.97,17,BID
2018-12-17 09:44:28,XOM,74.99,6,ASK
2018-12-17 09:44:24,XOM,74.97,17,BID
2018-12-17 09:44:28,XOM,74.99,6,ASK
2018-12-17 09:44:24,XOM,74.97,16,BID
2018-12-17 09:44:28,XOM,74.99,6,ASK
2018-12-17 09:44:24,XOM,74.97,17,BID
2018-12-17 09:44:28,XOM,74.99,6,ASK
2018-12-17 09:44:24,XOM,74.97,17,BID
2018-12-17 09:44:28,XOM,74.99,6,ASK
2018-12-17 09:44:34,XOM,74.98,13,BID
2018-12-17 09:44:34,XOM,75.01,12,ASK
2018-12-17 09:44:24,XOM,74.97,17,BID
2018-12-17 09:44:35,XOM,74.98,11,ASK
2018-12-17 09:44:35,XOM,74.98,10,BID
2018-12-17 09:44:35,XOM,75.0,11,ASK
2018-12-17 09:44:36,XOM,74.99,20,BID
2018-12-17 09:44:36,XOM,75.01,10,ASK
2018-12-17 09:44:37,XOM,75.0,11,BID
2018-12-17 09:44:37,XOM,75.02,2,ASK
2018-12-17 09:44:38,XOM,75.0,13,BID
2018-12-17 09:44:39,XOM,75.02,3,ASK
2018-12-17 09:44:40,XOM,74.99,19,BID
2018-12-17 09:44:40,XOM,75.0,3,ASK
2018-12-17 09:44:41,XOM,75.0,14,BID
2018-12-17 09:44:39,XOM,75.01,13,ASK
2018-12-17 09:44:41,XOM,75.0,22,BID
2018-12-17 09:44:42,XOM,75.02,6,ASK
2018-12-17 09:44:43,XOM,75.01,9,BID
2018-12-17 09:44:43,XOM,75.03,7,ASK
2018-12-17 09:44:43,XOM,75.01,27,BID
2018-12-17 09:44:43,XOM,75.03,7,ASK
2018-12-17 09:44:44,XOM,75.01,20,BID
2018-12-17 09:44:45,XOM,75.03,7,ASK
2018-12-17 09:44:44,XOM,75.01,20,BID
2018-12-17 09:44:45,XOM,75.03,8,ASK
2018-12-17 09:44:44,XOM,75.01,20,BID
2018-12-17 09:44:47,XOM,75.02,1,ASK
2018-12-17 09:44:44,XOM,75.01,20,BID
2018-12-17 09:44:47,XOM,75.02,1,ASK
2018-12-17 09:44:44,XOM,75.01,20,BID
2018-12-17 09:44:48,XOM,75.03,3,ASK
2018-12-17 09:44:49,XOM,75.02,30,BID
2018-12-17 09:43:13,XOM,75.04,11,ASK
2018-12-17 09:44:51,XOM,75.02,15,BID
2018-12-17 09:44:51,XOM,75.03,3,ASK
2018-12-17 09:44:51,XOM,75.01,23,BID
2018-12-17 09:44:51,XOM,75.03,4,ASK
2018-12-17 09:44:52,XOM,75.01,22,BID
2018-12-17 09:44:53,XOM,75.03,4,ASK
2018-12-17 09:44:53,XOM,75.02,17,BID
2018-12-17 09:44:54,XOM,75.04,8,ASK
2018-12-17 09:44:54,XOM,75.03,17,BID
2018-12-17 09:44:55,XOM,75.05,2,ASK
2018-12-17 09:44:54,XOM,75.03,16,BID
2018-12-17 09:44:55,XOM,75.05,3,ASK
2018-12-17 09:44:57,XOM,75.03,12,BID
2018-12-17 09:44:57,XOM,75.04,1,ASK
2018-12-17 09:44:53,XOM,75.02,15,BID
2018-12-17 09:44:57,XOM,75.04,17,ASK
2018-12-17 09:44:58,XOM,75.02,11,BID
2018-12-17 09:44:58,XOM,75.04,16,ASK
2018-12-17 09:45:00,XOM,75.01,20,BID
2018-12-17 09:45:00,XOM,75.02,3,ASK
2018-12-17 09:45:00,XOM,75.02,1,BID
2018-12-17 09:45:00,XOM,75.02,3,ASK
2018-12-17 09:45:00,XOM,75.01,22,BID
2018-12-17 09:45:01,XOM,75.03,16,ASK
2018-12-17 09:45:02,XOM,75.02,2,BID
2018-12-17 09:45:01,XOM,75.03,13,ASK
2018-12-17 09:45:02,XOM,75.0,10,BID
2018-12-17 09:45:02,XOM,75.01,4,ASK
2018-12-17 09:45:02,XOM,75.0,11,BID
2018-12-17 09:45:04,XOM,75.01,6,ASK
2018-12-17 09:45:06,XOM,75.0,17,BID
2018-12-17 09:45:05,XOM,75.02,16,ASK
2018-12-17 09:45:07,XOM,75.0,7,BID
2018-12-17 09:45:05,XOM,75.02,22,ASK
2018-12-17 09:44:24,XOM,74.97,16,BID
2018-12-17 09:45:08,XOM,74.99,3,ASK
2018-12-17 09:45:09,XOM,74.96,23,BID
2018-12-17 09:45:09,XOM,74.97,6,ASK
2018-12-17 09:45:09,XOM,74.97,22,BID
2018-12-17 09:45:09,XOM,74.99,14,ASK
2018-12-17 09:45:09,XOM,74.97,19,BID
2018-12-17 09:45:09,XOM,74.99,14,ASK
2018-12-17 09:45:09,XOM,74.97,19,BID
2018-12-17 09:45:11,XOM,74.99,21,ASK
2018-12-17 09:45:09,XOM,74.97,19,BID
2018-12-17 09:45:08,XOM,74.99,16,ASK
2018-12-17 09:45:13,XOM,74.98,25,BID
2018-12-17 09:45:13,XOM,75.0,1,ASK
2018-12-17 09:45:14,XOM,74.99,11,BID
2018-12-17 09:45:14,XOM,75.01,11,ASK
2018-12-17 09:45:14,XOM,74.99,11,BID
2018-12-17 09:45:16,XOM,75.01,15,ASK
2018-12-17 09:45:16,XOM,75.0,23,BID
2018-12-17 09:45:16,XOM,75.02,13,ASK
2018-12-17 09:45:17,XOM,74.97,21,BID
2018-12-17 09:45:17,XOM,74.99,20,ASK
2018-12-17 09:45:19,XOM,75.0,15,BID
2018-12-17 09:45:18,XOM,75.01,14,ASK
2018-12-17 09:45:19,XOM,75.0,17,BID
2018-12-17 09:45:19,XOM,75.02,22,ASK
2018-12-17 09:45:20,XOM,74.98,18,BID
2018-12-17 09:45:20,XOM,75.0,23,ASK
2018-12-17 09:45:21,XOM,75.0,4,BID
2018-12-17 09:45:21,XOM,75.01,13,ASK
2018-12-17 09:45:21,XOM,75.0,8,BID
2018-12-17 09:45:21,XOM,75.01,6,ASK
2018-12-17 09:45:22,XOM,75.01,4,BID
2018-12-17 09:45:02,XOM,75.03,23,ASK
2018-12-17 09:45:23,XOM,74.99,7,BID
2018-12-17 09:45:23,XOM,75.01,23,ASK
2018-12-17 09:45:24,XOM,74.99,2,BID
2018-12-17 09:45:24,XOM,75.01,3,ASK
2018-12-17 09:45:25,XOM,75.01,15,BID
2018-12-17 09:45:02,XOM,75.03,21,ASK
2018-12-17 09:45:26,XOM,75.0,14,BID
2018-12-17 09:45:26,XOM,75.02,12,ASK
2018-12-17 09:45:27,XOM,75.0,17,BID
2018-12-17 09:45:02,XOM,75.03,29,ASK
2018-12-17 09:45:30,XOM,75.0,13,BID
2018-12-17 09:45:30,XOM,75.01,7,ASK
2018-12-17 09:45:30,XOM,75.0,13,BID
2018-12-17 09:45:30,XOM,75.01,7,ASK
2018-12-17 09:45:32,XOM,75.0,13,BID
2018-12-17 09:45:32,XOM,75.01,6,ASK
2018-12-17 09:45:32,XOM,75.0,13,BID
2018-12-17 09:45:32,XOM,75.01,6,ASK
2018-12-17 09:45:32,XOM,75.0,9,BID
2018-12-17 09:45:34,XOM,75.01,6,ASK
2018-12-17 09:45:35,XOM,75.01,19,BID
2018-12-17 09:45:34,XOM,75.02,15,ASK
2018-12-17 09:45:35,XOM,75.01,22,BID
2018-12-17 09:45:35,XOM,75.02,19,ASK
2018-12-17 09:45:35,XOM,75.0,17,BID
2018-12-17 09:45:35,XOM,75.01,2,ASK
2018-12-17 09:45:37,XOM,75.0,16,BID
2018-12-17 09:45:38,XOM,75.02,19,ASK
2018-12-17 09:45:39,XOM,75.0,14,BID
2018-12-17 09:45:39,XOM,75.02,22,ASK
2018-12-17 09:45:40,XOM,75.01,1,BID
2018-12-17 09:45:40,XOM,75.02,18,ASK
2018-12-17 09:45:41,XOM,75.01,11,BID
2018-12-17 09:45:02,XOM,75.03,38,ASK
2018-12-17 09:45:41,XOM,75.01,11,BID
2018-12-17 09:45:02,XOM,75.03,38,ASK
2018-12-17 09:45:43,XOM,75.01,13,BID
2018-12-17 09:45:02,XOM,75.03,38,ASK
2018-12-17 09:45:44,XOM,75.02,6,BID
2018-12-17 09:45:02,XOM,75.03,39,ASK
2018-12-17 09:45:43,XOM,75.01,13,BID
2018-12-17 09:45:02,XOM,75.03,39,ASK
2018-12-17 09:45:43,XOM,75.01,13,BID
2018-12-17 09:45:46,XOM,75.02,2,ASK
2018-12-17 09:45:43,XOM,75.01,11,BID
2018-12-17 09:45:02,XOM,75.03,39,ASK
2018-12-17 09:45:43,XOM,75.01,11,BID
2018-12-17 09:45:02,XOM,75.03,39,ASK
2018-12-17 09:45:43,XOM,75.01,11,BID
2018-12-17 09:45:49,XOM,75.02,10,ASK
2018-12-17 09:45:43,XOM,75.01,10,BID
2018-12-17 09:45:50,XOM,75.02,12,ASK
2018-12-17 09:45:43,XOM,75.01,10,BID
2018-12-17 09:45:50,XOM,75.02,14,ASK
2018-12-17 09:45:52,XOM,75.05,14,BID
2018-12-17 09:45:52,XOM,75.07,30,ASK
2018-12-17 09:45:53,XOM,75.02,16,BID
2018-12-17 09:45:53,XOM,75.05,12,ASK
2018-12-17 09:45:54,XOM,75.02,20,BID
2018-12-17 09:45:54,XOM,75.05,11,ASK
2018-12-17 09:45:55,XOM,75.02,12,BID
2018-12-17 09:45:55,XOM,75.04,12,ASK
2018-12-17 09:45:56,XOM,75.02,6,BID
2018-12-17 09:45:56,XOM,75.04,13,ASK
2018-12-17 09:45:56,XOM,75.02,10,BID
2018-12-17 09:45:57,XOM,75.04,7,ASK
2018-12-17 09:45:58,XOM,75.04,8,BID
2018-12-17 09:45:57,XOM,75.06,10,ASK
2018-12-17 09:45:59,XOM,75.04,11,BID
2018-12-17 09:45:57,XOM,75.06,9,ASK
2018-12-17 09:46:00,XOM,75.06,10,BID
2018-12-17 09:46:00,XOM,75.07,1,ASK
2018-12-17 09:46:01,XOM,75.06,23,BID
2018-12-17 09:42:19,XOM,75.09,15,ASK
2018-12-17 09:46:01,XOM,75.07,7,BID
2018-12-17 09:46:01,XOM,75.09,10,ASK
2018-12-17 09:46:03,XOM,75.08,1,BID
2018-12-17 09:46:01,XOM,75.09,14,ASK
2018-12-17 09:46:04,XOM,75.08,1,BID
2018-12-17 09:46:04,XOM,75.1,12,ASK
2018-12-17 09:46:05,XOM,75.09,3,BID
2018-12-17 09:42:19,XOM,75.11,22,ASK
2018-12-17 09:46:06,XOM,75.1,2,BID
2018-12-17 09:46:06,XOM,75.12,14,ASK
2018-12-17 09:46:07,XOM,75.12,4,BID
2018-12-17 09:42:10,XOM,75.14,19,ASK
2018-12-17 09:46:07,XOM,75.12,13,BID
2018-12-17 09:42:10,XOM,75.14,16,ASK
2018-12-17 09:46:09,XOM,75.12,15,BID
2018-12-17 09:42:10,XOM,75.14,9,ASK
2018-12-17 09:46:10,XOM,75.14,1,BID
2018-12-17 09:46:10,XOM,75.16,18,ASK
2018-12-17 09:46:11,XOM,75.15,2,BID
2018-12-17 09:42:01,XOM,75.17,11,ASK
2018-12-17 09:46:12,XOM,75.15,1,BID
2018-12-17 09:46:12,XOM,75.17,13,ASK
2018-12-17 09:46:13,XOM,75.15,3,BID
2018-12-17 09:46:13,XOM,75.17,13,ASK
2018-12-17 09:46:13,XOM,75.15,3,BID
2018-12-17 09:46:14,XOM,75.17,13,ASK
2018-12-17 09:46:15,XOM,75.18,1,BID
2018-12-17 09:46:15,XOM,75.19,16,ASK
2018-12-17 09:46:16,XOM,75.17,1,BID
2018-12-17 09:46:16,XOM,75.18,4,ASK
2018-12-17 09:46:17,XOM,75.16,19,BID
2018-12-17 09:46:17,XOM,75.17,1,ASK
2018-12-17 09:46:17,XOM,75.16,19,BID
2018-12-17 09:46:18,XOM,75.17,2,ASK
2018-12-17 09:46:18,XOM,75.16,19,BID
2018-12-17 09:46:18,XOM,75.17,1,ASK
2018-12-17 09:46:18,XOM,75.16,19,BID
2018-12-17 09:46:20,XOM,75.17,1,ASK
2018-12-17 09:46:20,XOM,75.16,21,BID
2018-12-17 09:46:21,XOM,75.18,13,ASK
2018-12-17 09:46:22,XOM,75.16,20,BID
2018-12-17 09:46:22,XOM,75.17,2,ASK
2018-12-17 09:46:22,XOM,75.16,20,BID
2018-12-17 09:46:22,XOM,75.18,12,ASK
2018-12-17 09:46:22,XOM,75.16,20,BID
2018-12-17 09:46:22,XOM,75.18,12,ASK
2018-12-17 09:46:25,XOM,75.15,15,BID
2018-12-17 09:46:25,XOM,75.17,2,ASK
2018-12-17 09:46:26,XOM,75.16,1,BID
2018-12-17 09:46:26,XOM,75.18,14,ASK
2018-12-17 09:46:27,XOM,75.16,5,BID
2018-12-17 09:46:27,XOM,75.18,15,ASK
2018-12-17 09:46:27,XOM,75.16,5,BID
2018-12-17 09:46:27,XOM,75.18,15,ASK
2018-12-17 09:46:25,XOM,75.15,19,BID
2018-12-17 09:46:29,XOM,75.17,1,ASK
2018-12-17 09:46:25,XOM,75.15,16,BID
2018-12-17 09:46:30,XOM,75.17,2,ASK
2018-12-17 09:46:31,XOM,75.15,13,BID
2018-12-17 09:46:31,XOM,75.17,13,ASK
2018-12-17 09:46:31,XOM,75.18,1,BID
2018-12-17 09:46:16,XOM,75.19,17,ASK
2018-12-17 09:46:32,XOM,75.19,4,BID
2018-12-17 09:41:58,XOM,75.21,18,ASK
2018-12-17 09:46:32,XOM,75.19,8,BID
2018-12-17 09:46:32,XOM,75.21,19,ASK
2018-12-17 09:46:32,XOM,75.19,6,BID
2018-12-17 09:46:33,XOM,75.21,19,ASK
2018-12-17 09:46:34,XOM,75.2,4,BID
2018-12-17 09:46:34,XOM,75.21,18,ASK
2018-12-17 09:46:36,XOM,75.2,5,BID
2018-12-17 09:46:36,XOM,75.22,12,ASK
2018-12-17 09:46:37,XOM,75.19,19,BID
2018-12-17 09:46:38,XOM,75.2,1,ASK
2018-12-17 09:46:37,XOM,75.19,19,BID
2018-12-17 09:46:39,XOM,75.22,14,ASK
2018-12-17 09:46:37,XOM,75.19,19,BID
2018-12-17 09:46:39,XOM,75.22,14,ASK
2018-12-17 09:46:37,XOM,75.19,18,BID
2018-12-17 09:46:40,XOM,75.22,14,ASK
2018-12-17 09:46:42,XOM,75.19,16,BID
2018-12-17 09:46:42,XOM,75.2,2,ASK
2018-12-17 09:46:42,XOM,75.19,16,BID
2018-12-17 09:46:43,XOM,75.2,3,ASK
2018-12-17 09:46:44,XOM,75.17,2,BID
2018-12-17 09:46:44,XOM,75.18,4,ASK
2018-12-17 09:46:45,XOM,75.17,20,BID
2018-12-17 09:46:45,XOM,75.19,14,ASK
2018-12-17 09:46:45,XOM,75.17,18,BID
2018-12-17 09:46:45,XOM,75.19,14,ASK
2018-12-17 09:46:45,XOM,75.17,17,BID
2018-12-17 09:46:45,XOM,75.19,14,ASK
2018-12-17 09:46:48,XOM,75.17,2,BID
2018-12-17 09:46:48,XOM,75.18,9,ASK
2018-12-17 09:46:49,XOM,75.17,10,BID
2018-12-17 09:46:49,XOM,75.19,23,ASK
2018-12-17 09:46:50,XOM,75.16,9,BID
2018-12-17 09:46:50,XOM,75.18,4,ASK
2018-12-17 09:46:51,XOM,75.16,8,BID
2018-12-17 09:46:51,XOM,75.18,21,ASK
2018-12-17 09:46:31,XOM,75.15,14,BID
2018-12-17 09:46:52,XOM,75.17,17,ASK
2018-12-17 09:46:31,XOM,75.15,12,BID
2018-12-17 09:46:52,XOM,75.17,17,ASK
2018-12-17 09:46:31,XOM,75.15,12,BID
2018-12-17 09:46:52,XOM,75.17,14,ASK
2018-12-17 09:46:31,XOM,75.15,12,BID
2018-12-17 09:46:52,XOM,75.17,14,ASK
2018-12-17 09:46:31,XOM,75.15,12,BID
2018-12-17 09:46:52,XOM,75.17,14,ASK
2018-12-17 09:46:31,XOM,75.15,11,BID
2018-12-17 09:46:52,XOM,75.17,21,ASK
2018-12-17 09:46:31,XOM,75.15,12,BID
2018-12-17 09:46:58,XOM,75.17,21,ASK
2018-12-17 09:46:59,XOM,75.15,1,BID
2018-12-17 09:46:59,XOM,75.16,9,ASK
2018-12-17 09:47:00,XOM,75.14,15,BID
2018-12-17 09:47:00,XOM,75.16,21,ASK
2018-12-17 09:47:01,XOM,75.14,7,BID
2018-12-17 09:47:00,XOM,75.16,27,ASK
2018-12-17 09:47:02,XOM,75.13,18,BID
2018-12-17 09:47:02,XOM,75.14,2,ASK
2018-12-17 09:47:03,XOM,75.16,14,BID
2018-12-17 09:47:03,XOM,75.17,19,ASK
2018-12-17 09:47:03,XOM,75.16,10,BID
2018-12-17 09:47:03,XOM,75.18,2,ASK
2018-12-17 09:47:05,XOM,75.15,3,BID
2018-12-17 09:47:04,XOM,75.16,11,ASK
2018-12-17 09:47:06,XOM,75.15,14,BID
2018-12-17 09:47:06,XOM,75.17,15,ASK
2018-12-17 09:47:06,XOM,75.15,16,BID
2018-12-17 09:47:06,XOM,75.17,15,ASK
2018-12-17 09:47:08,XOM,75.16,10,BID
2018-12-17 09:47:06,XOM,75.17,13,ASK
2018-12-17 09:47:09,XOM,75.14,15,BID
2018-12-17 09:47:09,XOM,75.16,9,ASK
2018-12-17 09:47:10,XOM,75.13,23,BID
2018-12-17 09:47:10,XOM,75.15,14,ASK
2018-12-17 09:47:11,XOM,75.13,23,BID
2018-12-17 09:47:10,XOM,75.15,15,ASK
2018-12-17 09:47:11,XOM,75.13,23,BID
2018-12-17 09:47:10,XOM,75.15,15,ASK
2018-12-17 09:47:02,XOM,75.13,23,BID
2018-12-17 09:47:13,XOM,75.15,13,ASK
2018-12-17 09:47:02,XOM,75.13,22,BID
2018-12-17 09:47:14,XOM,75.15,19,ASK
2018-12-17 09:47:02,XOM,75.13,22,BID
2018-12-17 09:47:14,XOM,75.15,19,ASK
2018-12-17 09:47:02,XOM,75.13,22,BID
2018-12-17 09:47:14,XOM,75.15,19,ASK
2018-12-17 09:47:17,XOM,75.15,1,BID
2018-12-17 09:47:17,XOM,75.16,8,ASK
2018-12-17 09:47:18,XOM,75.14,11,BID
2018-12-17 09:47:18,XOM,75.15,1,ASK
2018-12-17 09:47:19,XOM,75.14,10,BID
2018-12-17 09:47:19,XOM,75.16,21,ASK
2018-12-17 09:47:20,XOM,75.14,20,BID
2018-12-17 09:47:20,XOM,75.16,19,ASK
2018-12-17 09:47:21,XOM,75.14,20,BID
2018-12-17 09:47:20,XOM,75.16,15,ASK
2018-12-17 09:47:21,XOM,75.14,20,BID
2018-12-17 09:47:20,XOM,75.16,15,ASK
2018-12-17 09:47:23,XOM,75.14,20,BID
2018-12-17 09:47:23,XOM,75.15,10,ASK
2018-12-17 09:47:24,XOM,75.14,19,BID
2018-12-17 09:47:24,XOM,75.15,10,ASK
2018-12-17 09:47:25,XOM,75.14,19,BID
2018-12-17 09:47:25,XOM,75.15,9,ASK
2018-12-17 09:46:07,XOM,75.1,13,BID
2018-12-17 09:47:26,XOM,75.12,5,ASK
2018-12-17 09:46:07,XOM,75.1,13,BID
2018-12-17 09:47:26,XOM,75.12,5,ASK
2018-12-17 09:46:07,XOM,75.1,13,BID
2018-12-17 09:47:26,XOM,75.12,5,ASK
2018-12-17 09:46:07,XOM,75.1,13,BID
2018-12-17 09:47:26,XOM,75.12,5,ASK
2018-12-17 09:47:30,XOM,75.12,8,BID
2018-12-17 09:47:30,XOM,75.14,26,ASK
2018-12-17 09:47:31,XOM,75.1,14,BID
2018-12-17 09:47:31,XOM,75.11,5,ASK
2018-12-17 09:47:32,XOM,75.09,17,BID
2018-12-17 09:47:32,XOM,75.11,16,ASK
2018-12-17 09:47:32,XOM,75.09,12,BID
2018-12-17 09:47:32,XOM,75.11,19,ASK
2018-12-17 09:47:34,XOM,75.11,17,BID
2018-12-17 09:47:31,XOM,75.13,17,ASK
2018-12-17 09:47:35,XOM,75.12,10,BID
2018-12-17 09:47:35,XOM,75.13,4,ASK
2018-12-17 09:47:35,XOM,75.12,10,BID
2018-12-17 09:47:36,XOM,75.13,35,ASK
2018-12-17 09:47:37,XOM,75.11,11,BID
2018-12-17 09:47:37,XOM,75.12,6,ASK
2018-12-17 09:47:38,XOM,75.11,11,BID
2018-12-17 09:47:38,XOM,75.13,34,ASK
2018-12-17 09:47:38,XOM,75.11,17,BID
2018-12-17 09:47:39,XOM,75.13,34,ASK
2018-12-17 09:47:40,XOM,75.12,17,BID
2018-12-17 09:47:40,XOM,75.13,7,ASK
2018-12-17 09:47:41,XOM,75.12,15,BID
2018-12-17 09:47:41,XOM,75.13,7,ASK
2018-12-17 09:47:42,XOM,75.12,20,BID
2018-12-17 09:47:42,XOM,75.13,5,ASK
2018-12-17 09:47:38,XOM,75.11,18,BID
2018-12-17 09:47:43,XOM,75.13,15,ASK
2018-12-17 09:47:38,XOM,75.11,21,BID
2018-12-17 09:47:44,XOM,75.12,1,ASK
2018-12-17 09:47:38,XOM,75.11,21,BID
2018-12-17 09:47:45,XOM,75.12,2,ASK
2018-12-17 09:47:38,XOM,75.11,22,BID
2018-12-17 09:47:46,XOM,75.12,2,ASK
2018-12-17 09:47:47,XOM,75.13,27,BID
2018-12-17 09:47:47,XOM,75.15,18,ASK
2018-12-17 09:47:47,XOM,75.13,27,BID
2018-12-17 09:47:48,XOM,75.15,16,ASK
2018-12-17 09:47:49,XOM,75.13,27,BID
2018-12-17 09:47:49,XOM,75.15,14,ASK
2018-12-17 09:47:49,XOM,75.13,27,BID
2018-12-17 09:47:49,XOM,75.15,11,ASK
2018-12-17 09:47:49,XOM,75.13,27,BID
2018-12-17 09:47:49,XOM,75.15,11,ASK
2018-12-17 09:47:53,XOM,75.15,15,BID
2018-12-17 09:47:52,XOM,75.16,11,ASK
2018-12-17 09:47:53,XOM,75.15,13,BID
2018-12-17 09:47:52,XOM,75.16,10,ASK
2018-12-17 09:47:52,XOM,75.14,13,BID
2018-12-17 09:47:54,XOM,75.16,12,ASK
2018-12-17 09:47:55,XOM,75.14,14,BID
2018-12-17 09:47:54,XOM,75.16,14,ASK
2018-12-17 09:47:55,XOM,75.14,13,BID
2018-12-17 09:47:56,XOM,75.15,2,ASK
2018-12-17 09:47:57,XOM,75.14,16,BID
2018-12-17 09:47:54,XOM,75.16,11,ASK
2018-12-17 09:47:58,XOM,75.16,30,BID
2018-12-17 09:47:58,XOM,75.17,2,ASK
2018-12-17 09:47:59,XOM,75.15,10,BID
2018-12-17 09:47:58,XOM,75.17,6,ASK
2018-12-17 09:48:00,XOM,75.15,1,BID
2018-12-17 09:48:00,XOM,75.16,21,ASK
2018-12-17 09:47:58,XOM,75.14,10,BID
2018-12-17 09:48:02,XOM,75.15,1,ASK
2018-12-17 09:47:58,XOM,75.14,10,BID
2018-12-17 09:48:02,XOM,75.15,1,ASK
2018-12-17 09:47:58,XOM,75.14,11,BID
2018-12-17 09:48:04,XOM,75.15,1,ASK
2018-12-17 09:47:58,XOM,75.14,12,BID
2018-12-17 09:48:05,XOM,75.15,1,ASK
2018-12-17 09:47:58,XOM,75.14,10,BID
2018-12-17 09:48:05,XOM,75.15,2,ASK
2018-12-17 09:47:58,XOM,75.14,10,BID
2018-12-17 09:48:06,XOM,75.15,2,ASK
2018-12-17 09:48:07,XOM,75.13,27,BID
2018-12-17 09:48:08,XOM,75.14,1,ASK
2018-12-17 09:48:08,XOM,75.13,26,BID
2018-12-17 09:48:08,XOM,75.14,4,ASK
2018-12-17 09:48:09,XOM,75.13,2,BID
2018-12-17 09:48:09,XOM,75.14,17,ASK
2018-12-17 09:48:10,XOM,75.13,4,BID
2018-12-17 09:48:10,XOM,75.14,20,ASK
2018-12-17 09:48:11,XOM,75.13,4,BID
2018-12-17 09:48:12,XOM,75.14,20,ASK
2018-12-17 09:48:09,XOM,75.12,15,BID
2018-12-17 09:48:12,XOM,75.13,2,ASK
2018-12-17 09:48:09,XOM,75.12,10,BID
2018-12-17 09:48:13,XOM,75.13,11,ASK
2018-12-17 09:47:39,XOM,75.11,23,BID
2018-12-17 09:48:15,XOM,75.12,2,ASK
2018-12-17 09:47:39,XOM,75.11,22,BID
2018-12-17 09:48:15,XOM,75.13,18,ASK
2018-12-17 09:48:17,XOM,75.11,5,BID
2018-12-17 09:48:17,XOM,75.12,4,ASK
2018-12-17 09:48:17,XOM,75.12,12,BID
2018-12-17 09:48:17,XOM,75.13,18,ASK
2018-12-17 09:48:19,XOM,75.12,3,BID
2018-12-17 09:48:17,XOM,75.13,20,ASK
2018-12-17 09:48:19,XOM,75.11,9,BID
2018-12-17 09:48:17,XOM,75.13,20,ASK
2018-12-17 09:48:20,XOM,75.11,19,BID
2018-12-17 09:48:17,XOM,75.13,19,ASK
2018-12-17 09:48:20,XOM,75.11,19,BID
2018-12-17 09:48:17,XOM,75.13,19,ASK
2018-12-17 09:48:22,XOM,75.12,1,BID
2018-12-17 09:48:17,XOM,75.13,16,ASK
2018-12-17 09:48:23,XOM,75.14,11,BID
2018-12-17 09:48:24,XOM,75.15,1,ASK
2018-12-17 09:48:25,XOM,75.14,21,BID
2018-12-17 09:48:25,XOM,75.16,21,ASK
2018-12-17 09:48:25,XOM,75.14,14,BID
2018-12-17 09:48:26,XOM,75.15,1,ASK
2018-12-17 09:48:27,XOM,75.13,3,BID
2018-12-17 09:48:26,XOM,75.15,17,ASK
2018-12-17 09:48:28,XOM,75.13,3,BID
2018-12-17 09:48:26,XOM,75.15,21,ASK
2018-12-17 09:48:28,XOM,75.13,4,BID
2018-12-17 09:48:26,XOM,75.15,15,ASK
2018-12-17 09:48:30,XOM,75.13,4,BID
2018-12-17 09:48:26,XOM,75.15,14,ASK
2018-12-17 09:48:31,XOM,75.13,1,BID
2018-12-17 09:48:26,XOM,75.15,19,ASK
2018-12-17 09:48:31,XOM,75.13,1,BID
2018-12-17 09:48:26,XOM,75.15,19,ASK
2018-12-17 09:48:33,XOM,75.14,2,BID
2018-12-17 09:48:33,XOM,75.15,19,ASK
2018-12-17 09:48:33,XOM,75.13,8,BID
2018-12-17 09:48:33,XOM,75.15,15,ASK
2018-12-17 09:48:34,XOM,75.13,11,BID
2018-12-17 09:48:34,XOM,75.15,17,ASK
2018-12-17 09:48:34,XOM,75.13,11,BID
2018-12-17 09:48:34,XOM,75.15,17,ASK
2018-12-17 09:48:34,XOM,75.13,11,BID
2018-12-17 09:48:34,XOM,75.15,17,ASK
2018-12-17 09:48:37,XOM,75.14,12,BID
2018-12-17 09:48:37,XOM,75.15,16,ASK
2018-12-17 09:48:38,XOM,75.15,19,BID
2018-12-17 09:48:39,XOM,75.17,20,ASK
2018-12-17 09:48:40,XOM,75.16,10,BID
2018-12-17 09:48:40,XOM,75.17,11,ASK
2018-12-17 09:48:41,XOM,75.16,17,BID
2018-12-17 09:48:41,XOM,75.18,23,ASK
2018-12-17 09:48:41,XOM,75.16,11,BID
2018-12-17 09:48:41,XOM,75.17,10,ASK
2018-12-17 09:48:41,XOM,75.16,11,BID
2018-12-17 09:48:41,XOM,75.17,10,ASK
2018-12-17 09:48:44,XOM,75.16,11,BID
2018-12-17 09:48:44,XOM,75.17,12,ASK
2018-12-17 09:48:44,XOM,75.16,15,BID
2018-12-17 09:48:44,XOM,75.18,13,ASK
2018-12-17 09:48:45,XOM,75.16,14,BID
2018-12-17 09:48:45,XOM,75.18,15,ASK
2018-12-17 09:48:45,XOM,75.16,18,BID
2018-12-17 09:48:47,XOM,75.18,18,ASK
2018-12-17 09:48:48,XOM,75.17,3,BID
2018-12-17 09:48:47,XOM,75.18,13,ASK
2018-12-17 09:48:49,XOM,75.17,3,BID
2018-12-17 09:48:47,XOM,75.18,13,ASK
2018-12-17 09:48:50,XOM,75.16,14,BID
2018-12-17 09:48:50,XOM,75.17,24,ASK
2018-12-17 09:48:50,XOM,75.16,14,BID
2018-12-17 09:48:50,XOM,75.17,24,ASK
2018-12-17 09:48:52,XOM,75.15,22,BID
2018-12-17 09:48:51,XOM,75.17,22,ASK
2018-12-17 09:48:53,XOM,75.15,13,BID
2018-12-17 09:48:51,XOM,75.17,26,ASK
2018-12-17 09:48:54,XOM,75.15,3,BID
2018-12-17 09:48:54,XOM,75.16,4,ASK
2018-12-17 09:48:38,XOM,75.14,23,BID
2018-12-17 09:48:54,XOM,75.16,11,ASK
2018-12-17 09:48:38,XOM,75.14,18,BID
2018-12-17 09:48:54,XOM,75.16,13,ASK
2018-12-17 09:48:38,XOM,75.14,16,BID
2018-12-17 09:48:54,XOM,75.16,16,ASK
2018-12-17 09:48:38,XOM,75.14,16,BID
2018-12-17 09:48:54,XOM,75.16,16,ASK
2018-12-17 09:48:38,XOM,75.14,17,BID
2018-12-17 09:48:54,XOM,75.16,16,ASK
2018-12-17 09:48:38,XOM,75.14,18,BID
2018-12-17 09:48:54,XOM,75.16,16,ASK
2018-12-17 09:49:01,XOM,75.13,21,BID
2018-12-17 09:49:01,XOM,75.15,28,ASK
2018-12-17 09:49:01,XOM,75.13,19,BID
2018-12-17 09:49:01,XOM,75.15,18,ASK
2018-12-17 09:49:02,XOM,75.14,1,BID
2018-12-17 09:49:01,XOM,75.15,17,ASK
2018-12-17 09:49:03,XOM,75.14,6,BID
2018-12-17 09:48:54,XOM,75.16,16,ASK
2018-12-17 09:49:03,XOM,75.15,1,BID
2018-12-17 09:49:03,XOM,75.16,13,ASK
2018-12-17 09:49:04,XOM,75.15,3,BID
2018-12-17 09:49:03,XOM,75.16,13,ASK
2018-12-17 09:49:05,XOM,75.18,9,BID
2018-12-17 09:46:49,XOM,75.19,20,ASK
2018-12-17 09:49:06,XOM,75.17,1,BID
2018-12-17 09:49:06,XOM,75.18,6,ASK
2018-12-17 09:49:06,XOM,75.15,7,BID
2018-12-17 09:49:06,XOM,75.17,14,ASK
2018-12-17 09:49:07,XOM,75.15,11,BID
2018-12-17 09:49:07,XOM,75.17,16,ASK
2018-12-17 09:49:07,XOM,75.15,10,BID
2018-12-17 09:49:09,XOM,75.16,8,ASK
2018-12-17 09:49:10,XOM,75.14,6,BID
2018-12-17 09:49:10,XOM,75.15,3,ASK
2018-12-17 09:49:03,XOM,75.14,7,BID
2018-12-17 09:49:11,XOM,75.15,3,ASK
2018-12-17 09:49:01,XOM,75.13,27,BID
2018-12-17 09:49:12,XOM,75.14,1,ASK
2018-12-17 09:48:17,XOM,75.11,19,BID
2018-12-17 09:49:13,XOM,75.13,10,ASK
2018-12-17 09:48:17,XOM,75.11,19,BID
2018-12-17 09:49:13,XOM,75.13,12,ASK
2018-12-17 09:48:17,XOM,75.11,19,BID
2018-12-17 09:49:16,XOM,75.12,3,ASK
2018-12-17 09:48:17,XOM,75.11,19,BID
2018-12-17 09:49:17,XOM,75.12,5,ASK
2018-12-17 09:48:17,XOM,75.11,19,BID
2018-12-17 09:49:17,XOM,75.12,7,ASK
2018-12-17 09:48:17,XOM,75.11,19,BID
2018-12-17 09:49:19,XOM,75.12,2,ASK
2018-12-17 09:48:17,XOM,75.11,19,BID
2018-12-17 09:49:20,XOM,75.13,10,ASK
2018-12-17 09:49:20,XOM,75.11,1,BID
2018-12-17 09:49:20,XOM,75.11,25,ASK
2018-12-17 09:49:21,XOM,75.09,21,BID
2018-12-17 09:49:21,XOM,75.1,3,ASK
2018-12-17 09:49:22,XOM,75.09,13,BID
2018-12-17 09:49:22,XOM,75.1,3,ASK
2018-12-17 09:46:01,XOM,75.07,12,BID
2018-12-17 09:49:22,XOM,75.08,1,ASK
2018-12-17 09:49:23,XOM,75.07,16,BID
2018-12-17 09:49:23,XOM,75.08,6,ASK
2018-12-17 09:49:23,XOM,75.07,15,BID
2018-12-17 09:49:23,XOM,75.09,13,ASK
2018-12-17 09:49:24,XOM,75.07,4,BID
2018-12-17 09:49:23,XOM,75.09,14,ASK
2018-12-17 09:46:00,XOM,75.05,24,BID
2018-12-17 09:49:25,XOM,75.07,8,ASK
2018-12-17 09:49:26,XOM,75.08,19,BID
2018-12-17 09:49:26,XOM,75.09,10,ASK
2018-12-17 09:49:27,XOM,75.11,3,BID
2018-12-17 09:49:27,XOM,75.12,19,ASK
2018-12-17 09:49:27,XOM,75.11,10,BID
2018-12-17 09:49:21,XOM,75.13,19,ASK
2018-12-17 09:49:27,XOM,75.09,14,BID
2018-12-17 09:49:27,XOM,75.11,17,ASK
2018-12-17 09:49:28,XOM,75.11,3,BID
2018-12-17 09:49:27,XOM,75.12,17,ASK
2018-12-17 09:49:28,XOM,75.11,19,BID
2018-12-17 09:49:28,XOM,75.12,17,ASK
2018-12-17 09:49:28,XOM,75.11,18,BID
2018-12-17 09:49:28,XOM,75.12,17,ASK
2018-12-17 09:49:29,XOM,75.11,10,BID
2018-12-17 09:49:29,XOM,75.12,2,ASK
2018-12-17 09:49:30,XOM,75.1,7,BID
2018-12-17 09:49:30,XOM,75.11,1,ASK
2018-12-17 09:49:30,XOM,75.1,8,BID
2018-12-17 09:49:31,XOM,75.11,3,ASK
2018-12-17 09:49:33,XOM,75.13,2,BID
2018-12-17 09:49:33,XOM,75.14,20,ASK
2018-12-17 09:49:34,XOM,75.13,9,BID
2018-12-17 09:49:34,XOM,75.14,7,ASK
2018-12-17 09:49:35,XOM,75.13,7,BID
2018-12-17 09:49:34,XOM,75.14,14,ASK
2018-12-17 09:49:35,XOM,75.13,16,BID
2018-12-17 09:49:35,XOM,75.15,17,ASK
2018-12-17 09:49:36,XOM,75.14,12,BID
2018-12-17 09:49:36,XOM,75.15,19,ASK
2018-12-17 09:49:35,XOM,75.13,24,BID
2018-12-17 09:49:36,XOM,75.15,18,ASK
2018-12-17 09:49:41,XOM,75.14,1,BID
2018-12-17 09:49:40,XOM,75.15,24,ASK
2018-12-17 09:49:35,XOM,75.13,24,BID
2018-12-17 09:49:43,XOM,75.14,9,ASK
2018-12-17 09:49:45,XOM,75.13,9,BID
2018-12-17 09:49:45,XOM,75.14,10,ASK
2018-12-17 09:49:33,XOM,75.12,20,BID
2018-12-17 09:49:46,XOM,75.14,9,ASK
2018-12-17 09:49:48,XOM,75.13,30,BID
2018-12-17 09:49:48,XOM,75.14,5,ASK
2018-12-17 09:49:49,XOM,75.14,26,BID
2018-12-17 09:49:50,XOM,75.15,1,ASK
2018-12-17 09:49:51,XOM,75.15,25,BID
2018-12-17 09:49:51,XOM,75.16,13,ASK
2018-12-17 09:49:52,XOM,75.13,26,BID
2018-12-17 09:49:52,XOM,75.15,3,ASK
2018-12-17 09:49:53,XOM,75.13,26,BID
2018-12-17 09:49:53,XOM,75.15,8,ASK
2018-12-17 09:49:55,XOM,75.15,4,BID
2018-12-17 09:49:51,XOM,75.16,20,ASK
2018-12-17 09:49:55,XOM,75.14,12,BID
2018-12-17 09:49:51,XOM,75.16,24,ASK
2018-12-17 09:49:57,XOM,75.14,15,BID
2018-12-17 09:49:57,XOM,75.15,2,ASK
2018-12-17 09:49:57,XOM,75.14,15,BID
2018-12-17 09:49:57,XOM,75.15,2,ASK
2018-12-17 09:49:58,XOM,75.15,23,BID
2018-12-17 09:49:59,XOM,75.17,17,ASK
2018-12-17 09:50:00,XOM,75.16,8,BID
2018-12-17 09:49:59,XOM,75.17,13,ASK
2018-12-17 09:50:01,XOM,75.14,3,BID
2018-12-17 09:50:00,XOM,75.16,21,ASK
2018-12-17 09:50:02,XOM,75.13,20,BID
2018-12-17 09:50:01,XOM,75.15,8,ASK
2018-12-17 09:50:02,XOM,75.13,20,BID
2018-12-17 09:50:01,XOM,75.15,10,ASK
2018-12-17 09:50:04,XOM,75.13,19,BID
2018-12-17 09:50:01,XOM,75.15,10,ASK
2018-12-17 09:50:05,XOM,75.12,15,BID
2018-12-17 09:50:05,XOM,75.14,8,ASK
2018-12-17 09:50:06,XOM,75.13,7,BID
2018-12-17 09:50:05,XOM,75.14,10,ASK
2018-12-17 09:49:32,XOM,75.11,23,BID
2018-12-17 09:50:07,XOM,75.13,17,ASK
2018-12-17 09:50:08,XOM,75.11,25,BID
2018-12-17 09:50:08,XOM,75.12,1,ASK
2018-12-17 09:50:09,XOM,75.11,25,BID
2018-12-17 09:50:08,XOM,75.12,3,ASK
2018-12-17 09:50:10,XOM,75.11,25,BID
2018-12-17 09:50:10,XOM,75.12,6,ASK
2018-12-17 09:50:11,XOM,75.12,37,BID
2018-12-17 09:50:11,XOM,75.13,14,ASK
2018-12-17 09:50:12,XOM,75.12,38,BID
2018-12-17 09:50:11,XOM,75.13,15,ASK
2018-12-17 09:50:13,XOM,75.13,14,BID
2018-12-17 09:50:13,XOM,75.14,2,ASK
2018-12-17 09:50:14,XOM,75.13,14,BID
2018-12-17 09:50:14,XOM,75.14,2,ASK
2018-12-17 09:50:14,XOM,75.13,14,BID
2018-12-17 09:50:14,XOM,75.14,2,ASK
2018-12-17 09:50:15,XOM,75.13,13,BID
2018-12-17 09:50:15,XOM,75.14,3,ASK
2018-12-17 09:50:17,XOM,75.13,17,BID
2018-12-17 09:50:17,XOM,75.14,4,ASK
2018-12-17 09:50:17,XOM,75.13,17,BID
2018-12-17 09:50:17,XOM,75.14,4,ASK
2018-12-17 09:50:19,XOM,75.14,3,BID
2018-12-17 09:50:19,XOM,75.15,17,ASK
2018-12-17 09:50:20,XOM,75.14,6,BID
2018-12-17 09:50:20,XOM,75.15,15,ASK
2018-12-17 09:50:19,XOM,75.13,21,BID
2018-12-17 09:50:21,XOM,75.14,3,ASK
2018-12-17 09:50:22,XOM,75.14,35,BID
2018-12-17 09:50:22,XOM,75.15,21,ASK
2018-12-17 09:50:22,XOM,75.14,38,BID
2018-12-17 09:50:20,XOM,75.16,21,ASK
2018-12-17 09:50:19,XOM,75.13,44,BID
2018-12-17 09:50:24,XOM,75.15,3,ASK
2018-12-17 09:50:19,XOM,75.13,44,BID
2018-12-17 09:50:25,XOM,75.14,2,ASK
2018-12-17 09:50:19,XOM,75.13,44,BID
2018-12-17 09:50:25,XOM,75.14,2,ASK
2018-12-17 09:50:11,XOM,75.12,25,BID
2018-12-17 09:50:27,XOM,75.14,10,ASK
2018-12-17 09:50:28,XOM,75.13,2,BID
2018-12-17 09:50:27,XOM,75.14,10,ASK
2018-12-17 09:50:28,XOM,75.13,2,BID
2018-12-17 09:50:29,XOM,75.14,9,ASK
2018-12-17 09:50:29,XOM,75.13,15,BID
2018-12-17 09:50:30,XOM,75.15,15,ASK
2018-12-17 09:50:31,XOM,75.15,20,BID
2018-12-17 09:50:20,XOM,75.16,20,ASK
2018-12-17 09:50:31,XOM,75.15,11,BID
2018-12-17 09:50:20,XOM,75.16,20,ASK
2018-12-17 09:50:33,XOM,75.17,6,BID
2018-12-17 09:49:06,XOM,75.18,11,ASK
2018-12-17 09:50:33,XOM,75.17,6,BID
2018-12-17 09:49:06,XOM,75.18,11,ASK
2018-12-17 09:50:35,XOM,75.17,14,BID
2018-12-17 09:50:35,XOM,75.19,3,ASK
2018-12-17 09:50:36,XOM,75.18,9,BID
2018-12-17 09:50:35,XOM,75.19,4,ASK
2018-12-17 09:50:37,XOM,75.19,8,BID
2018-12-17 09:50:37,XOM,75.2,1,ASK
2018-12-17 09:50:37,XOM,75.19,8,BID
2018-12-17 09:50:38,XOM,75.21,16,ASK
2018-12-17 09:50:39,XOM,75.19,8,BID
2018-12-17 09:50:39,XOM,75.21,20,ASK
2018-12-17 09:50:39,XOM,75.19,8,BID
2018-12-17 09:50:39,XOM,75.21,20,ASK
2018-12-17 09:50:41,XOM,75.19,14,BID
2018-12-17 09:50:41,XOM,75.2,4,ASK
2018-12-17 09:50:42,XOM,75.19,4,BID
2018-12-17 09:50:42,XOM,75.2,5,ASK
2018-12-17 09:50:42,XOM,75.19,4,BID
2018-12-17 09:50:43,XOM,75.2,10,ASK
2018-12-17 09:50:42,XOM,75.19,4,BID
2018-12-17 09:50:43,XOM,75.2,9,ASK
2018-12-17 09:50:42,XOM,75.19,5,BID
2018-12-17 09:50:43,XOM,75.2,9,ASK
2018-12-17 09:50:46,XOM,75.19,5,BID
2018-12-17 09:50:45,XOM,75.2,8,ASK
2018-12-17 09:50:46,XOM,75.19,5,BID
2018-12-17 09:50:45,XOM,75.2,8,ASK
2018-12-17 09:50:47,XOM,75.19,10,BID
2018-12-17 09:50:45,XOM,75.2,12,ASK
2018-12-17 09:50:47,XOM,75.19,10,BID
2018-12-17 09:50:45,XOM,75.2,12,ASK
2018-12-17 09:50:50,XOM,75.21,4,BID
2018-12-17 09:50:50,XOM,75.22,11,ASK
2018-12-17 09:50:50,XOM,75.21,4,BID
2018-12-17 09:50:51,XOM,75.22,11,ASK
2018-12-17 09:50:52,XOM,75.23,1,BID
2018-12-17 09:41:55,XOM,75.24,25,ASK
2018-12-17 09:50:53,XOM,75.24,5,BID
2018-12-17 09:50:53,XOM,75.25,1,ASK
2018-12-17 09:50:52,XOM,75.22,15,BID
2018-12-17 09:50:54,XOM,75.24,7,ASK
2018-12-17 09:50:55,XOM,75.21,16,BID
2018-12-17 09:50:55,XOM,75.22,3,ASK
2018-12-17 09:50:55,XOM,75.21,16,BID
2018-12-17 09:50:55,XOM,75.22,3,ASK
2018-12-17 09:50:55,XOM,75.21,9,BID
2018-12-17 09:50:55,XOM,75.22,4,ASK
2018-12-17 09:50:58,XOM,75.23,11,BID
2018-12-17 09:50:54,XOM,75.24,5,ASK
2018-12-17 09:50:59,XOM,75.22,19,BID
2018-12-17 09:50:59,XOM,75.23,8,ASK
2018-12-17 09:51:00,XOM,75.23,8,BID
2018-12-17 09:51:00,XOM,75.24,5,ASK
2018-12-17 09:51:01,XOM,75.23,16,BID
2018-12-17 09:51:01,XOM,75.25,9,ASK
2018-12-17 09:51:02,XOM,75.24,6,BID
2018-12-17 09:51:01,XOM,75.25,8,ASK
2018-12-17 09:50:59,XOM,75.22,19,BID
2018-12-17 09:51:03,XOM,75.24,11,ASK
2018-12-17 09:50:59,XOM,75.22,16,BID
2018-12-17 09:51:04,XOM,75.24,7,ASK
2018-12-17 09:51:04,XOM,75.22,12,BID
2018-12-17 09:51:04,XOM,75.24,9,ASK
2018-12-17 09:51:06,XOM,75.21,9,BID
2018-12-17 09:51:06,XOM,75.23,7,ASK
2018-12-17 09:51:07,XOM,75.21,10,BID
2018-12-17 09:51:07,XOM,75.23,7,ASK
2018-12-17 09:51:08,XOM,75.21,20,BID
2018-12-17 09:51:08,XOM,75.22,4,ASK
2018-12-17 09:50:47,XOM,75.19,16,BID
2018-12-17 09:51:09,XOM,75.21,7,ASK
2018-12-17 09:51:10,XOM,75.18,14,BID
2018-12-17 09:51:10,XOM,75.2,11,ASK
2018-12-17 09:51:11,XOM,75.19,2,BID
2018-12-17 09:51:11,XOM,75.2,3,ASK
2018-12-17 09:51:12,XOM,75.18,11,BID
2018-12-17 09:51:12,XOM,75.19,10,ASK
2018-12-17 09:51:13,XOM,75.17,20,BID
2018-12-17 09:51:13,XOM,75.18,4,ASK
2018-12-17 09:51:13,XOM,75.17,14,BID
2018-12-17 09:51:13,XOM,75.19,12,ASK
2018-12-17 09:51:14,XOM,75.17,10,BID
2018-12-17 09:51:14,XOM,75.18,1,ASK
2018-12-17 09:50:31,XOM,75.15,20,BID
2018-12-17 09:51:15,XOM,75.17,5,ASK
2018-12-17 09:51:16,XOM,75.16,2,BID
2018-12-17 09:51:16,XOM,75.17,5,ASK
2018-12-17 09:51:17,XOM,75.16,1,BID
2018-12-17 09:51:16,XOM,75.17,5,ASK
2018-12-17 09:51:18,XOM,75.16,4,BID
2018-12-17 09:51:18,XOM,75.17,8,ASK
2018-12-17 09:51:18,XOM,75.16,7,BID
2018-12-17 09:51:18,XOM,75.17,8,ASK
2018-12-17 09:51:19,XOM,75.16,1,BID
2018-12-17 09:51:19,XOM,75.17,8,ASK
2018-12-17 09:51:21,XOM,75.16,3,BID
2018-12-17 09:51:21,XOM,75.17,8,ASK
2018-12-17 09:51:23,XOM,75.16,4,BID
2018-12-17 09:51:23,XOM,75.17,8,ASK
2018-12-17 09:51:24,XOM,75.16,4,BID
2018-12-17 09:51:24,XOM,75.17,9,ASK
2018-12-17 09:51:25,XOM,75.16,4,BID
2018-12-17 09:51:25,XOM,75.17,9,ASK
2018-12-17 09:50:31,XOM,75.15,21,BID
2018-12-17 09:51:26,XOM,75.17,8,ASK
2018-12-17 09:50:31,XOM,75.15,21,BID
2018-12-17 09:51:27,XOM,75.17,8,ASK
2018-12-17 09:51:28,XOM,75.16,1,BID
2018-12-17 09:51:28,XOM,75.17,8,ASK
2018-12-17 09:51:29,XOM,75.16,3,BID
2018-12-17 09:51:29,XOM,75.17,8,ASK
2018-12-17 09:51:30,XOM,75.16,3,BID
2018-12-17 09:51:30,XOM,75.17,8,ASK
2018-12-17 09:51:31,XOM,75.18,12,BID
2018-12-17 09:51:31,XOM,75.18,7,ASK
2018-12-17 09:51:31,XOM,75.18,10,BID
2018-12-17 09:51:11,XOM,75.2,10,ASK
2018-12-17 09:51:31,XOM,75.18,9,BID
2018-12-17 09:51:32,XOM,75.19,1,ASK
2018-12-17 09:51:32,XOM,75.18,14,BID
2018-12-17 09:51:33,XOM,75.19,4,ASK
2018-12-17 09:51:32,XOM,75.18,19,BID
2018-12-17 09:51:34,XOM,75.19,2,ASK
2018-12-17 09:51:36,XOM,75.17,24,BID
2018-12-17 09:51:36,XOM,75.18,6,ASK
2018-12-17 09:51:37,XOM,75.15,24,BID
2018-12-17 09:51:37,XOM,75.16,10,ASK
2018-12-17 09:51:37,XOM,75.15,21,BID
2018-12-17 09:51:38,XOM,75.16,13,ASK
2018-12-17 09:51:39,XOM,75.14,24,BID
2018-12-17 09:51:39,XOM,75.16,16,ASK
2018-12-17 09:51:40,XOM,75.14,14,BID
2018-12-17 09:51:40,XOM,75.15,6,ASK
2018-12-17 09:51:41,XOM,75.14,11,BID
2018-12-17 09:51:41,XOM,75.15,6,ASK
2018-12-17 09:51:42,XOM,75.15,20,BID
2018-12-17 09:51:42,XOM,75.16,14,ASK
2018-12-17 09:51:43,XOM,75.15,24,BID
2018-12-17 09:51:43,XOM,75.17,27,ASK
2018-12-17 09:51:44,XOM,75.14,17,BID
2018-12-17 09:51:44,XOM,75.15,4,ASK
2018-12-17 09:51:45,XOM,75.14,19,BID
2018-12-17 09:51:45,XOM,75.15,4,ASK
2018-12-17 09:51:46,XOM,75.14,20,BID
2018-12-17 09:51:46,XOM,75.15,6,ASK
2018-12-17 09:51:47,XOM,75.14,19,BID
2018-12-17 09:51:47,XOM,75.15,15,ASK
2018-12-17 09:51:48,XOM,75.14,18,BID
2018-12-17 09:51:47,XOM,75.15,13,ASK
2018-12-17 09:51:49,XOM,75.14,10,BID
2018-12-17 09:51:49,XOM,75.15,6,ASK
2018-12-17 09:51:50,XOM,75.13,23,BID
2018-12-17 09:51:50,XOM,75.15,12,ASK
2018-12-17 09:51:50,XOM,75.13,23,BID
2018-12-17 09:51:50,XOM,75.15,11,ASK
2018-12-17 09:50:27,XOM,75.12,18,BID
2018-12-17 09:51:52,XOM,75.13,2,ASK
2018-12-17 09:51:53,XOM,75.12,19,BID
2018-12-17 09:51:53,XOM,75.13,6,ASK
2018-12-17 09:51:53,XOM,75.12,17,BID
2018-12-17 09:51:54,XOM,75.13,18,ASK
2018-12-17 09:51:53,XOM,75.12,17,BID
2018-12-17 09:51:55,XOM,75.13,17,ASK
2018-12-17 09:51:56,XOM,75.12,12,BID
2018-12-17 09:51:56,XOM,75.13,3,ASK
2018-12-17 09:51:56,XOM,75.12,20,BID
2018-12-17 09:51:57,XOM,75.13,1,ASK
2018-12-17 09:51:56,XOM,75.12,25,BID
2018-12-17 09:51:58,XOM,75.13,3,ASK
2018-12-17 09:52:00,XOM,75.13,11,BID
2018-12-17 09:51:59,XOM,75.14,5,ASK
2018-12-17 09:52:00,XOM,75.13,1,BID
2018-12-17 09:52:00,XOM,75.14,12,ASK
2018-12-17 09:51:56,XOM,75.12,21,BID
2018-12-17 09:52:01,XOM,75.13,5,ASK
2018-12-17 09:52:01,XOM,75.12,19,BID
2018-12-17 09:52:01,XOM,75.13,6,ASK
2018-12-17 09:52:02,XOM,75.12,20,BID
2018-12-17 09:52:03,XOM,75.13,3,ASK
2018-12-17 09:52:04,XOM,75.12,22,BID
2018-12-17 09:52:00,XOM,75.14,22,ASK
2018-12-17 09:52:05,XOM,75.12,16,BID
2018-12-17 09:52:05,XOM,75.13,2,ASK
2018-12-17 09:52:05,XOM,75.12,18,BID
2018-12-17 09:52:06,XOM,75.13,2,ASK
2018-12-17 09:52:07,XOM,75.12,27,BID
2018-12-17 09:52:07,XOM,75.13,3,ASK
2018-12-17 09:52:07,XOM,75.12,19,BID
2018-12-17 09:52:07,XOM,75.13,5,ASK
2018-12-17 09:52:07,XOM,75.12,19,BID
2018-12-17 09:52:07,XOM,75.13,5,ASK
2018-12-17 09:50:05,XOM,75.11,22,BID
2018-12-17 09:52:10,XOM,75.12,9,ASK
2018-12-17 09:50:05,XOM,75.11,23,BID
2018-12-17 09:52:11,XOM,75.12,11,ASK
2018-12-17 09:50:05,XOM,75.11,23,BID
2018-12-17 09:52:12,XOM,75.12,15,ASK
2018-12-17 09:50:05,XOM,75.11,23,BID
2018-12-17 09:52:11,XOM,75.12,16,ASK
2018-12-17 09:50:05,XOM,75.11,23,BID
2018-12-17 09:52:11,XOM,75.12,16,ASK
2018-12-17 09:50:05,XOM,75.11,23,BID
2018-12-17 09:52:16,XOM,75.11,1,ASK
2018-12-17 09:49:26,XOM,75.08,16,BID
2018-12-17 09:52:16,XOM,75.1,7,ASK
2018-12-17 09:49:26,XOM,75.08,20,BID
2018-12-17 09:52:16,XOM,75.1,6,ASK
2018-12-17 09:49:26,XOM,75.08,15,BID
2018-12-17 09:52:18,XOM,75.09,6,ASK
2018-12-17 09:52:19,XOM,75.07,18,BID
2018-12-17 09:52:19,XOM,75.08,7,ASK
2018-12-17 09:52:20,XOM,75.08,18,BID
2018-12-17 09:52:20,XOM,75.09,8,ASK
2018-12-17 09:52:22,XOM,75.08,23,BID
2018-12-17 09:52:22,XOM,75.1,15,ASK
2018-12-17 09:52:23,XOM,75.08,8,BID
2018-12-17 09:52:23,XOM,75.09,4,ASK
2018-12-17 09:52:24,XOM,75.09,12,BID
2018-12-17 09:52:16,XOM,75.11,23,ASK
2018-12-17 09:52:24,XOM,75.09,13,BID
2018-12-17 09:52:24,XOM,75.1,6,ASK
2018-12-17 09:52:24,XOM,75.09,16,BID
2018-12-17 09:52:24,XOM,75.1,5,ASK
2018-12-17 09:52:26,XOM,75.1,23,BID
2018-12-17 09:52:26,XOM,75.11,5,ASK
2018-12-17 09:52:27,XOM,75.1,19,BID
2018-12-17 09:52:26,XOM,75.11,5,ASK
2018-12-17 09:52:28,XOM,75.12,8,BID
2018-12-17 09:52:28,XOM,75.13,8,ASK
2018-12-17 09:52:29,XOM,75.13,9,BID
2018-12-17 09:52:29,XOM,75.14,16,ASK
2018-12-17 09:52:29,XOM,75.12,20,BID
2018-12-17 09:52:30,XOM,75.14,19,ASK
2018-12-17 09:52:31,XOM,75.11,26,BID
2018-12-17 09:52:31,XOM,75.13,5,ASK
2018-12-17 09:52:33,XOM,75.11,22,BID
2018-12-17 09:52:33,XOM,75.12,4,ASK
2018-12-17 09:52:27,XOM,75.1,21,BID
2018-12-17 09:52:33,XOM,75.11,3,ASK
2018-12-17 09:52:27,XOM,75.1,15,BID
2018-12-17 09:52:35,XOM,75.11,6,ASK
2018-12-17 09:52:35,XOM,75.11,30,BID
2018-12-17 09:52:36,XOM,75.13,12,ASK
2018-12-17 09:52:36,XOM,75.12,8,BID
2018-12-17 09:52:36,XOM,75.13,2,ASK
2018-12-17 09:52:38,XOM,75.12,12,BID
2018-12-17 09:52:37,XOM,75.13,13,ASK
2018-12-17 09:52:35,XOM,75.11,23,BID
2018-12-17 09:52:39,XOM,75.13,12,ASK
2018-12-17 09:52:35,XOM,75.1,22,BID
2018-12-17 09:52:39,XOM,75.12,9,ASK
2018-12-17 09:52:41,XOM,75.11,4,BID
2018-12-17 09:52:39,XOM,75.12,9,ASK
2018-12-17 09:52:42,XOM,75.11,19,BID
2018-12-17 09:52:42,XOM,75.13,12,ASK
2018-12-17 09:52:42,XOM,75.14,3,BID
2018-12-17 09:51:50,XOM,75.15,15,ASK
2018-12-17 09:52:43,XOM,75.14,8,BID
2018-12-17 09:52:42,XOM,75.15,9,ASK
2018-12-17 09:52:44,XOM,75.15,25,BID
2018-12-17 09:52:45,XOM,75.16,12,ASK
2018-12-17 09:52:45,XOM,75.15,5,BID
2018-12-17 09:52:45,XOM,75.16,12,ASK
2018-12-17 09:52:46,XOM,75.14,26,BID
2018-12-17 09:52:46,XOM,75.15,7,ASK
2018-12-17 09:52:47,XOM,75.14,16,BID
2018-12-17 09:52:46,XOM,75.15,9,ASK
2018-12-17 09:52:49,XOM,75.15,21,BID
2018-12-17 09:52:49,XOM,75.17,20,ASK
2018-12-17 09:52:49,XOM,75.15,15,BID
2018-12-17 09:52:49,XOM,75.16,7,ASK
2018-12-17 09:52:50,XOM,75.16,11,BID
2018-12-17 09:52:50,XOM,75.17,24,ASK
2018-12-17 09:52:49,XOM,75.15,28,BID
2018-12-17 09:52:52,XOM,75.16,5,ASK
2018-12-17 09:52:49,XOM,75.15,29,BID
2018-12-17 09:52:50,XOM,75.17,21,ASK
2018-12-17 09:52:54,XOM,75.16,21,BID
2018-12-17 09:52:54,XOM,75.17,11,ASK
2018-12-17 09:52:49,XOM,75.15,29,BID
2018-12-17 09:52:55,XOM,75.17,11,ASK
2018-12-17 09:52:56,XOM,75.15,5,BID
2018-12-17 09:52:56,XOM,75.15,24,ASK
2018-12-17 09:52:56,XOM,75.15,5,BID
2018-12-17 09:52:56,XOM,75.16,13,ASK
2018-12-17 09:52:57,XOM,75.15,5,BID
2018-12-17 09:52:56,XOM,75.16,13,ASK
2018-12-17 09:52:59,XOM,75.15,5,BID
2018-12-17 09:52:59,XOM,75.16,14,ASK
2018-12-17 09:52:47,XOM,75.14,19,BID
2018-12-17 09:53:00,XOM,75.15,12,ASK
2018-12-17 09:52:47,XOM,75.14,16,BID
2018-12-17 09:53:01,XOM,75.15,14,ASK
2018-12-17 09:53:02,XOM,75.15,17,BID
2018-12-17 09:52:59,XOM,75.16,15,ASK
2018-12-17 09:53:03,XOM,75.16,5,BID
2018-12-17 09:53:03,XOM,75.17,18,ASK
2018-12-17 09:53:04,XOM,75.17,5,BID
2018-12-17 09:53:03,XOM,75.18,13,ASK
2018-12-17 09:53:04,XOM,75.17,21,BID
2018-12-17 09:53:05,XOM,75.18,1,ASK
2018-12-17 09:53:04,XOM,75.17,18,BID
2018-12-17 09:53:05,XOM,75.18,8,ASK
2018-12-17 09:53:03,XOM,75.16,14,BID
2018-12-17 09:53:06,XOM,75.17,19,ASK
2018-12-17 09:53:01,XOM,75.14,11,BID
2018-12-17 09:53:08,XOM,75.16,8,ASK
2018-12-17 09:53:09,XOM,75.13,16,BID
2018-12-17 09:53:09,XOM,75.14,2,ASK
2018-12-17 09:53:10,XOM,75.12,19,BID
2018-12-17 09:53:10,XOM,75.14,7,ASK
2018-12-17 09:53:11,XOM,75.13,12,BID
2018-12-17 09:53:11,XOM,75.15,16,ASK
2018-12-17 09:53:11,XOM,75.13,8,BID
2018-12-17 09:53:12,XOM,75.14,4,ASK
2018-12-17 09:53:13,XOM,75.12,15,BID
2018-12-17 09:53:12,XOM,75.14,13,ASK
2018-12-17 09:52:42,XOM,75.12,15,BID
2018-12-17 09:53:13,XOM,75.13,5,ASK
2018-12-17 09:52:42,XOM,75.12,15,BID
2018-12-17 09:53:15,XOM,75.13,5,ASK
2018-12-17 09:53:16,XOM,75.13,24,BID
2018-12-17 09:53:15,XOM,75.14,17,ASK
2018-12-17 09:53:16,XOM,75.13,11,BID
2018-12-17 09:53:15,XOM,75.14,19,ASK
2018-12-17 09:53:17,XOM,75.16,4,BID
2018-12-17 09:53:07,XOM,75.17,18,ASK
2018-12-17 09:53:18,XOM,75.17,4,BID
2018-12-17 09:53:05,XOM,75.18,11,ASK
2018-12-17 09:53:18,XOM,75.17,8,BID
2018-12-17 09:53:18,XOM,75.18,18,ASK
2018-12-17 09:53:18,XOM,75.15,10,BID
2018-12-17 09:53:18,XOM,75.17,20,ASK
2018-12-17 09:53:16,XOM,75.13,19,BID
2018-12-17 09:53:19,XOM,75.14,3,ASK
2018-12-17 09:53:21,XOM,75.12,25,BID
2018-12-17 09:53:21,XOM,75.14,5,ASK
2018-12-17 09:53:23,XOM,75.13,5,BID
2018-12-17 09:53:23,XOM,75.14,7,ASK
2018-12-17 09:53:21,XOM,75.12,16,BID
2018-12-17 09:53:25,XOM,75.13,7,ASK
2018-12-17 09:53:21,XOM,75.12,14,BID
2018-12-17 09:53:26,XOM,75.13,12,ASK
2018-12-17 09:53:27,XOM,75.11,17,BID
2018-12-17 09:53:27,XOM,75.12,4,ASK
2018-12-17 09:52:27,XOM,75.1,39,BID
2018-12-17 09:53:28,XOM,75.11,7,ASK
2018-12-17 09:52:27,XOM,75.1,39,BID
2018-12-17 09:53:28,XOM,75.11,9,ASK
2018-12-17 09:53:30,XOM,75.1,16,BID
2018-12-17 09:53:28,XOM,75.11,10,ASK
2018-12-17 09:53:29,XOM,75.09,19,BID
2018-12-17 09:53:30,XOM,75.1,10,ASK
2018-12-17 09:53:31,XOM,75.08,15,BID
2018-12-17 09:53:31,XOM,75.09,10,ASK
2018-12-17 09:53:32,XOM,75.08,11,BID
2018-12-17 09:53:31,XOM,75.09,8,ASK
2018-12-17 09:53:33,XOM,75.07,14,BID
2018-12-17 09:53:31,XOM,75.09,11,ASK
2018-12-17 09:53:34,XOM,75.06,10,BID
2018-12-17 09:53:34,XOM,75.08,2,ASK
2018-12-17 09:53:35,XOM,75.06,18,BID
2018-12-17 09:53:35,XOM,75.07,7,ASK
2018-12-17 09:53:35,XOM,75.06,16,BID
2018-12-17 09:53:35,XOM,75.07,7,ASK
2018-12-17 09:53:36,XOM,75.06,20,BID
2018-12-17 09:53:35,XOM,75.07,10,ASK
2018-12-17 09:53:36,XOM,75.06,19,BID
2018-12-17 09:53:35,XOM,75.07,12,ASK
2018-12-17 09:53:39,XOM,75.04,4,BID
2018-12-17 09:53:39,XOM,75.05,6,ASK
2018-12-17 09:53:40,XOM,75.04,11,BID
2018-12-17 09:53:40,XOM,75.05,3,ASK
2018-12-17 09:53:42,XOM,75.03,12,BID
2018-12-17 09:53:41,XOM,75.04,13,ASK
2018-12-17 09:53:43,XOM,75.04,21,BID
2018-12-17 09:53:43,XOM,75.05,12,ASK
2018-12-17 09:53:44,XOM,75.04,13,BID
2018-12-17 09:53:44,XOM,75.05,11,ASK
2018-12-17 09:53:44,XOM,75.04,20,BID
2018-12-17 09:53:44,XOM,75.05,9,ASK
2018-12-17 09:53:44,XOM,75.04,23,BID
2018-12-17 09:53:44,XOM,75.05,11,ASK
2018-12-17 09:53:44,XOM,75.04,20,BID
2018-12-17 09:53:44,XOM,75.05,12,ASK
2018-12-17 09:53:44,XOM,75.04,18,BID
2018-12-17 09:53:44,XOM,75.05,11,ASK
2018-12-17 09:53:44,XOM,75.04,22,BID
2018-12-17 09:53:49,XOM,75.05,8,ASK
2018-12-17 09:53:50,XOM,75.05,14,BID
2018-12-17 09:53:50,XOM,75.06,1,ASK
2018-12-17 09:53:51,XOM,75.07,7,BID
2018-12-17 09:53:31,XOM,75.09,12,ASK
2018-12-17 09:53:51,XOM,75.08,13,BID
2018-12-17 09:53:51,XOM,75.09,10,ASK
2018-12-17 09:53:52,XOM,75.09,9,BID
2018-12-17 09:53:52,XOM,75.1,7,ASK
2018-12-17 09:53:52,XOM,75.09,9,BID
2018-12-17 09:53:53,XOM,75.1,7,ASK
2018-12-17 09:53:54,XOM,75.1,24,BID
2018-12-17 09:53:28,XOM,75.11,7,ASK
2018-12-17 09:53:56,XOM,75.08,12,BID
2018-12-17 09:53:56,XOM,75.09,1,ASK
2018-12-17 09:53:57,XOM,75.08,12,BID
2018-12-17 09:53:56,XOM,75.1,13,ASK
2018-12-17 09:53:58,XOM,75.07,16,BID
2018-12-17 09:53:58,XOM,75.09,4,ASK
2018-12-17 09:53:59,XOM,75.08,15,BID
2018-12-17 09:53:59,XOM,75.09,5,ASK
2018-12-17 09:53:58,XOM,75.07,27,BID
2018-12-17 09:54:00,XOM,75.08,1,ASK
2018-12-17 09:54:01,XOM,75.07,28,BID
2018-12-17 09:54:01,XOM,75.08,5,ASK
2018-12-17 09:54:02,XOM,75.07,18,BID
2018-12-17 09:54:02,XOM,75.08,4,ASK
2018-12-17 09:54:02,XOM,75.07,17,BID
2018-12-17 09:54:03,XOM,75.09,13,ASK
2018-12-17 09:54:04,XOM,75.08,19,BID
2018-12-17 09:54:04,XOM,75.09,10,ASK
2018-12-17 09:54:05,XOM,75.08,20,BID
2018-12-17 09:54:05,XOM,75.09,10,ASK
2018-12-17 09:54:05,XOM,75.08,20,BID
2018-12-17 09:54:06,XOM,75.1,4,ASK
2018-12-17 09:54:05,XOM,75.08,20,BID
2018-12-17 09:54:06,XOM,75.1,4,ASK
2018-12-17 09:54:05,XOM,75.08,20,BID
2018-12-17 09:54:07,XOM,75.1,10,ASK
2018-12-17 09:53:50,XOM,75.06,18,BID
2018-12-17 09:54:08,XOM,75.08,16,ASK
2018-12-17 09:54:09,XOM,75.07,10,BID
2018-12-17 09:54:09,XOM,75.08,12,ASK
2018-12-17 09:54:09,XOM,75.07,10,BID
2018-12-17 09:54:09,XOM,75.08,14,ASK
2018-12-17 09:54:10,XOM,75.08,22,BID
2018-12-17 09:54:07,XOM,75.1,10,ASK
2018-12-17 09:54:11,XOM,75.08,8,BID
2018-12-17 09:54:11,XOM,75.09,3,ASK
2018-12-17 09:54:13,XOM,75.07,15,BID
2018-12-17 09:54:13,XOM,75.09,5,ASK
2018-12-17 09:53:50,XOM,75.06,18,BID
2018-12-17 09:54:14,XOM,75.07,1,ASK
2018-12-17 09:54:15,XOM,75.08,11,BID
2018-12-17 09:54:15,XOM,75.09,4,ASK
2018-12-17 09:54:15,XOM,75.08,14,BID
2018-12-17 09:54:07,XOM,75.1,40,ASK
2018-12-17 09:54:17,XOM,75.08,13,BID
2018-12-17 09:54:17,XOM,75.09,2,ASK
2018-12-17 09:54:18,XOM,75.09,7,BID
2018-12-17 09:54:07,XOM,75.1,38,ASK
2018-12-17 09:54:18,XOM,75.08,15,BID
2018-12-17 09:54:07,XOM,75.1,39,ASK
2018-12-17 09:54:21,XOM,75.08,11,BID
2018-12-17 09:54:21,XOM,75.09,7,ASK
2018-12-17 09:54:21,XOM,75.07,9,BID
2018-12-17 09:54:22,XOM,75.09,5,ASK
2018-12-17 09:54:23,XOM,75.07,13,BID
2018-12-17 09:54:23,XOM,75.09,5,ASK
2018-12-17 09:54:24,XOM,75.07,14,BID
2018-12-17 09:54:24,XOM,75.09,5,ASK
2018-12-17 09:54:25,XOM,75.08,17,BID
2018-12-17 09:54:25,XOM,75.09,4,ASK
2018-12-17 09:54:24,XOM,75.07,20,BID
2018-12-17 09:54:26,XOM,75.09,7,ASK
2018-12-17 09:54:27,XOM,75.07,21,BID
2018-12-17 09:54:27,XOM,75.08,4,ASK
2018-12-17 09:54:27,XOM,75.08,3,BID
2018-12-17 09:54:26,XOM,75.09,7,ASK
2018-12-17 09:54:28,XOM,75.08,5,BID
2018-12-17 09:54:26,XOM,75.09,7,ASK
2018-12-17 09:54:29,XOM,75.08,18,BID
2018-12-17 09:54:30,XOM,75.09,6,ASK
2018-12-17 09:54:29,XOM,75.08,17,BID
2018-12-17 09:54:31,XOM,75.09,7,ASK
2018-12-17 09:54:31,XOM,75.08,15,BID
2018-12-17 09:54:32,XOM,75.09,7,ASK
2018-12-17 09:54:31,XOM,75.08,15,BID
2018-12-17 09:54:33,XOM,75.09,7,ASK
2018-12-17 09:54:31,XOM,75.08,15,BID
2018-12-17 09:54:33,XOM,75.09,7,ASK
2018-12-17 09:54:35,XOM,75.08,18,BID
2018-12-17 09:54:07,XOM,75.1,39,ASK
2018-12-17 09:54:36,XOM,75.1,30,BID
2018-12-17 09:54:36,XOM,75.11,4,ASK
2018-12-17 09:54:37,XOM,75.1,17,BID
2018-12-17 09:54:37,XOM,75.11,7,ASK
2018-12-17 09:53:50,XOM,75.06,19,BID
2018-12-17 09:54:38,XOM,75.08,9,ASK
2018-12-17 09:54:39,XOM,75.06,19,BID
2018-12-17 09:54:39,XOM,75.07,9,ASK
2018-12-17 09:54:39,XOM,75.05,12,BID
2018-12-17 09:54:40,XOM,75.06,5,ASK
2018-12-17 09:54:39,XOM,75.05,12,BID
2018-12-17 09:54:40,XOM,75.06,10,ASK
2018-12-17 09:54:42,XOM,75.04,13,BID
2018-12-17 09:54:42,XOM,75.05,7,ASK
2018-12-17 09:54:43,XOM,75.04,15,BID
2018-12-17 09:54:43,XOM,75.05,4,ASK
2018-12-17 09:54:44,XOM,75.05,8,BID
2018-12-17 09:54:40,XOM,75.06,9,ASK
2018-12-17 09:54:45,XOM,75.05,10,BID
2018-12-17 09:54:44,XOM,75.06,15,ASK
2018-12-17 09:54:46,XOM,75.06,13,BID
2018-12-17 09:54:46,XOM,75.08,9,ASK
2018-12-17 09:54:46,XOM,75.06,11,BID
2018-12-17 09:54:47,XOM,75.07,6,ASK
2018-12-17 09:54:46,XOM,75.06,11,BID
2018-12-17 09:54:47,XOM,75.07,6,ASK
2018-12-17 09:54:45,XOM,75.05,15,BID
2018-12-17 09:54:49,XOM,75.07,6,ASK
2018-12-17 09:54:50,XOM,75.06,13,BID
2018-12-17 09:54:50,XOM,75.07,4,ASK
2018-12-17 09:54:51,XOM,75.06,20,BID
2018-12-17 09:54:50,XOM,75.07,4,ASK
2018-12-17 09:54:45,XOM,75.05,21,BID
2018-12-17 09:54:50,XOM,75.07,8,ASK
2018-12-17 09:54:53,XOM,75.06,1,BID
2018-12-17 09:54:50,XOM,75.07,7,ASK
2018-12-17 09:54:54,XOM,75.07,10,BID
2018-12-17 09:54:38,XOM,75.09,11,ASK
2018-12-17 09:54:54,XOM,75.07,10,BID
2018-12-17 09:54:38,XOM,75.09,11,ASK
2018-12-17 09:54:56,XOM,75.07,10,BID
2018-12-17 09:54:56,XOM,75.09,14,ASK
2018-12-17 09:54:56,XOM,75.07,10,BID
2018-12-17 09:54:56,XOM,75.09,14,ASK
2018-12-17 09:54:58,XOM,75.07,10,BID
2018-12-17 09:54:56,XOM,75.09,14,ASK
2018-12-17 09:54:59,XOM,75.07,6,BID
2018-12-17 09:54:59,XOM,75.08,8,ASK
2018-12-17 09:55:00,XOM,75.07,3,BID
2018-12-17 09:55:00,XOM,75.08,6,ASK
2018-12-17 09:55:01,XOM,75.09,18,BID
2018-12-17 09:55:01,XOM,75.1,2,ASK
2018-12-17 09:55:01,XOM,75.09,15,BID
2018-12-17 09:55:01,XOM,75.1,3,ASK
2018-12-17 09:55:01,XOM,75.09,18,BID
2018-12-17 09:55:01,XOM,75.1,4,ASK
2018-12-17 09:55:02,XOM,75.1,21,BID
2018-12-17 09:55:02,XOM,75.11,1,ASK
2018-12-17 09:55:02,XOM,75.1,21,BID
2018-12-17 09:55:03,XOM,75.11,3,ASK
2018-12-17 09:55:02,XOM,75.1,15,BID
2018-12-17 09:55:04,XOM,75.11,3,ASK
2018-12-17 09:55:02,XOM,75.1,15,BID
2018-12-17 09:55:04,XOM,75.11,3,ASK
2018-12-17 09:55:04,XOM,75.12,19,BID
2018-12-17 09:53:25,XOM,75.13,9,ASK
2018-12-17 09:55:05,XOM,75.11,10,BID
2018-12-17 09:55:05,XOM,75.12,10,ASK
2018-12-17 09:55:08,XOM,75.11,12,BID
2018-12-17 09:55:06,XOM,75.12,11,ASK
2018-12-17 09:55:09,XOM,75.11,12,BID
2018-12-17 09:55:06,XOM,75.12,13,ASK
2018-12-17 09:55:10,XOM,75.11,21,BID
2018-12-17 09:55:09,XOM,75.12,16,ASK
2018-12-17 09:55:12,XOM,75.11,13,BID
2018-12-17 09:55:09,XOM,75.12,16,ASK
2018-12-17 09:55:13,XOM,75.11,14,BID
2018-12-17 09:55:14,XOM,75.12,15,ASK
2018-12-17 09:55:15,XOM,75.11,14,BID
2018-12-17 09:55:14,XOM,75.12,16,ASK
2018-12-17 09:55:16,XOM,75.11,18,BID
2018-12-17 09:55:16,XOM,75.12,16,ASK
2018-12-17 09:55:16,XOM,75.11,16,BID
2018-12-17 09:55:17,XOM,75.12,17,ASK
2018-12-17 09:55:18,XOM,75.11,6,BID
2018-12-17 09:55:18,XOM,75.12,17,ASK
2018-12-17 09:55:18,XOM,75.11,5,BID
2018-12-17 09:55:19,XOM,75.12,19,ASK
2018-12-17 09:55:20,XOM,75.11,18,BID
2018-12-17 09:55:20,XOM,75.12,15,ASK
2018-12-17 09:55:21,XOM,75.11,18,BID
2018-12-17 09:55:21,XOM,75.12,15,ASK
2018-12-17 09:55:22,XOM,75.11,14,BID
2018-12-17 09:55:22,XOM,75.12,16,ASK
2018-12-17 09:55:23,XOM,75.11,15,BID
2018-12-17 09:55:23,XOM,75.12,16,ASK
2018-12-17 09:55:23,XOM,75.11,13,BID
2018-12-17 09:55:24,XOM,75.12,18,ASK
2018-12-17 09:55:02,XOM,75.09,19,BID
2018-12-17 09:55:25,XOM,75.1,4,ASK
2018-12-17 09:55:26,XOM,75.08,13,BID
2018-12-17 09:55:26,XOM,75.09,11,ASK
2018-12-17 09:55:27,XOM,75.07,12,BID
2018-12-17 09:55:27,XOM,75.08,7,ASK
2018-12-17 09:55:28,XOM,75.08,2,BID
2018-12-17 09:55:26,XOM,75.09,11,ASK
2018-12-17 09:55:30,XOM,75.08,12,BID
2018-12-17 09:55:25,XOM,75.1,11,ASK
2018-12-17 09:55:30,XOM,75.08,11,BID
2018-12-17 09:55:25,XOM,75.1,12,ASK
2018-12-17 09:55:31,XOM,75.09,2,BID
2018-12-17 09:55:25,XOM,75.1,11,ASK
2018-12-17 09:55:32,XOM,75.11,4,BID
2018-12-17 09:55:24,XOM,75.12,18,ASK
2018-12-17 09:55:33,XOM,75.1,22,BID
2018-12-17 09:55:24,XOM,75.12,17,ASK
2018-12-17 09:55:34,XOM,75.11,13,BID
2018-12-17 09:55:34,XOM,75.12,16,ASK
2018-12-17 09:55:35,XOM,75.12,28,BID
2018-12-17 09:53:24,XOM,75.14,18,ASK
2018-12-17 09:55:35,XOM,75.11,27,BID
2018-12-17 09:55:36,XOM,75.13,8,ASK
2018-12-17 09:55:37,XOM,75.13,8,BID
2018-12-17 09:55:37,XOM,75.15,5,ASK
2018-12-17 09:55:38,XOM,75.13,6,BID
2018-12-17 09:55:38,XOM,75.14,7,ASK
2018-12-17 09:55:38,XOM,75.13,16,BID
2018-12-17 09:55:38,XOM,75.14,5,ASK
2018-12-17 09:55:40,XOM,75.14,9,BID
2018-12-17 09:55:40,XOM,75.15,9,ASK
2018-12-17 09:55:41,XOM,75.14,7,BID
2018-12-17 09:55:40,XOM,75.15,12,ASK
2018-12-17 09:55:41,XOM,75.14,7,BID
2018-12-17 09:55:40,XOM,75.15,13,ASK
2018-12-17 09:55:38,XOM,75.13,16,BID
2018-12-17 09:55:43,XOM,75.14,4,ASK
2018-12-17 09:55:38,XOM,75.13,16,BID
2018-12-17 09:55:44,XOM,75.14,3,ASK
2018-12-17 09:55:38,XOM,75.13,16,BID
2018-12-17 09:55:45,XOM,75.14,3,ASK
2018-12-17 09:55:38,XOM,75.13,16,BID
2018-12-17 09:55:40,XOM,75.15,14,ASK
2018-12-17 09:55:38,XOM,75.13,15,BID
2018-12-17 09:55:40,XOM,75.15,15,ASK
2018-12-17 09:55:38,XOM,75.13,15,BID
2018-12-17 09:55:40,XOM,75.15,15,ASK
2018-12-17 09:55:38,XOM,75.13,15,BID
2018-12-17 09:55:50,XOM,75.14,4,ASK
2018-12-17 09:55:38,XOM,75.13,15,BID
2018-12-17 09:55:50,XOM,75.14,5,ASK
2018-12-17 09:55:38,XOM,75.13,15,BID
2018-12-17 09:55:51,XOM,75.14,15,ASK
2018-12-17 09:55:38,XOM,75.13,15,BID
2018-12-17 09:55:51,XOM,75.14,15,ASK
2018-12-17 09:55:53,XOM,75.1,16,BID
2018-12-17 09:55:53,XOM,75.11,11,ASK
2018-12-17 09:55:54,XOM,75.09,14,BID
2018-12-17 09:55:54,XOM,75.1,4,ASK
2018-12-17 09:55:55,XOM,75.09,10,BID
2018-12-17 09:55:55,XOM,75.11,13,ASK
2018-12-17 09:55:55,XOM,75.09,17,BID
2018-12-17 09:55:57,XOM,75.1,8,ASK
2018-12-17 09:55:55,XOM,75.09,15,BID
2018-12-17 09:55:57,XOM,75.1,11,ASK
2018-12-17 09:55:55,XOM,75.09,22,BID
2018-12-17 09:55:59,XOM,75.1,8,ASK
2018-12-17 09:55:55,XOM,75.09,20,BID
2018-12-17 09:56:00,XOM,75.1,10,ASK
2018-12-17 09:56:01,XOM,75.1,30,BID
2018-12-17 09:56:00,XOM,75.11,7,ASK
2018-12-17 09:55:55,XOM,75.09,25,BID
2018-12-17 09:56:01,XOM,75.11,10,ASK
2018-12-17 09:56:03,XOM,75.1,3,BID
2018-12-17 09:56:01,XOM,75.11,8,ASK
2018-12-17 09:56:03,XOM,75.11,14,BID
2018-12-17 09:55:53,XOM,75.13,14,ASK
2018-12-17 09:56:05,XOM,75.11,21,BID
2018-12-17 09:55:53,XOM,75.13,14,ASK
2018-12-17 09:56:05,XOM,75.11,21,BID
2018-12-17 09:55:53,XOM,75.13,9,ASK
2018-12-17 09:56:05,XOM,75.11,21,BID
2018-12-17 09:55:53,XOM,75.13,9,ASK
2018-12-17 09:56:07,XOM,75.13,19,BID
2018-12-17 09:55:53,XOM,75.14,8,ASK
2018-12-17 09:56:08,XOM,75.13,18,BID
2018-12-17 09:56:08,XOM,75.14,11,ASK
2018-12-17 09:56:09,XOM,75.13,7,BID
2018-12-17 09:56:09,XOM,75.14,16,ASK
2018-12-17 09:56:10,XOM,75.13,14,BID
2018-12-17 09:55:40,XOM,75.15,18,ASK
2018-12-17 09:56:10,XOM,75.13,14,BID
2018-12-17 09:55:40,XOM,75.15,15,ASK
2018-12-17 09:56:13,XOM,75.14,6,BID
2018-12-17 09:55:40,XOM,75.15,13,ASK
2018-12-17 09:56:14,XOM,75.14,9,BID
2018-12-17 09:55:40,XOM,75.15,13,ASK
2018-12-17 09:56:13,XOM,75.14,7,BID
2018-12-17 09:55:46,XOM,75.15,14,ASK
2018-12-17 09:56:13,XOM,75.14,7,BID
2018-12-17 09:56:15,XOM,75.15,13,ASK
2018-12-17 09:56:16,XOM,75.15,20,BID
2018-12-17 09:56:17,XOM,75.16,8,ASK
2018-12-17 09:56:16,XOM,75.15,20,BID
2018-12-17 09:56:17,XOM,75.16,8,ASK
2018-12-17 09:56:18,XOM,75.16,18,BID
2018-12-17 09:53:18,XOM,75.17,16,ASK
2018-12-17 09:56:18,XOM,75.16,13,BID
2018-12-17 09:53:18,XOM,75.17,16,ASK
2018-12-17 09:56:16,XOM,75.15,23,BID
2018-12-17 09:56:20,XOM,75.16,12,ASK
2018-12-17 09:56:21,XOM,75.15,20,BID
2018-12-17 09:56:20,XOM,75.16,12,ASK
2018-12-17 09:56:23,XOM,75.15,19,BID
2018-12-17 09:56:20,XOM,75.16,13,ASK
2018-12-17 09:56:23,XOM,75.15,15,BID
2018-12-17 09:56:20,XOM,75.16,12,ASK
2018-12-17 09:56:23,XOM,75.15,14,BID
2018-12-17 09:56:20,XOM,75.16,13,ASK
2018-12-17 09:56:23,XOM,75.15,14,BID
2018-12-17 09:56:20,XOM,75.16,13,ASK
2018-12-17 09:56:23,XOM,75.15,14,BID
2018-12-17 09:56:20,XOM,75.16,13,ASK
2018-12-17 09:56:27,XOM,75.16,16,BID
2018-12-17 09:56:27,XOM,75.17,13,ASK
2018-12-17 09:56:28,XOM,75.16,16,BID
2018-12-17 09:56:27,XOM,75.17,13,ASK
2018-12-17 09:56:23,XOM,75.15,17,BID
2018-12-17 09:56:29,XOM,75.16,5,ASK
2018-12-17 09:56:16,XOM,75.14,20,BID
2018-12-17 09:56:31,XOM,75.15,4,ASK
2018-12-17 09:56:31,XOM,75.14,12,BID
2018-12-17 09:56:31,XOM,75.15,5,ASK
2018-12-17 09:56:33,XOM,75.13,12,BID
2018-12-17 09:56:33,XOM,75.14,8,ASK
2018-12-17 09:56:34,XOM,75.13,20,BID
2018-12-17 09:56:34,XOM,75.14,4,ASK
2018-12-17 09:56:34,XOM,75.13,17,BID
2018-12-17 09:56:34,XOM,75.14,4,ASK
2018-12-17 09:56:34,XOM,75.13,9,BID
2018-12-17 09:56:35,XOM,75.14,9,ASK
2018-12-17 09:56:34,XOM,75.13,11,BID
2018-12-17 09:56:35,XOM,75.14,8,ASK
2018-12-17 09:56:37,XOM,75.11,20,BID
2018-12-17 09:56:37,XOM,75.12,6,ASK
2018-12-17 09:56:39,XOM,75.11,12,BID
2018-12-17 09:56:38,XOM,75.12,6,ASK
2018-12-17 09:56:40,XOM,75.11,4,BID
2018-12-17 09:56:39,XOM,75.12,9,ASK
2018-12-17 09:56:41,XOM,75.1,14,BID
2018-12-17 09:56:41,XOM,75.11,6,ASK
2018-12-17 09:56:41,XOM,75.1,14,BID
2018-12-17 09:56:41,XOM,75.11,7,ASK
2018-12-17 09:56:00,XOM,75.09,17,BID
2018-12-17 09:56:42,XOM,75.11,7,ASK
2018-12-17 09:56:00,XOM,75.09,22,BID
2018-12-17 09:56:43,XOM,75.11,7,ASK
2018-12-17 09:56:44,XOM,75.1,8,BID
2018-12-17 09:56:45,XOM,75.11,5,ASK
2018-12-17 09:56:46,XOM,75.11,25,BID
2018-12-17 09:56:46,XOM,75.13,14,ASK
2018-12-17 09:56:46,XOM,75.11,25,BID
2018-12-17 09:56:46,XOM,75.13,15,ASK
2018-12-17 09:56:46,XOM,75.11,25,BID
2018-12-17 09:56:46,XOM,75.13,15,ASK
2018-12-17 09:56:45,XOM,75.1,26,BID
2018-12-17 09:56:48,XOM,75.12,9,ASK
2018-12-17 09:56:45,XOM,75.1,26,BID
2018-12-17 09:56:48,XOM,75.12,9,ASK
2018-12-17 09:56:45,XOM,75.1,26,BID
2018-12-17 09:56:48,XOM,75.12,9,ASK
2018-12-17 09:56:45,XOM,75.1,25,BID
2018-12-17 09:56:48,XOM,75.12,10,ASK
2018-12-17 09:56:45,XOM,75.1,25,BID
2018-12-17 09:56:48,XOM,75.12,13,ASK
2018-12-17 09:56:45,XOM,75.1,25,BID
2018-12-17 09:56:48,XOM,75.12,9,ASK
2018-12-17 09:56:45,XOM,75.1,25,BID
2018-12-17 09:56:54,XOM,75.11,9,ASK
2018-12-17 09:56:45,XOM,75.1,25,BID
2018-12-17 09:56:56,XOM,75.11,8,ASK
2018-12-17 09:56:45,XOM,75.1,25,BID
2018-12-17 09:56:56,XOM,75.11,8,ASK
2018-12-17 09:56:45,XOM,75.1,25,BID
2018-12-17 09:56:58,XOM,75.12,9,ASK
2018-12-17 09:56:59,XOM,75.11,1,BID
2018-12-17 09:56:59,XOM,75.12,11,ASK
2018-12-17 09:56:59,XOM,75.12,17,BID
2018-12-17 09:56:59,XOM,75.13,10,ASK
2018-12-17 09:57:01,XOM,75.13,14,BID
2018-12-17 09:57:00,XOM,75.15,8,ASK
2018-12-17 09:57:02,XOM,75.13,10,BID
2018-12-17 09:57:00,XOM,75.15,8,ASK
2018-12-17 09:57:02,XOM,75.13,9,BID
2018-12-17 09:57:00,XOM,75.15,8,ASK
2018-12-17 09:57:04,XOM,75.12,12,BID
2018-12-17 09:57:04,XOM,75.13,10,ASK
2018-12-17 09:57:04,XOM,75.11,14,BID
2018-12-17 09:57:04,XOM,75.13,10,ASK
2018-12-17 09:56:45,XOM,75.1,62,BID
2018-12-17 09:57:05,XOM,75.12,7,ASK
2018-12-17 09:56:45,XOM,75.1,63,BID
2018-12-17 09:57:06,XOM,75.12,9,ASK
2018-12-17 09:56:45,XOM,75.1,63,BID
2018-12-17 09:57:08,XOM,75.11,4,ASK
2018-12-17 09:56:45,XOM,75.1,63,BID
2018-12-17 09:57:09,XOM,75.11,10,ASK
2018-12-17 09:57:09,XOM,75.09,26,BID
2018-12-17 09:57:09,XOM,75.11,10,ASK
2018-12-17 09:57:11,XOM,75.09,10,BID
2018-12-17 09:57:11,XOM,75.1,4,ASK
2018-12-17 09:57:09,XOM,75.08,15,BID
2018-12-17 09:57:11,XOM,75.1,9,ASK
2018-12-17 09:54:53,XOM,75.06,16,BID
2018-12-17 09:57:13,XOM,75.08,10,ASK
2018-12-17 09:54:45,XOM,75.05,19,BID
2018-12-17 09:57:13,XOM,75.07,6,ASK
2018-12-17 09:57:15,XOM,75.06,2,BID
2018-12-17 09:57:13,XOM,75.07,6,ASK
2018-12-17 09:57:16,XOM,75.06,16,BID
2018-12-17 09:57:13,XOM,75.07,5,ASK
2018-12-17 09:57:16,XOM,75.06,12,BID
2018-12-17 09:57:13,XOM,75.07,4,ASK
2018-12-17 09:57:18,XOM,75.06,13,BID
2018-12-17 09:57:13,XOM,75.07,4,ASK
2018-12-17 09:54:45,XOM,75.05,20,BID
2018-12-17 09:57:13,XOM,75.07,6,ASK
2018-12-17 09:54:45,XOM,75.05,20,BID
2018-12-17 09:57:13,XOM,75.07,6,ASK
2018-12-17 09:54:45,XOM,75.05,20,BID
2018-12-17 09:57:13,XOM,75.07,6,ASK
2018-12-17 09:54:45,XOM,75.05,21,BID
2018-12-17 09:57:13,XOM,75.07,6,ASK
2018-12-17 09:54:45,XOM,75.05,19,BID
2018-12-17 09:57:13,XOM,75.07,6,ASK
2018-12-17 09:57:24,XOM,75.08,25,BID
2018-12-17 09:57:11,XOM,75.1,6,ASK
2018-12-17 09:54:45,XOM,75.05,19,BID
2018-12-17 09:57:24,XOM,75.07,7,ASK
2018-12-17 09:54:45,XOM,75.05,19,BID
2018-12-17 09:57:26,XOM,75.07,10,ASK
2018-12-17 09:54:45,XOM,75.05,19,BID
2018-12-17 09:57:26,XOM,75.07,10,ASK
2018-12-17 09:57:27,XOM,75.07,24,BID
2018-12-17 09:57:27,XOM,75.09,7,ASK
2018-12-17 09:57:29,XOM,75.08,28,BID
2018-12-17 09:57:11,XOM,75.1,6,ASK
2018-12-17 09:57:29,XOM,75.08,28,BID
2018-12-17 09:57:11,XOM,75.1,6,ASK
2018-12-17 09:57:29,XOM,75.08,28,BID
2018-12-17 09:57:11,XOM,75.1,7,ASK
2018-12-17 09:57:32,XOM,75.08,17,BID
2018-12-17 09:57:11,XOM,75.1,6,ASK
2018-12-17 09:57:33,XOM,75.08,17,BID
2018-12-17 09:57:11,XOM,75.1,16,ASK
2018-12-17 09:57:33,XOM,75.08,16,BID
2018-12-17 09:57:11,XOM,75.1,16,ASK
2018-12-17 09:57:35,XOM,75.1,11,BID
2018-12-17 09:57:08,XOM,75.11,8,ASK
2018-12-17 09:57:35,XOM,75.1,11,BID
2018-12-17 09:57:08,XOM,75.11,8,ASK
2018-12-17 09:57:37,XOM,75.09,15,BID
2018-12-17 09:57:36,XOM,75.1,4,ASK
2018-12-17 09:57:37,XOM,75.09,14,BID
2018-12-17 09:57:36,XOM,75.1,5,ASK
2018-12-17 09:57:38,XOM,75.09,18,BID
2018-12-17 09:57:36,XOM,75.1,5,ASK
2018-12-17 09:57:38,XOM,75.09,18,BID
2018-12-17 09:57:36,XOM,75.1,5,ASK
2018-12-17 09:57:41,XOM,75.09,26,BID
2018-12-17 09:57:40,XOM,75.1,9,ASK
2018-12-17 09:57:41,XOM,75.1,17,BID
2018-12-17 09:57:42,XOM,75.12,8,ASK
2018-12-17 09:57:43,XOM,75.11,8,BID
2018-12-17 09:57:43,XOM,75.12,6,ASK
2018-12-17 09:57:44,XOM,75.12,3,BID
2018-12-17 09:57:43,XOM,75.13,9,ASK
2018-12-17 09:57:45,XOM,75.12,11,BID
2018-12-17 09:57:45,XOM,75.13,4,ASK
2018-12-17 09:57:46,XOM,75.12,12,BID
2018-12-17 09:57:46,XOM,75.13,2,ASK
2018-12-17 09:57:47,XOM,75.13,3,BID
2018-12-17 09:57:47,XOM,75.14,9,ASK
2018-12-17 09:57:47,XOM,75.12,17,BID
2018-12-17 09:57:48,XOM,75.13,7,ASK
2018-12-17 09:57:43,XOM,75.11,13,BID
2018-12-17 09:57:49,XOM,75.12,6,ASK
2018-12-17 09:57:43,XOM,75.11,11,BID
2018-12-17 09:57:49,XOM,75.12,9,ASK
2018-12-17 09:57:43,XOM,75.11,11,BID
2018-12-17 09:57:49,XOM,75.12,9,ASK
2018-12-17 09:57:52,XOM,75.1,10,BID
2018-12-17 09:57:52,XOM,75.11,7,ASK
2018-12-17 09:57:52,XOM,75.1,13,BID
2018-12-17 09:57:52,XOM,75.11,5,ASK
2018-12-17 09:57:54,XOM,75.09,15,BID
2018-12-17 09:57:54,XOM,75.1,11,ASK
2018-12-17 09:57:33,XOM,75.08,17,BID
2018-12-17 09:57:54,XOM,75.1,11,ASK
2018-12-17 09:57:56,XOM,75.09,15,BID
2018-12-17 09:57:55,XOM,75.1,17,ASK
2018-12-17 09:57:57,XOM,75.09,8,BID
2018-12-17 09:57:55,XOM,75.1,16,ASK
2018-12-17 09:57:58,XOM,75.09,18,BID
2018-12-17 09:57:58,XOM,75.1,15,ASK
2018-12-17 09:57:59,XOM,75.09,14,BID
2018-12-17 09:57:59,XOM,75.1,15,ASK
2018-12-17 09:58:00,XOM,75.09,18,BID
2018-12-17 09:58:00,XOM,75.1,15,ASK
2018-12-17 09:58:01,XOM,75.1,20,BID
2018-12-17 09:58:01,XOM,75.12,8,ASK
2018-12-17 09:58:02,XOM,75.11,17,BID
2018-12-17 09:58:02,XOM,75.12,6,ASK
2018-12-17 09:58:03,XOM,75.11,13,BID
2018-12-17 09:58:03,XOM,75.12,4,ASK
2018-12-17 09:58:03,XOM,75.11,12,BID
2018-12-17 09:58:03,XOM,75.12,5,ASK
2018-12-17 09:58:05,XOM,75.09,17,BID
2018-12-17 09:58:05,XOM,75.11,11,ASK
2018-12-17 09:58:05,XOM,75.09,14,BID
2018-12-17 09:58:05,XOM,75.11,11,ASK
2018-12-17 09:58:05,XOM,75.09,14,BID
2018-12-17 09:58:07,XOM,75.11,15,ASK
2018-12-17 09:58:08,XOM,75.08,8,BID
2018-12-17 09:58:08,XOM,75.09,5,ASK
2018-12-17 09:58:08,XOM,75.08,8,BID
2018-12-17 09:58:09,XOM,75.09,6,ASK
2018-12-17 09:58:10,XOM,75.08,16,BID
2018-12-17 09:58:09,XOM,75.09,4,ASK
2018-12-17 09:58:10,XOM,75.08,11,BID
2018-12-17 09:58:09,XOM,75.09,6,ASK
2018-12-17 09:58:10,XOM,75.08,9,BID
2018-12-17 09:58:09,XOM,75.09,7,ASK
2018-12-17 09:58:12,XOM,75.07,17,BID
2018-12-17 09:58:12,XOM,75.08,4,ASK
2018-12-17 09:57:27,XOM,75.06,14,BID
2018-12-17 09:58:12,XOM,75.08,6,ASK
2018-12-17 09:57:27,XOM,75.06,17,BID
2018-12-17 09:58:15,XOM,75.08,6,ASK
2018-12-17 09:57:27,XOM,75.06,13,BID
2018-12-17 09:58:15,XOM,75.08,7,ASK
2018-12-17 09:57:27,XOM,75.06,13,BID
2018-12-17 09:58:15,XOM,75.08,7,ASK
2018-12-17 09:58:18,XOM,75.08,30,BID
2018-12-17 09:58:18,XOM,75.09,4,ASK
2018-12-17 09:58:19,XOM,75.08,20,BID
2018-12-17 09:58:07,XOM,75.1,12,ASK
2018-12-17 09:58:20,XOM,75.08,25,BID
2018-12-17 09:58:07,XOM,75.1,12,ASK
2018-12-17 09:58:21,XOM,75.1,21,BID
2018-12-17 09:58:21,XOM,75.12,10,ASK
2018-12-17 09:58:22,XOM,75.1,23,BID
2018-12-17 09:58:21,XOM,75.12,11,ASK
2018-12-17 09:58:22,XOM,75.11,1,BID
2018-12-17 09:58:21,XOM,75.12,11,ASK
2018-12-17 09:58:24,XOM,75.11,15,BID
2018-12-17 09:57:47,XOM,75.13,9,ASK
2018-12-17 09:58:25,XOM,75.12,3,BID
2018-12-17 09:58:25,XOM,75.13,9,ASK
2018-12-17 09:58:25,XOM,75.13,13,BID
2018-12-17 09:57:46,XOM,75.15,13,ASK
2018-12-17 09:58:25,XOM,75.13,14,BID
2018-12-17 09:57:46,XOM,75.15,20,ASK
2018-12-17 09:58:25,XOM,75.13,22,BID
2018-12-17 09:57:46,XOM,75.15,17,ASK
2018-12-17 09:58:29,XOM,75.14,19,BID
2018-12-17 09:56:30,XOM,75.16,9,ASK
2018-12-17 09:58:30,XOM,75.14,19,BID
2018-12-17 09:58:30,XOM,75.16,11,ASK
2018-12-17 09:58:30,XOM,75.14,20,BID
2018-12-17 09:58:31,XOM,75.16,11,ASK
2018-12-17 09:58:30,XOM,75.14,20,BID
2018-12-17 09:58:31,XOM,75.16,11,ASK
2018-12-17 09:58:30,XOM,75.14,18,BID
2018-12-17 09:58:33,XOM,75.15,1,ASK
2018-12-17 09:58:25,XOM,75.12,30,BID
2018-12-17 09:58:34,XOM,75.14,11,ASK
2018-12-17 09:58:35,XOM,75.13,14,BID
2018-12-17 09:58:35,XOM,75.14,7,ASK
2018-12-17 09:58:36,XOM,75.13,12,BID
2018-12-17 09:58:35,XOM,75.14,7,ASK
2018-12-17 09:58:37,XOM,75.13,16,BID
2018-12-17 09:58:37,XOM,75.15,10,ASK
2018-12-17 09:58:38,XOM,75.13,22,BID
2018-12-17 09:58:38,XOM,75.15,6,ASK
2018-12-17 09:58:39,XOM,75.13,22,BID
2018-12-17 09:58:39,XOM,75.15,6,ASK
2018-12-17 09:58:39,XOM,75.13,22,BID
2018-12-17 09:58:39,XOM,75.15,6,ASK
2018-12-17 09:58:41,XOM,75.16,11,BID
2018-12-17 09:56:29,XOM,75.17,18,ASK
2018-12-17 09:58:41,XOM,75.16,11,BID
2018-12-17 09:58:41,XOM,75.17,17,ASK
2018-12-17 09:58:41,XOM,75.16,9,BID
2018-12-17 09:58:43,XOM,75.17,17,ASK
2018-12-17 09:58:44,XOM,75.14,12,BID
2018-12-17 09:58:44,XOM,75.16,9,ASK
2018-12-17 09:58:39,XOM,75.13,26,BID
2018-12-17 09:58:44,XOM,75.16,10,ASK
2018-12-17 09:58:46,XOM,75.14,11,BID
2018-12-17 09:58:44,XOM,75.16,7,ASK
2018-12-17 09:58:46,XOM,75.14,10,BID
2018-12-17 09:58:47,XOM,75.16,10,ASK
2018-12-17 09:58:48,XOM,75.14,11,BID
2018-12-17 09:58:48,XOM,75.16,10,ASK
2018-12-17 09:58:49,XOM,75.14,13,BID
2018-12-17 09:58:49,XOM,75.16,7,ASK
2018-12-17 09:58:49,XOM,75.14,13,BID
2018-12-17 09:58:49,XOM,75.16,7,ASK
2018-12-17 09:58:51,XOM,75.15,16,BID
2018-12-17 09:58:51,XOM,75.17,18,ASK
2018-12-17 09:58:51,XOM,75.15,16,BID
2018-12-17 09:58:51,XOM,75.17,18,ASK
2018-12-17 09:58:53,XOM,75.16,14,BID
2018-12-17 09:53:18,XOM,75.18,20,ASK
2018-12-17 09:58:53,XOM,75.16,14,BID
2018-12-17 09:53:18,XOM,75.18,20,ASK
2018-12-17 09:58:55,XOM,75.16,15,BID
2018-12-17 09:58:55,XOM,75.17,2,ASK
2018-12-17 09:58:56,XOM,75.16,16,BID
2018-12-17 09:58:55,XOM,75.17,3,ASK
2018-12-17 09:58:49,XOM,75.14,15,BID
2018-12-17 09:58:57,XOM,75.16,13,ASK
2018-12-17 09:58:58,XOM,75.14,16,BID
2018-12-17 09:58:58,XOM,75.15,5,ASK
2018-12-17 09:58:58,XOM,75.14,18,BID
2018-12-17 09:58:59,XOM,75.15,9,ASK
2018-12-17 09:58:25,XOM,75.12,25,BID
2018-12-17 09:59:00,XOM,75.14,7,ASK
2018-12-17 09:58:25,XOM,75.12,26,BID
2018-12-17 09:59:00,XOM,75.14,7,ASK
2018-12-17 09:59:02,XOM,75.11,16,BID
2018-12-17 09:59:02,XOM,75.13,5,ASK
2018-12-17 09:59:03,XOM,75.11,17,BID
2018-12-17 09:59:03,XOM,75.13,12,ASK
2018-12-17 09:59:03,XOM,75.11,11,BID
2018-12-17 09:59:03,XOM,75.13,10,ASK
2018-12-17 09:59:03,XOM,75.11,11,BID
2018-12-17 09:59:03,XOM,75.13,10,ASK
2018-12-17 09:59:03,XOM,75.11,11,BID
2018-12-17 09:59:03,XOM,75.13,10,ASK
2018-12-17 09:59:03,XOM,75.11,11,BID
2018-12-17 09:59:03,XOM,75.13,10,ASK
2018-12-17 09:59:03,XOM,75.11,11,BID
2018-12-17 09:59:03,XOM,75.13,11,ASK
2018-12-17 09:59:03,XOM,75.11,11,BID
2018-12-17 09:59:03,XOM,75.13,11,ASK
2018-12-17 09:59:03,XOM,75.11,11,BID
2018-12-17 09:59:03,XOM,75.13,11,ASK
2018-12-17 09:59:03,XOM,75.11,14,BID
2018-12-17 09:59:11,XOM,75.12,2,ASK
2018-12-17 09:59:03,XOM,75.11,14,BID
2018-12-17 09:59:12,XOM,75.12,4,ASK
2018-12-17 09:59:13,XOM,75.1,4,BID
2018-12-17 09:59:13,XOM,75.11,17,ASK
2018-12-17 09:59:14,XOM,75.09,16,BID
2018-12-17 09:59:13,XOM,75.11,17,ASK
2018-12-17 09:59:15,XOM,75.08,1,BID
2018-12-17 09:59:15,XOM,75.09,8,ASK
2018-12-17 09:59:16,XOM,75.09,1,BID
2018-12-17 09:59:16,XOM,75.1,14,ASK
2018-12-17 09:59:17,XOM,75.09,21,BID
2018-12-17 09:59:13,XOM,75.11,17,ASK
2018-12-17 09:59:18,XOM,75.09,22,BID
2018-12-17 09:59:13,XOM,75.11,18,ASK
2018-12-17 09:59:18,XOM,75.09,22,BID
2018-12-17 09:59:13,XOM,75.11,11,ASK
2018-12-17 09:59:18,XOM,75.09,19,BID
2018-12-17 09:59:13,XOM,75.11,13,ASK
2018-12-17 09:59:18,XOM,75.09,19,BID
2018-12-17 09:59:13,XOM,75.11,13,ASK
2018-12-17 09:59:18,XOM,75.09,16,BID
2018-12-17 09:59:22,XOM,75.1,14,ASK
2018-12-17 09:59:18,XOM,75.09,27,BID
2018-12-17 09:59:23,XOM,75.1,11,ASK
2018-12-17 09:59:24,XOM,75.1,29,BID
2018-12-17 09:59:24,XOM,75.11,9,ASK
2018-12-17 09:59:25,XOM,75.14,22,BID
2018-12-17 09:59:25,XOM,75.15,18,ASK
2018-12-17 09:59:26,XOM,75.14,22,BID
2018-12-17 09:59:26,XOM,75.15,1,ASK
2018-12-17 09:59:27,XOM,75.15,4,BID
2018-12-17 09:59:27,XOM,75.16,13,ASK
2018-12-17 09:59:28,XOM,75.15,4,BID
2018-12-17 09:59:27,XOM,75.16,13,ASK
2018-12-17 09:59:28,XOM,75.15,4,BID
2018-12-17 09:59:27,XOM,75.16,13,ASK
2018-12-17 09:59:30,XOM,75.14,22,BID
2018-12-17 09:59:30,XOM,75.15,19,ASK
2018-12-17 09:59:31,XOM,75.14,22,BID
2018-12-17 09:59:31,XOM,75.15,14,ASK
2018-12-17 09:59:32,XOM,75.15,5,BID
2018-12-17 09:59:32,XOM,75.16,2,ASK
2018-12-17 09:59:32,XOM,75.15,6,BID
2018-12-17 09:59:33,XOM,75.16,4,ASK
2018-12-17 09:59:34,XOM,75.15,20,BID
2018-12-17 09:59:33,XOM,75.17,23,ASK
2018-12-17 09:59:34,XOM,75.15,17,BID
2018-12-17 09:59:33,XOM,75.17,22,ASK
2018-12-17 09:59:36,XOM,75.17,16,BID
2018-12-17 09:59:36,XOM,75.19,21,ASK
2018-12-17 09:59:36,XOM,75.17,19,BID
2018-12-17 09:59:36,XOM,75.19,21,ASK
2018-12-17 09:59:37,XOM,75.18,2,BID
2018-12-17 09:59:36,XOM,75.19,11,ASK
2018-12-17 09:59:38,XOM,75.18,3,BID
2018-12-17 09:59:36,XOM,75.19,7,ASK
2018-12-17 09:59:38,XOM,75.19,2,BID
2018-12-17 09:51:11,XOM,75.2,39,ASK
2018-12-17 09:59:40,XOM,75.18,15,BID
2018-12-17 09:51:11,XOM,75.2,38,ASK
2018-12-17 09:59:42,XOM,75.17,12,BID
2018-12-17 09:59:41,XOM,75.19,11,ASK
2018-12-17 09:59:43,XOM,75.16,6,BID
2018-12-17 09:59:43,XOM,75.17,1,ASK
2018-12-17 09:59:44,XOM,75.16,7,BID
2018-12-17 09:59:44,XOM,75.17,3,ASK
2018-12-17 09:59:44,XOM,75.16,9,BID
2018-12-17 09:59:45,XOM,75.17,4,ASK
2018-12-17 09:59:44,XOM,75.16,9,BID
2018-12-17 09:59:46,XOM,75.18,5,ASK
2018-12-17 09:59:44,XOM,75.16,9,BID
2018-12-17 09:59:47,XOM,75.18,8,ASK
2018-12-17 09:59:44,XOM,75.16,9,BID
2018-12-17 09:59:47,XOM,75.18,13,ASK
2018-12-17 09:59:44,XOM,75.16,11,BID
2018-12-17 09:59:47,XOM,75.18,11,ASK
2018-12-17 09:59:50,XOM,75.2,7,BID
2018-12-17 09:59:50,XOM,75.21,2,ASK
2018-12-17 09:59:51,XOM,75.23,2,BID
2018-12-17 09:59:51,XOM,75.24,8,ASK
2018-12-17 09:59:52,XOM,75.22,6,BID
2018-12-17 09:59:51,XOM,75.24,11,ASK
2018-12-17 09:59:52,XOM,75.21,9,BID
2018-12-17 09:59:53,XOM,75.23,4,ASK
2018-12-17 09:59:54,XOM,75.23,4,BID
2018-12-17 09:59:53,XOM,75.24,7,ASK
2018-12-17 09:59:54,XOM,75.22,3,BID
2018-12-17 09:59:53,XOM,75.24,8,ASK
2018-12-17 09:59:55,XOM,75.23,5,BID
2018-12-17 09:59:55,XOM,75.25,8,ASK
2018-12-17 09:59:57,XOM,75.24,1,BID
2018-12-17 09:59:55,XOM,75.25,15,ASK
2018-12-17 09:59:57,XOM,75.23,8,BID
2018-12-17 09:59:58,XOM,75.24,1,ASK
2018-12-17 09:59:59,XOM,75.23,4,BID
2018-12-17 09:59:59,XOM,75.24,4,ASK
2018-12-17 10:00:00,XOM,75.23,3,BID
2018-12-17 10:00:00,XOM,75.23,1,ASK
2018-12-17 10:00:00,XOM,75.23,4,BID
2018-12-17 10:00:00,XOM,75.24,5,ASK
2018-12-17 10:00:01,XOM,75.22,5,BID
2018-12-17 10:00:01,XOM,75.23,5,ASK
2018-12-17 10:00:01,XOM,75.24,2,BID
2018-12-17 10:00:01,XOM,75.25,17,ASK
2018-12-17 10:00:02,XOM,75.24,6,BID
2018-12-17 10:00:02,XOM,75.25,16,ASK
2018-12-17 10:00:03,XOM,75.24,5,BID
2018-12-17 10:00:02,XOM,75.25,9,ASK
2018-12-17 10:00:04,XOM,75.24,10,BID
2018-12-17 10:00:04,XOM,75.25,8,ASK
2018-12-17 10:00:05,XOM,75.24,12,BID
2018-12-17 10:00:05,XOM,75.26,8,ASK
2018-12-17 10:00:07,XOM,75.23,2,BID
2018-12-17 10:00:07,XOM,75.24,7,ASK
2018-12-17 10:00:07,XOM,75.23,5,BID
2018-12-17 10:00:07,XOM,75.25,6,ASK
2018-12-17 10:00:08,XOM,75.25,5,BID
2018-12-17 10:00:08,XOM,75.27,7,ASK
2018-12-17 10:00:08,XOM,75.24,6,BID
2018-12-17 10:00:08,XOM,75.27,7,ASK
2018-12-17 10:00:09,XOM,75.25,1,BID
2018-12-17 10:00:09,XOM,75.26,3,ASK
2018-12-17 10:00:09,XOM,75.22,14,BID
2018-12-17 10:00:09,XOM,75.24,3,ASK
2018-12-17 10:00:09,XOM,75.22,13,BID
2018-12-17 10:00:10,XOM,75.24,6,ASK
2018-12-17 10:00:12,XOM,75.21,11,BID
2018-12-17 10:00:12,XOM,75.23,13,ASK
2018-12-17 10:00:13,XOM,75.21,1,BID
2018-12-17 10:00:13,XOM,75.22,9,ASK
2018-12-17 10:00:15,XOM,75.22,2,BID
2018-12-17 10:00:15,XOM,75.23,12,ASK
2018-12-17 10:00:15,XOM,75.22,3,BID
2018-12-17 10:00:15,XOM,75.23,14,ASK
2018-12-17 10:00:17,XOM,75.24,5,BID
2018-12-17 10:00:17,XOM,75.25,6,ASK
2018-12-17 10:00:19,XOM,75.24,10,BID
2018-12-17 10:00:17,XOM,75.25,6,ASK
2018-12-17 10:00:14,XOM,75.2,8,BID
2018-12-17 10:00:22,XOM,75.22,3,ASK
2018-12-17 10:00:14,XOM,75.2,7,BID
2018-12-17 10:00:22,XOM,75.22,4,ASK
2018-12-17 10:00:14,XOM,75.2,7,BID
2018-12-17 10:00:22,XOM,75.22,4,ASK
2018-12-17 10:00:14,XOM,75.2,9,BID
2018-12-17 10:00:22,XOM,75.22,4,ASK
2018-12-17 10:00:26,XOM,75.21,5,BID
2018-12-17 10:00:26,XOM,75.23,5,ASK
2018-12-17 10:00:26,XOM,75.18,5,BID
2018-12-17 10:00:26,XOM,75.2,6,ASK
2018-12-17 10:00:26,XOM,75.18,7,BID
2018-12-17 10:00:27,XOM,75.19,3,ASK
2018-12-17 09:59:44,XOM,75.16,8,BID
2018-12-17 10:00:28,XOM,75.18,3,ASK
2018-12-17 10:00:30,XOM,75.18,1,BID
2018-12-17 10:00:30,XOM,75.19,3,ASK
2018-12-17 10:00:30,XOM,75.19,8,BID
2018-12-17 10:00:30,XOM,75.2,6,ASK
2018-12-17 10:00:31,XOM,75.18,10,BID
2018-12-17 10:00:31,XOM,75.2,6,ASK
2018-12-17 10:00:31,XOM,75.18,10,BID
2018-12-17 10:00:31,XOM,75.2,6,ASK
2018-12-17 10:00:34,XOM,75.18,14,BID
2018-12-17 10:00:34,XOM,75.2,6,ASK
2018-12-17 10:00:35,XOM,75.17,9,BID
2018-12-17 10:00:35,XOM,75.19,3,ASK
2018-12-17 10:00:35,XOM,75.17,15,BID
2018-12-17 10:00:35,XOM,75.19,10,ASK
2018-12-17 10:00:35,XOM,75.17,9,BID
2018-12-17 10:00:36,XOM,75.19,18,ASK
2018-12-17 09:59:44,XOM,75.16,16,BID
2018-12-17 10:00:36,XOM,75.19,19,ASK
2018-12-17 10:00:39,XOM,75.18,4,BID
2018-12-17 10:00:39,XOM,75.19,17,ASK
2018-12-17 10:00:39,XOM,75.18,4,BID
2018-12-17 10:00:39,XOM,75.19,17,ASK
2018-12-17 10:00:39,XOM,75.18,4,BID
2018-12-17 10:00:40,XOM,75.19,17,ASK
2018-12-17 10:00:41,XOM,75.19,33,BID
2018-12-17 10:00:41,XOM,75.2,7,ASK
2018-12-17 10:00:43,XOM,75.18,24,BID
2018-12-17 10:00:41,XOM,75.2,9,ASK
2018-12-17 10:00:43,XOM,75.18,18,BID
2018-12-17 10:00:41,XOM,75.2,14,ASK
2018-12-17 10:00:45,XOM,75.17,14,BID
2018-12-17 10:00:45,XOM,75.19,16,ASK
2018-12-17 10:00:45,XOM,75.17,14,BID
2018-12-17 10:00:45,XOM,75.19,18,ASK
2018-12-17 10:00:46,XOM,75.17,16,BID
2018-12-17 10:00:47,XOM,75.19,25,ASK
2018-12-17 10:00:47,XOM,75.17,13,BID
2018-12-17 10:00:47,XOM,75.19,24,ASK
2018-12-17 10:00:47,XOM,75.17,13,BID
2018-12-17 10:00:47,XOM,75.19,20,ASK
2018-12-17 10:00:47,XOM,75.17,12,BID
2018-12-17 10:00:47,XOM,75.19,20,ASK
2018-12-17 10:00:51,XOM,75.17,1,BID
2018-12-17 10:00:51,XOM,75.18,4,ASK
2018-12-17 10:00:51,XOM,75.17,5,BID
2018-12-17 10:00:47,XOM,75.19,20,ASK
2018-12-17 10:00:53,XOM,75.17,6,BID
2018-12-17 10:00:47,XOM,75.19,21,ASK
2018-12-17 10:00:54,XOM,75.18,10,BID
2018-12-17 10:00:41,XOM,75.2,17,ASK
2018-12-17 10:00:54,XOM,75.19,1,BID
2018-12-17 10:00:41,XOM,75.2,13,ASK
2018-12-17 10:00:55,XOM,75.19,11,BID
2018-12-17 10:00:41,XOM,75.2,10,ASK
2018-12-17 10:00:56,XOM,75.19,3,BID
2018-12-17 10:00:56,XOM,75.2,17,ASK
2018-12-17 10:00:56,XOM,75.18,18,BID
2018-12-17 10:00:56,XOM,75.2,17,ASK
2018-12-17 10:00:56,XOM,75.18,19,BID
2018-12-17 10:00:56,XOM,75.2,18,ASK
2018-12-17 10:01:00,XOM,75.19,1,BID
2018-12-17 10:00:59,XOM,75.2,17,ASK
2018-12-17 10:01:00,XOM,75.19,3,BID
2018-12-17 10:00:59,XOM,75.2,17,ASK
2018-12-17 10:01:02,XOM,75.18,18,BID
2018-12-17 10:00:59,XOM,75.2,17,ASK
2018-12-17 10:01:02,XOM,75.17,14,BID
2018-12-17 10:01:03,XOM,75.19,14,ASK
2018-12-17 10:01:03,XOM,75.18,4,BID
2018-12-17 10:01:03,XOM,75.19,25,ASK
2018-12-17 10:01:05,XOM,75.17,15,BID
2018-12-17 10:01:04,XOM,75.19,21,ASK
2018-12-17 10:01:05,XOM,75.17,15,BID
2018-12-17 10:01:04,XOM,75.19,21,ASK
2018-12-17 09:59:44,XOM,75.16,14,BID
2018-12-17 10:01:07,XOM,75.17,4,ASK
2018-12-17 09:59:44,XOM,75.16,16,BID
2018-12-17 10:01:08,XOM,75.17,4,ASK
2018-12-17 10:01:09,XOM,75.17,16,BID
2018-12-17 10:01:09,XOM,75.18,15,ASK
2018-12-17 10:01:10,XOM,75.19,10,BID
2018-12-17 10:01:10,XOM,75.2,15,ASK
2018-12-17 10:01:10,XOM,75.2,14,BID
2018-12-17 10:01:10,XOM,75.21,18,ASK
2018-12-17 10:01:12,XOM,75.21,2,BID
2018-12-17 10:01:12,XOM,75.22,17,ASK
2018-12-17 10:01:12,XOM,75.2,4,BID
2018-12-17 10:01:12,XOM,75.22,27,ASK
2018-12-17 10:01:14,XOM,75.2,4,BID
2018-12-17 10:01:12,XOM,75.22,22,ASK
2018-12-17 10:01:14,XOM,75.2,4,BID
2018-12-17 10:01:12,XOM,75.22,19,ASK
2018-12-17 10:01:16,XOM,75.2,12,BID
2018-12-17 10:01:16,XOM,75.22,20,ASK
2018-12-17 10:01:16,XOM,75.2,13,BID
2018-12-17 10:01:17,XOM,75.22,19,ASK
2018-12-17 10:01:18,XOM,75.2,14,BID
2018-12-17 10:01:18,XOM,75.22,19,ASK
2018-12-17 10:01:18,XOM,75.2,20,BID
2018-12-17 10:01:18,XOM,75.22,17,ASK
2018-12-17 10:01:18,XOM,75.2,19,BID
2018-12-17 10:01:18,XOM,75.22,21,ASK
2018-12-17 10:01:18,XOM,75.2,19,BID
2018-12-17 10:01:18,XOM,75.22,21,ASK
2018-12-17 10:01:22,XOM,75.18,21,BID
2018-12-17 10:01:22,XOM,75.2,6,ASK
2018-12-17 10:01:22,XOM,75.18,17,BID
2018-12-17 10:01:23,XOM,75.2,15,ASK
2018-12-17 10:01:23,XOM,75.18,15,BID
2018-12-17 10:01:23,XOM,75.2,13,ASK
2018-12-17 10:01:25,XOM,75.19,2,BID
2018-12-17 10:01:25,XOM,75.2,15,ASK
2018-12-17 10:01:26,XOM,75.18,19,BID
2018-12-17 10:01:25,XOM,75.2,16,ASK
2018-12-17 10:01:26,XOM,75.19,9,BID
2018-12-17 10:01:25,XOM,75.2,15,ASK
2018-12-17 10:01:26,XOM,75.18,27,BID
2018-12-17 10:01:25,XOM,75.2,16,ASK
2018-12-17 10:01:29,XOM,75.18,1,BID
2018-12-17 10:01:29,XOM,75.19,4,ASK
2018-12-17 10:01:30,XOM,75.17,15,BID
2018-12-17 10:01:30,XOM,75.19,4,ASK
2018-12-17 10:01:30,XOM,75.17,16,BID
2018-12-17 10:01:31,XOM,75.19,3,ASK
2018-12-17 10:01:30,XOM,75.17,16,BID
2018-12-17 10:01:31,XOM,75.19,3,ASK
2018-12-17 10:01:33,XOM,75.18,2,BID
2018-12-17 10:01:32,XOM,75.19,11,ASK
2018-12-17 10:01:32,XOM,75.17,9,BID
2018-12-17 10:01:32,XOM,75.19,14,ASK
2018-12-17 10:01:34,XOM,75.19,27,BID
2018-12-17 10:01:34,XOM,75.2,7,ASK
2018-12-17 10:01:32,XOM,75.17,19,BID
2018-12-17 10:01:36,XOM,75.18,1,ASK
2018-12-17 09:59:44,XOM,75.16,14,BID
2018-12-17 10:01:37,XOM,75.18,4,ASK
2018-12-17 10:01:37,XOM,75.18,11,BID
2018-12-17 10:01:37,XOM,75.19,3,ASK
2018-12-17 10:01:38,XOM,75.19,23,BID
2018-12-17 10:01:38,XOM,75.2,7,ASK
2018-12-17 10:01:40,XOM,75.18,15,BID
2018-12-17 10:01:39,XOM,75.2,11,ASK
2018-12-17 10:01:40,XOM,75.18,16,BID
2018-12-17 10:01:39,XOM,75.2,12,ASK
2018-12-17 10:01:40,XOM,75.18,13,BID
2018-12-17 10:01:39,XOM,75.2,12,ASK
2018-12-17 10:01:40,XOM,75.18,17,BID
2018-12-17 10:01:39,XOM,75.2,11,ASK
2018-12-17 10:01:44,XOM,75.18,13,BID
2018-12-17 10:01:39,XOM,75.2,12,ASK
2018-12-17 10:01:45,XOM,75.19,1,BID
2018-12-17 10:01:39,XOM,75.2,11,ASK
2018-12-17 10:01:44,XOM,75.18,16,BID
2018-12-17 10:01:39,XOM,75.2,15,ASK
2018-12-17 10:01:47,XOM,75.19,21,BID
2018-12-17 10:01:47,XOM,75.2,10,ASK
2018-12-17 10:01:44,XOM,75.18,19,BID
2018-12-17 10:01:48,XOM,75.19,2,ASK
2018-12-17 10:01:44,XOM,75.18,23,BID
2018-12-17 10:01:49,XOM,75.2,11,ASK
2018-12-17 10:01:50,XOM,75.19,4,BID
2018-12-17 10:01:50,XOM,75.2,7,ASK
2018-12-17 10:01:51,XOM,75.17,1,BID
2018-12-17 10:01:51,XOM,75.18,12,ASK
2018-12-17 10:01:52,XOM,75.17,1,BID
2018-12-17 10:01:51,XOM,75.18,10,ASK
2018-12-17 10:01:37,XOM,75.16,38,BID
2018-12-17 10:01:52,XOM,75.18,10,ASK
2018-12-17 10:01:53,XOM,75.17,7,BID
2018-12-17 10:01:53,XOM,75.19,10,ASK
2018-12-17 10:01:55,XOM,75.18,13,BID
2018-12-17 10:01:55,XOM,75.19,1,ASK
2018-12-17 10:01:55,XOM,75.2,8,BID
2018-12-17 10:01:55,XOM,75.21,13,ASK
2018-12-17 10:01:56,XOM,75.2,24,BID
2018-12-17 10:01:18,XOM,75.22,24,ASK
2018-12-17 10:01:58,XOM,75.21,1,BID
2018-12-17 10:01:18,XOM,75.22,23,ASK
2018-12-17 10:01:56,XOM,75.2,23,BID
2018-12-17 10:01:18,XOM,75.22,23,ASK
2018-12-17 10:02:00,XOM,75.2,23,BID
2018-12-17 10:02:00,XOM,75.22,11,ASK
2018-12-17 10:02:00,XOM,75.2,24,BID
2018-12-17 10:02:00,XOM,75.22,12,ASK
2018-12-17 10:02:02,XOM,75.22,1,BID
2018-12-17 10:02:01,XOM,75.23,8,ASK
2018-12-17 10:02:03,XOM,75.22,17,BID
2018-12-17 10:02:02,XOM,75.23,6,ASK
2018-12-17 10:02:03,XOM,75.22,17,BID
2018-12-17 10:02:02,XOM,75.23,7,ASK
2018-12-17 10:02:05,XOM,75.22,16,BID
2018-12-17 10:02:02,XOM,75.23,7,ASK
2018-12-17 10:02:06,XOM,75.22,7,BID
2018-12-17 10:02:05,XOM,75.23,20,ASK
2018-12-17 10:02:06,XOM,75.22,7,BID
2018-12-17 10:02:05,XOM,75.23,20,ASK
2018-12-17 10:02:08,XOM,75.23,6,BID
2018-12-17 10:02:08,XOM,75.24,16,ASK
2018-12-17 10:02:07,XOM,75.22,22,BID
2018-12-17 10:02:09,XOM,75.24,15,ASK
2018-12-17 10:02:10,XOM,75.22,49,BID
2018-12-17 10:02:10,XOM,75.24,15,ASK
2018-12-17 10:02:11,XOM,75.23,3,BID
2018-12-17 10:02:11,XOM,75.24,15,ASK
2018-12-17 10:02:12,XOM,75.22,47,BID
2018-12-17 10:02:12,XOM,75.23,22,ASK
2018-12-17 10:02:12,XOM,75.22,48,BID
2018-12-17 10:02:12,XOM,75.24,9,ASK
2018-12-17 10:02:14,XOM,75.23,3,BID
2018-12-17 10:02:12,XOM,75.24,15,ASK
2018-12-17 10:02:07,XOM,75.22,48,BID
2018-12-17 10:02:12,XOM,75.24,16,ASK
2018-12-17 10:02:07,XOM,75.22,47,BID
2018-12-17 10:02:16,XOM,75.24,11,ASK
2018-12-17 10:02:07,XOM,75.22,47,BID
2018-12-17 10:02:16,XOM,75.24,11,ASK
2018-12-17 10:02:07,XOM,75.22,47,BID
2018-12-17 10:02:18,XOM,75.23,1,ASK
2018-12-17 10:02:19,XOM,75.24,3,BID
2018-12-17 10:00:17,XOM,75.25,14,ASK
2018-12-17 10:02:19,XOM,75.23,10,BID
2018-12-17 10:00:17,XOM,75.25,20,ASK
2018-12-17 10:02:20,XOM,75.23,11,BID
2018-12-17 10:00:17,XOM,75.25,20,ASK
2018-12-17 10:02:22,XOM,75.23,7,BID
2018-12-17 10:00:17,XOM,75.25,20,ASK
2018-12-17 10:02:23,XOM,75.23,7,BID
2018-12-17 10:00:17,XOM,75.25,21,ASK
2018-12-17 10:02:07,XOM,75.22,47,BID
2018-12-17 10:02:23,XOM,75.23,1,ASK
2018-12-17 10:02:05,XOM,75.21,30,BID
2018-12-17 10:02:25,XOM,75.22,3,ASK
2018-12-17 10:02:00,XOM,75.2,30,BID
2018-12-17 10:02:26,XOM,75.21,9,ASK
2018-12-17 10:02:00,XOM,75.2,33,BID
2018-12-17 10:02:26,XOM,75.21,19,ASK
2018-12-17 10:02:00,XOM,75.2,23,BID
2018-12-17 10:02:26,XOM,75.21,19,ASK
2018-12-17 10:02:00,XOM,75.2,23,BID
2018-12-17 10:02:26,XOM,75.21,19,ASK
2018-12-17 10:02:30,XOM,75.19,16,BID
2018-12-17 10:02:30,XOM,75.2,9,ASK
2018-12-17 10:01:55,XOM,75.18,23,BID
2018-12-17 10:02:31,XOM,75.2,12,ASK
2018-12-17 10:01:55,XOM,75.18,20,BID
2018-12-17 10:02:32,XOM,75.19,1,ASK
2018-12-17 10:01:55,XOM,75.18,22,BID
2018-12-17 10:02:33,XOM,75.19,2,ASK
2018-12-17 10:01:55,XOM,75.18,18,BID
2018-12-17 10:02:34,XOM,75.19,18,ASK
2018-12-17 10:02:35,XOM,75.19,22,BID
2018-12-17 10:02:35,XOM,75.2,10,ASK
2018-12-17 10:02:35,XOM,75.19,26,BID
2018-12-17 10:02:26,XOM,75.21,25,ASK
2018-12-17 10:02:37,XOM,75.19,14,BID
2018-12-17 10:02:37,XOM,75.2,5,ASK
2018-12-17 10:02:37,XOM,75.19,11,BID
2018-12-17 10:02:37,XOM,75.2,6,ASK
2018-12-17 10:02:37,XOM,75.19,30,BID
2018-12-17 10:02:37,XOM,75.2,6,ASK
2018-12-17 10:02:37,XOM,75.19,31,BID
2018-12-17 10:02:40,XOM,75.2,7,ASK
2018-12-17 10:02:41,XOM,75.18,11,BID
2018-12-17 10:02:41,XOM,75.19,11,ASK
2018-12-17 10:02:42,XOM,75.17,14,BID
2018-12-17 10:02:42,XOM,75.19,7,ASK
2018-12-17 10:02:42,XOM,75.18,1,BID
2018-12-17 10:02:42,XOM,75.19,7,ASK
2018-12-17 10:02:44,XOM,75.17,11,BID
2018-12-17 10:02:42,XOM,75.19,12,ASK
2018-12-17 10:02:45,XOM,75.18,20,BID
2018-12-17 10:02:42,XOM,75.19,8,ASK
2018-12-17 10:02:45,XOM,75.19,15,BID
2018-12-17 10:02:41,XOM,75.2,14,ASK
2018-12-17 10:02:45,XOM,75.19,15,BID
2018-12-17 10:02:41,XOM,75.2,15,ASK
2018-12-17 10:02:44,XOM,75.17,20,BID
2018-12-17 10:02:48,XOM,75.19,18,ASK
2018-12-17 10:02:49,XOM,75.17,15,BID
2018-12-17 10:02:48,XOM,75.19,23,ASK
2018-12-17 10:02:50,XOM,75.17,17,BID
2018-12-17 10:02:50,XOM,75.18,1,ASK
2018-12-17 10:02:50,XOM,75.17,18,BID
2018-12-17 10:02:50,XOM,75.18,1,ASK
2018-12-17 10:02:52,XOM,75.17,17,BID
2018-12-17 10:02:52,XOM,75.18,3,ASK
2018-12-17 09:59:35,XOM,75.15,20,BID
2018-12-17 10:02:53,XOM,75.17,15,ASK
2018-12-17 10:02:54,XOM,75.16,1,BID
2018-12-17 10:02:53,XOM,75.17,12,ASK
2018-12-17 09:59:35,XOM,75.15,22,BID
2018-12-17 10:02:55,XOM,75.17,12,ASK
2018-12-17 10:02:55,XOM,75.16,3,BID
2018-12-17 10:02:55,XOM,75.17,8,ASK
2018-12-17 09:59:25,XOM,75.14,25,BID
2018-12-17 10:02:57,XOM,75.16,23,ASK
2018-12-17 09:59:25,XOM,75.14,23,BID
2018-12-17 10:02:57,XOM,75.16,22,ASK
2018-12-17 10:02:59,XOM,75.16,25,BID
2018-12-17 10:02:59,XOM,75.17,7,ASK
2018-12-17 09:59:25,XOM,75.14,23,BID
2018-12-17 10:03:00,XOM,75.15,5,ASK
2018-12-17 10:03:01,XOM,75.15,11,BID
2018-12-17 10:03:01,XOM,75.17,17,ASK
2018-12-17 10:03:02,XOM,75.16,7,BID
2018-12-17 10:03:02,XOM,75.17,18,ASK
2018-12-17 09:59:25,XOM,75.14,22,BID
2018-12-17 10:03:03,XOM,75.15,12,ASK
2018-12-17 10:03:04,XOM,75.15,2,BID
2018-12-17 10:03:04,XOM,75.16,14,ASK
2018-12-17 10:03:05,XOM,75.15,2,BID
2018-12-17 10:03:04,XOM,75.16,15,ASK
2018-12-17 10:03:06,XOM,75.15,2,BID
2018-12-17 10:03:04,XOM,75.16,13,ASK
2018-12-17 10:03:07,XOM,75.15,8,BID
2018-12-17 10:03:04,XOM,75.16,14,ASK
2018-12-17 09:59:25,XOM,75.14,22,BID
2018-12-17 10:03:04,XOM,75.16,11,ASK
2018-12-17 09:59:25,XOM,75.14,22,BID
2018-12-17 10:03:09,XOM,75.15,8,ASK
2018-12-17 10:03:10,XOM,75.16,10,BID
2018-12-17 10:03:04,XOM,75.16,8,ASK
2018-12-17 10:03:10,XOM,75.16,3,BID
2018-12-17 10:03:10,XOM,75.17,16,ASK
2018-12-17 10:03:11,XOM,75.16,2,BID
2018-12-17 10:03:10,XOM,75.17,16,ASK
2018-12-17 09:59:25,XOM,75.14,22,BID
2018-12-17 10:03:13,XOM,75.16,15,ASK
2018-12-17 09:59:25,XOM,75.14,22,BID
2018-12-17 10:03:13,XOM,75.16,15,ASK
2018-12-17 09:59:25,XOM,75.14,22,BID
2018-12-17 10:03:13,XOM,75.16,15,ASK
2018-12-17 09:59:25,XOM,75.14,22,BID
2018-12-17 10:03:13,XOM,75.16,15,ASK
2018-12-17 09:59:25,XOM,75.14,22,BID
2018-12-17 10:03:17,XOM,75.15,6,ASK
2018-12-17 10:03:18,XOM,75.13,15,BID
2018-12-17 10:03:18,XOM,75.15,13,ASK
2018-12-17 10:03:19,XOM,75.13,10,BID
2018-12-17 10:03:19,XOM,75.14,1,ASK
2018-12-17 10:03:20,XOM,75.13,11,BID
2018-12-17 10:03:20,XOM,75.14,3,ASK
2018-12-17 10:03:20,XOM,75.13,10,BID
2018-12-17 10:03:21,XOM,75.14,6,ASK
2018-12-17 10:03:22,XOM,75.13,20,BID
2018-12-17 10:03:22,XOM,75.14,6,ASK
2018-12-17 10:03:23,XOM,75.15,25,BID
2018-12-17 10:03:17,XOM,75.16,15,ASK
2018-12-17 10:03:23,XOM,75.14,17,BID
2018-12-17 10:03:23,XOM,75.15,3,ASK
2018-12-17 10:03:25,XOM,75.14,1,BID
2018-12-17 10:03:25,XOM,75.15,7,ASK
2018-12-17 10:03:22,XOM,75.13,14,BID
2018-12-17 10:03:25,XOM,75.15,7,ASK
2018-12-17 10:03:22,XOM,75.13,14,BID
2018-12-17 10:03:25,XOM,75.15,7,ASK
2018-12-17 10:03:28,XOM,75.15,17,BID
2018-12-17 10:03:28,XOM,75.16,13,ASK
